4612 6404
1026 661 1152 729 ouium
1178 661 1274 714 rins.
1796 643 1868 712 315

431 827 535 920 plena
552 823 641 894 fides
657 824 702 893 de
722 823 790 893 biis
810 824 974 892 omnibus
993 822 1204 892 adhibeatur
1222 843 1291 913 que
1306 822 1351 890 ad
1371 842 1493 891 eorum
1513 818 1666 889 ollicium
1687 822 1864 911 pertinere

432 935 644 1005 noscuntur,
666 924 744 991 siue
760 921 880 1013 aliquo
899 921 1098 1012 specialiter
1117 915 1158 1016 [P
1176 919 1243 987 168
1259 915 1295 1016 b]
1315 919 1458 1010 prestito
1469 919 1693 1008 juramento,
1714 918 1771 986 ubi
1792 919 1863 988 duo

433 1021 488 1092 vel
510 1032 580 1090 tres
596 1041 659 1090 seu
680 1019 798 1111 plures
820 1030 1000 1111 presentes
1020 1019 1149 1088 luerint
1169 1039 1214 1088 ex
1233 1019 1381 1087 eisdem.

481 1120 588 1190 Porro
608 1139 686 1187 cum
708 1115 875 1186 elliciales
888 1115 939 1208 (l)
957 1116 1061 1205 bujus
1080 1117 1257 1204 eliguntur
1270 1117 1390 1206 jurent
1410 1115 1473 1184 bec
1488 1115 1606 1185 omnia
1625 1113 1753 1205 exequi
1776 1111 1863 1184 fide·

433 1218 513 1287 liter
532 1228 566 1285 et
586 1236 649 1309 pro
669 1236 771 1308 posse
790 1235 831 1283 ac
849 1236 954 1305 super
974 1213 1042 1282 biis
1057 1236 1195 1306 semper
1215 1234 1344 1283 meram
1366 1212 1483 1282 dicere
1503 1213 1711 1295 veritatem;
1732 1212 1863 1302 quibus

434 1317 478 1385 ab
496 1314 661 1385 omnibus
684 1315 719 1381 in
740 1312 897 1404 hiisque
918 1312 963 1381 ad
988 1311 1140 1381 officium
1166 1333 1287 1382 eorum
1317 1314 1493 1401 pertinent
1522 1310 1658 1402 plenius
1681 1325 1862 1400 pareatum

434 1425 470 1483 et
495 1424 563 1482 tam
585 1411 668 1481 dicti
694 1410 880 1480 duodecim
901 1430 1006 1501 quam
1031 1411 1227 1479 servientes
1250 1420 1285 1478 et
1312 1409 1437 1476 notarii
1467 1408 1659 1500 pretaxati,
1680 1407 1785 1474 simul
1808 1408 1863 1476 vel

436 1510 597 1591 divisim,
622 1508 810 1600 plenariam
834 1508 1070 1600 precipiendi,
1091 1509 1157 1576 sub
1177 1508 1275 1598 penis
1295 1519 1330 1575 et
1349 1506 1475 1574 bannis
1497 1505 1622 1575 taxatis
1643 1518 1678 1574 et
1697 1505 1864 1596 expensis

435 1611 469 1676 in
490 1606 798 1677 constitutionibus
817 1606 1045 1697 infrascriptis
1061 1628 1131 1696 que
1147 1605 1192 1673 ad
1210 1603 1366 1675 ol'licium
1383 1594 1488 1672 suuni
1505 1604 1695 1695 pertinent,
1714 1601 1865 1671 babeant

438 1717 657 1797 potestatem.

483 1801 621 1872 Possint
639 1813 757 1872 autem
779 1800 946 1871 officiales
967 1801 1114 1893 predicti
1136 1801 1378 1872 communitati
1399 1799 1523 1873 castri,
1549 1800 1671 1888 burgi,
1694 1819 1755 1867 seu
1781 1800 1864 1867 ville

437 1901 615 1992 precipere
634 1900 701 1969 sub
720 1921 809 1991 pena
831 1912 865 1968 et
885 1900 1002 1968 banuo
1027 1900 1201 1990 usquead
1227 1900 1398 1968 ducentas
1424 1897 1583 1966 marchas
1602 1898 1735 1986 argenti
1757 1909 1792 1965 et
1814 1898 1864 1965 ul·

438 2010 508 2076 tra,
530 1998 575 2067 ad
600 1998 781 2066 arbitrium
809 1998 989 2088 potestatis
1013 2019 1075 2066 seu
1099 1999 1241 2067 rectoris
1268 1996 1421 2065 civitatis
1447 1996 1501 2063 vel
1528 1995 1593 2063 loci
1615 1996 1649 2062 in
1675 1996 1774 2084 cujus
1794 1995 1864 2064 dis·

438 2095 538 2164 trictu
559 2096 614 2164 vel
632 2095 862 2185 juridictione
882 2095 1030 2175 luerint,
1053 2095 1146 2185 quod
1171 2093 1332 2187 potestati
1353 2114 1414 2162 seu
1441 2093 1567 2162 rectori
1589 2093 1643 2161 vel
1666 2093 1864 2184 dyocesano

436 2203 496 2262 aut
520 2195 596 2282 ejus
623 2195 756 2263 vicario
785 2192 854 2262 seu'
873 2192 1140 2283 inquisitoribus
1168 2195 1223 2261 vel
1246 2191 1443 2283 inquisitori
1471 2190 1649 2260 videbitur
1672 2190 1862 2282 expedire,

436 2302 638 2382 presentent
666 2291 754 2360 inlra
777 2288 1018 2383 prefigendum
1044 2292 1095 2360 eis
1125 2291 1309 2361 terminum
1331 2301 1588 2381 competentem
1616 2308 1739 2359 omnes
1764 2287 1864 2358 bere-

436 2388 522 2457 ticos
542 2400 577 2457 et
595 2388 767 2458 hereticas
784 2409 873 2480 quos
893 2400 1025 2479 etquas
1045 2389 1128 2458 dicti
1148 2386 1316 2458 olliciales
1336 2388 1402 2456 sibi
1425 2386 1592 2456 duxerint
1610 2387 1863 2476 assignandos,

436 2497 471 2555 et
490 2498 643 2578 potestas
660 2508 722 2557 seu
745 2499 894 2557 rectora
915 2508 984 2556 non
1004 2487 1228 2556 servantibus
1251 2497 1451 2578 preceptum
1472 2506 1535 2554 seu
1558 2484 1713 2552 bannum
1736 2505 1862 2575 penam

436 2581 638 2672 hujusmodi
662 2584 806 2675 exigere
827 2595 1023 2654 teneantur.

485 2680 640 2751 Potestas
677 2693 793 2752 autem
829 2683 885 2751 vel
921 2685 1148 2773 capitaneus,
1188 2684 1372 2759 consules,
1408 2703 1471 2752 seu
1505 2692 1680 2764 rectores,
1715 2681 1770 2750 vel
1805 2682 1866 2751 alii

436 2771 479 2944 qb
498 2778 564 2846 168
584 2775 617 2875 c]
639 2779 840 2868 hujusmodi
856 2802 1080 2871 quocumque
1097 2781 1268 2850 vocabulo
1283 2790 1508 2861 censeantur,
1527 2789 1715 2848 teneantur
1733 2778 1866 2849 babere

463 2896 534 2945 rma
555 2889 590 2946 et
617 2889 688 2946 rata
706 2879 824 2948 omnia
856 2882 1018 2970 precepta
1044 2899 1114 2970 qne
1139 2881 1324 2948 occasione
1347 2876 1450 2948 officii
1474 2877 1528 2945 sui
1552 2877 1698 2946 lecerint
1724 2878 1794 2946 duo
1819 2898 1865 2947 ex

437 2973 523 3065 ipsis
537 2995 600 3044 seu
623 2975 764 3066 plures,
787 2987 821 3045 et
842 2996 950 3067 penas
969 2976 1114 3064 exigere
1133 2997 1202 3046 non
1224 2977 1457 3046 servantium.

484 3069 585 3154 Quod
603 3076 634 3143 si
651 3073 753 3144 dictis
774 3071 982 3143 officialibus
999 3073 1119 3165 aliquo
1139 3087 1295 3165 tempore
1310 3074 1455 3163 aliquod
1471 3074 1661 3164 dampnum
1679 3074 1866 3162 contigerit

438 3169 472 3238 in
492 3172 649 3261 personis
667 3172 723 3241 vel
746 3172 850 3240 rebus
872 3193 933 3263 pro
954 3172 1027 3240 suis
1047 3170 1172 3242 ollieiis
1193 3172 1441 3263 exequendis,
1469 3192 1488 3239 a
1510 3171 1688 3241 communi
1712 3172 1865 3241 civitatis

436 3267 491 3336 vel
512 3268 577 3337 loci
598 3291 658 3360 per
679 3269 933 3338 restitutionem
955 3271 1145 3361 plenariam
1162 3281 1352 3340 serventur
1372 3270 1601 3360 indempnes3
1623 3290 1687 3338 nec
1706 3272 1773 3361 ipsi
1793 3269 1867 3341 olli·

435 3364 541 3435 ciales
561 3368 616 3436 vel
639 3366 787 3437 heredes
814 3388 935 3437 eorum
961 3368 1094 3458 possint
1118 3368 1240 3458 aliquo
1271 3379 1426 3458 tempore
1446 3369 1627 3437 conveniri
1648 3367 1692 3435 de
1711 3367 1778 3436 biis
1796 3390 1866 3458 que

437 3461 582 3532 iecerint
600 3466 656 3534 vel
680 3466 853 3556 pertinent
882 3465 926 3534 ad
952 3487 1072 3534 eorum
1100 3463 1275 3543 officium,
1308 3467 1373 3534 nisi
1394 3466 1588 3535 secundum
1613 3465 1709 3556 quod
1731 3465 1864 3535 eisdem

435 3558 634 3652 dyocesano
657 3563 712 3631 vel
735 3562 1000 3653 inquisitoribus
1020 3564 1075 3632 vel
1099 3563 1299 3653 inquisitori
1322 3563 1502 3633 videbitur
1516 3564 1700 3655 expedire.

483 3657 639 3751 ipsorum
662 3672 778 3729 autem
801 3657 952 3729 officium
975 3661 1078 3730 duret
1103 3661 1345 3730 tautummodo
1377 3683 1439 3753 per
1458 3682 1521 3730 sex
1544 3681 1704 3743 menses,
1735 3661 1864 3753 quibus

435 3757 638 3848 completis,
659 3770 811 3848 potestas
832 3759 887 3827 vel
908 3761 1122 3850 quicumque
1141 3759 1251 3850 ipsius
1271 3759 1424 3828 civitatis
1441 3760 1497 3828 vel
1514 3759 1579 3828 loci
1600 3759 1759 3849 regimini
1784 3780 1864 3849 pre-

338 3913 347 3933 ,
434 3853 564 3923 luerint
591 3866 774 3924 teneantur
805 3855 947 3925 totidem
976 3857 1169 3947 subrogare
1189 3853 1360 3925 officiales
1379 3858 1574 3927 secundum
1596 3856 1741 3928 lormam
1764 3878 1861 3949 pres·

434 3951 603 4043 criptam,
626 3953 684 4043 qui
704 3954 896 4043 predictum
917 3952 1070 4023 officium
1097 3953 1290 4038 secundum
1314 3954 1459 4024 lormam
1482 3956 1630 4024 eandem
1648 3958 1682 4022 in
1704 3956 1781 4025 aliis
1799 3976 1864 4025 sex

436 4051 616 4119 mensibus
635 4051 865 4141 sequentibus
885 4063 1121 4143 exequantur.

482 4146 573 4217 Sane
593 4148 678 4239 ipsis
698 4147 827 4218 dentur
855 4147 1063 4219 officialibus
1090 4150 1134 4219 de
1153 4170 1292 4219 camera
1315 4152 1511 4220 communis
1534 4151 1699 4242 predicti,
1721 4153 1865 4243 quando

435 4246 612 4314 exiverint
638 4246 815 4315 civitatem
843 4258 903 4315 aut
933 4249 1046 4317 locum
1077 4267 1139 4340 pro
1170 4248 1236 4318 boc
1264 4245 1379 4317 ollicio
1411 4249 1641 4340 exequendo,
1675 4251 1864 4342 unicuique

435 4362 498 4433 pro
517 4342 675 4433 quolibet
693 4342 752 4413 die
779 4345 850 4414 duo
881 4343 984 4414 solidi
1006 4344 1245 4415 Parmensium
1277 4346 1333 4414 vel
1364 4344 1600 4436 imperialium
1631 4349 1667 4415 in
1696 4350 1863 4440 peccunia

435 4453 633 4525 numerata,
653 4441 748 4532 quod
770 4453 944 4534 potestas,
964 4442 1190 4534 capitaneus,
1211 4443 1332 4512 consul
1350 4443 1406 4512 vel
1424 4456 1538 4515 rector
1555 4453 1617 4514 aut
1636 4444 1725 4515 alins
1743 4447 1863 4537 hujus·

435 4537 528 4608 modi
560 4549 745 4608 teneantur
764 4541 815 4608 eis
840 4539 925 4609 dare
952 4540 1007 4608 vel
1030 4539 1105 4609 dari
1134 4542 1248 4610 lacere
1274 4541 1362 4609 inlra
1392 4544 1536 4611 tercium
1556 4542 1650 4611 diem
1679 4557 1862 4636 postquam

433 4635 603 4705 redierint
622 4637 665 4706 ad
687 4636 834 4706 eandem
856 4637 1034 4707 civitatem
1058 4631 1099 4732 [1ο
1116 4637 1184 4705 168
1205 4634 1242 4733 d]
1265 4638 1319 4707 vel
1342 4637 1478 4725 locum,
1500 4652 1534 4710 et
1555 4639 1698 4730 insuper
1719 4643 1861 4712 terciam

434 4743 565 4826 partem
587 4734 759 4804 bonorum
781 4734 1014 4804 hereticorum
1036 4748 1070 4803 et
1091 4744 1348 4827 receptatornm
1371 4757 1493 4807 eorum
1518 4758 1588 4829 que
1613 4740 1864 4832 occupaverint

469 5043 505 5110 (1)
521 5039 562 5096 En
579 5043 699 5113 vegard,
716 5043 772 5096 alu
787 5059 902 5113 mange,
918 5044 1112 5098 lucrementum
1128 5044 1293 5110 officialium
1307 5043 1464 5097 electorum.
