4612 6404
442 582 515 652 sto
732 595 895 649 emerius
920 595 1161 662 ruoursrrtorus
1188 596 1351 649 aannrtcn
1376 594 1590 649 ranvrrnrrs.

443 776 519 826 rem
547 766 582 824 et
609 755 880 848 receptationem
907 765 942 823 et
969 753 1211 824 defensionem
1240 753 1473 825 hereticorum
1501 754 1756 847 cujuscumque
1787 764 1886 825 secta

445 853 655 945 reprobate,
690 852 972 943 quibuscumque
1000 853 1203 922 nominibus
1234 862 1440 937 censeatur,
1460 864 1496 923 et
1528 850 1727 943 specialiter
1757 852 1887 942 abjuro

441 962 571 1020 sectam
600 950 736 1019 illorum
758 962 793 1019 et
813 948 963 1019 heresim
983 950 1044 1040 qui
1064 970 1102 1019 se
1125 950 1210 1021 falso
1235 951 1357 1020 dicunt
1378 963 1497 1020 tenere
1518 949 1613 1018 illam
1646 949 1754 1019 vitam
1775 972 1885 1042 quam

443 1048 564 1117 dicunt
581 1048 806 1141 apostolicam
826 1059 861 1116 et
879 1047 1066 1139 perfectam
1088 1049 1210 1130 vitam,
1232 1069 1294 1118 seu
1316 1047 1414 1116 illum
1435 1047 1596 1116 ordinem
1617 1046 1884 1140 Pseudo-apos·
2006 1098 2014 1116 .

444 1146 591 1217 tolorum
612 1166 716 1237 quem
735 1147 991 1215 sedesromana
1012 1156 1047 1215 et
1065 1147 1255 1238 apostolica
1274 1145 1418 1215 minime
1437 1143 1660 1237 approbavit,
1682 1157 1737 1215 set
1759 1147 1887 1237 pocius

443 1244 662 1335 reprobavit,
685 1243 751 1314 sub
774 1263 861 1335 pena
880 1264 949 1335 que
969 1242 1014 1312 de
1029 1244 1109 1333 jure
1130 1243 1280 1314 debetur
1300 1242 1447 1335 relapsis
1467 1243 1502 1310 in
1523 1241 1677 1312 heresim
1698 1242 1734 1311 in
1753 1243 1887 1332 juditio

440 1341 649 1431 abjuratam.
670 1340 768 1424 lteru,
784 1342 949 1432 promitto
960 1350 996 1410 et
1009 1340 1092 1429 juro
1114 1363 1169 1411 me
1188 1362 1251 1433 pro
1272 1362 1376 1434 posse
1395 1361 1474 1410 uteo
1492 1341 1658 1432 persequi
1671 1351 1707 1409 et
1722 1340 1887 1411 revelare

440 1459 502 1507 seu
514 1440 679 1530 detegere
690 1438 865 1509 hereticos
876 1449 911 1508 et
925 1437 1109 1508 credentes
1121 1451 1156 1508 et
1169 1440 1326 1509 lautores
1337 1451 1372 1509 et
1383 1448 1618 1531 receptatores
1629 1449 1663 1508 et
1677 1437 1888 1509 delensores

440 1556 576 1616 eorum,
591 1556 632 1606 ac
647 1536 751 1605 etiam
771 1557 834 1627 pro
850 1536 965 1606 heresi
983 1535 1181 1626 lugittivos,
1196 1549 1232 1607 et
1245 1537 1445 1629 specialiter
1456 1536 1502 1606 de
1517 1535 1610 1604 dicta
1624 1546 1719 1606 secta
1729 1535 1887 1607 Pseudo·

439 1633 701 1726 apostolorum,
723 1633 1018 1724 quandocumque
1037 1645 1073 1702 et
1089 1633 1302 1726 ubicumque
1318 1635 1457 1704 scivero
1474 1654 1536 1703 eos
1555 1652 1634 1703 esse
1653 1633 1711 1701 vel
1727 1633 1883 1725 aliquem

440 1730 484 1801 de
500 1732 678 1823 predictis.
694 1731 793 1814 ltem,
812 1733 977 1823 promitto
987 1743 1021 1801 et
1035 1731 1119 1820 juro
1139 1733 1234 1822 quod
1250 1732 1377 1802 tenebo
1392 1744 1427 1801 et
1445 1731 1597 1801 servabo
1606 1728 1712 1800 fidem
1729 1730 1883 1802 catholi-

438 1849 513 1897 cam
535 1849 639 1919 quam
663 1828 818 1898 Romana
838 1829 991 1898 Ecclesia
1013 1830 1170 1921 predicat
1189 1842 1224 1900 et
1243 1830 1423 1900 observat.
1443 1829 1541 1914 ltem,
1562 1827 1726 1920 promitto
1746 1840 1782 1899 et
1800 1830 1884 1919 juro

438 1926 533 2018 quod
553 1927 683 2019 parebo
703 1926 877 1996 mandatis
898 1927 1052 1996 Ecclesia
1072 1938 1107 1997 et
1125 1927 1252 1997 vestris
1270 1922 1311 2023 [l0
1329 1927 1396 1995 l88
1413 1922 1450 2023 d]
1472 1947 1513 1996 ac
1532 1947 1776 1997 successorum
1797 1948 1883 1999 ves·

440 2033 587 2108 trorum,
609 2034 644 2094 et
662 2024 755 2115 quod
775 2025 940 2117 recipiam
962 2037 998 2094 et
1014 2046 1078 2116 pro
1099 2046 1202 2117 posse
1219 2045 1297 2094 meo
1313 2023 1488 2117 perficiam
1506 2035 1541 2094 et
1551 2023 1735 2115 complebo
1752 2044 1882 2116 penam

436 2143 498 2191 seu
521 2122 747 2212 penitentiam
769 2143 874 2213 quam
895 2143 959 2192 vos
980 2123 1036 2191 vel
1054 2122 1121 2215 ipsi
1141 2123 1223 2191 mihi
1240 2122 1414 2192 duxeritis
1429 2122 1680 2215 imponendam
1693 2143 1757 2191 seu
1771 2124 1881 2197 etiam

436 2220 701 2309 injungendam,
724 2231 759 2288 et
778 2220 873 2310 quod
891 2241 1067 2311 uunquam
1092 2221 1221 2311 tugiam
1242 2241 1306 2289 nec
1322 2241 1377 2289 me
1395 2221 1649 2290 contumaciter
1664 2219 1880 2306 absentabo,

435 2327 489 2387 set
515 2317 654 2386 veniam
681 2339 798 2387 coram
827 2317 928 2387 vobis
953 2317 1009 2387 vel
1037 2317 1123 2410 ipsis
1149 2318 1192 2387 ad
1218 2317 1311 2386 diem
1339 2330 1373 2387 et
1398 2318 1495 2406 dies,
1517 2316 1815 2411 quandocumque
1842 2330 1882 2391 et

436 2415 757 2506 quocienscumque
791 2415 890 2484 luero
917 2415 1104 2485 mandatus
1129 2437 1192 2486 seu
1221 2415 1433 2506 requisitus3
1454 2427 1490 2485 et
1507 2415 1551 2486 ad
1573 2414 1639 2484 hoc
1658 2426 1693 2484 et
1717 2435 1779 2507 pro
1810 2415 1881 2487 hoc

436 2512 554 2603 obligo
577 2524 684 2587 meet
703 2512 819 2583 omnia
841 2513 933 2582 bona
955 2532 1044 2583 mea.

433 2819 467 2882 8.
492 2820 634 2884 Littera
651 2820 793 2884 directa
809 2822 858 2884 ad
873 2827 998 2900 partes
1018 2821 1209 2900 Hyspenie
1226 2828 1357 2885 contre
1374 2828 1580 2886 sectatores
1601 2821 1750 2887 Dulcinl
1773 2821 1881 2884 here·

593 2928 659 2990 tici
675 2929 737 3007 qui
752 2944 789 2990 se
807 2926 901 2991 falso
913 2926 1050 2991 christi
1065 2928 1261 3007 Apostolos
1277 2928 1474 2993 nominent
1488 2935 1525 2992 et
1539 2927 1712 2992 letentur.

484 3197 754 3268 Venerabilibus
786 3199 820 3266 in
849 3197 986 3269 Christo
1015 3198 1173 3290 patribus
1201 3219 1242 3268 ac
1276 3198 1430 3271 dominis
1460 3201 1667 3271 reverendis
1700 3200 1879 3272 universis

434 3294 663 3365 ecclesiarum
680 3296 823 3388 prelatis
839 3317 880 3366 ac
895 3294 1068 3386 religiosis
1084 3295 1170 3365 viris
1187 3296 1352 3367 iratribus
1367 3297 1627 3368 Predicatorum
1647 3309 1681 3368 et
1700 3298 1876 3370 Minorum

432 3391 654 3483 aliorumque
681 3393 846 3463 ordinum
868 3393 1026 3484 ejusdem
1054 3394 1229 3484 regionis,
1251 3394 1463 3465 zelatoribus
1492 3394 1574 3465 fidei
1599 3395 1740 3468 Domini
1767 3390 1876 3467 lhe'su

430 3488 557 3559 Christi
579 3490 613 3559 ln
636 3491 794 3583 partibus
813 3492 1002 3582 Hispanis,
1020 3491 1065 3561 ad
1085 3512 1173 3581 quos
1196 3502 1376 3583 presentes
1397 3492 1511 3562 littere
1535 3494 1786 3585 pervenerint,
1807 3494 1877 3565 lra-

432 3597 483 3657 ter
506 3586 706 3657 Bernardus
731 3587 902 3658 Guidouis
927 3588 1062 3659 ordinis
1081 3588 1364 3672 Predicatorum,
1394 3591 1580 3681 inquisitor
1606 3590 1762 3661 heretice
1793 3614 1876 3684 pra·

431 3684 548 3756 vitatis
571 3686 605 3753 in
626 3707 734 3776 regno
762 3686 906 3756 Francie
926 3698 961 3756 et
980 3680 1188 3779 specialiter
1201 3687 1235 3755 in
1258 3688 1415 3780 partibus
1436 3688 1643 3760 Tholosanis
1661 3690 1875 3761 auctoritate

431 3782 526 3852 sedis
546 3784 738 3875 apostolice
758 3783 965 3877 deputatus,
987 3796 1143 3854 eternam
1169 3785 1317 3855 salutem
1340 3786 1374 3854 in
1395 3799 1513 3857 actore
1532 3798 1568 3857 et
1587 3801 1876 3858 consummatore

431 3878 513 3950 fidei
534 3891 568 3950 et
585 3879 709 3951 salutis
729 3882 878 3953 Domino
897 3881 1003 3952 ihesu
1021 3881 1170 3952 Christo.
1184 3922 1232 3937 —-
1250 3883 1304 3952 Ad
1324 3883 1532 3976 extirpanda
1548 3884 1593 3954 de
1613 3884 1730 3955 medio
1749 3884 1873 3977 populi

431 3976 620 4047 Christiani
639 3979 858 4071 zizaniaque
879 3978 1142 4049 habundantius
1169 3983 1203 4048 in
1223 3980 1291 4049 hiis
1315 3993 1407 4051 retro
1428 3983 1530 4051 annis
1549 3993 1872 4074 supercreverunt,

430 4076 627 4145 seminante
649 4077 707 4145 illa
726 4078 939 4148 zizaniorum
957 4090 1074 4147 satore
1089 4077 1231 4148 diabolo
1246 4080 1403 4164 inimico,
1423 4089 1519 4148 tanto
1532 4080 1726 4149 studiosius
1743 4079 1874 4170 invigi-

432 4172 574 4242 landum
598 4186 652 4243 est
670 4186 803 4265 quanto
831 4175 1064 4267 perniciosius
1092 4175 1315 4266 negligentur
1334 4176 1369 4244 in
1397 4197 1519 4246 necem
1540 4176 1701 4247 catholici
1723 4177 1874 4249 seminis

431 4273 615 4363 pervagari
638 4285 673 4340 et
700 4272 734 4339 in
763 4284 895 4341 tautum
917 4293 1185 4364 supercrescere
1209 4273 1304 4363 quod
1333 4273 1484 4343 triticum
1506 4294 1592 4345 vere
1611 4273 1695 4343 fidei
1724 4275 1759 4343 in
1784 4295 1873 4366 agro

430 4367 615 4439 Dominico
634 4369 861 4440 suffocarent.
879 4370 1017 4438 Dudum
1038 4370 1067 4438 si
1087 4369 1244 4461 quidem,
1265 4370 1356 4441 sicut
1376 4371 1476 4441 nobis
1491 4381 1526 4440 et
1543 4372 1669 4442 ceteris
1686 4371 1872 4463 inquisito·

430 4466 528 4536 ribus
551 4461 591 4562 [1⁰
610 4465 678 4533 l89
693 4463 727 4563 a]
751 4466 904 4537 heretice
925 4467 1108 4559 pravitatis
1129 4468 1367 4558 multipliciter·
1392 4479 1610 4560 compertum
1631 4477 1685 4538 est
1711 4480 1746 4539 et
1766 4490 1872 4562 aper·

431 4575 502 4632 tum
529 4579 564 4634 et
584 4564 745 4634 ellectum
768 4575 821 4633 est
841 4566 1018 4635 notorium
1048 4566 1082 4633 in
1105 4566 1262 4657 partibus
1284 4568 1436 4635 maxime
1460 4565 1690 4651 lombardie,
1720 4567 1778 4638 ille
1798 4567 1868 4637 hu·

431 4662 524 4730 mani
552 4665 693 4753 generis
722 4662 891 4753 pervicax
919 4664 1081 4732 inimicus
1108 4663 1168 4753 qui
1200 4663 1245 4732 ab
1276 4663 1376 4734 initio
1415 4663 1514 4732 visus
1555 4675 1609 4733 est
1645 4663 1868 4756 omnipharia

430 4778 493 4827 sua
524 4757 669 4852 perfidia
697 4781 738 4829 ac
772 4760 906 4829 invidia
939 4761 1087 4830 salutem
1123 4759 1274 4830 hominis
1298 4761 1489 4852 impedire,
1524 4761 1716 4832 novissime
1739 4762 1869 4833 diebus
1954 4852 1957 4857 Ι

430 4854 524 4941 istis,
546 4857 591 4925 ab
609 4856 711 4925 annis
731 4877 800 4926 uon
828 4857 947 4950 paucis
971 4859 1078 4941 citra,
1101 4879 1162 4948 per
1181 4858 1369 4949 quemdam
1397 4878 1461 4927 sue
1482 4860 1644 4950 nequicie
1666 4860 1867 4929 ministrum

429 4963 466 5020 et
483 4955 681 5046 operarium
699 4955 892 5046 iniquitatis
906 4953 1099 5025 Gerardum
1114 4954 1282 5044 Segarelli
1298 4955 1342 5025 de
1356 4955 1478 5024 Parma
1494 4959 1637 5026 nomine
1653 4968 1690 5027 et
1706 4958 1866 5046 natione,
