4574 6404
436 661 504 731 tea
724 676 886 729 uuscrrca
912 676 1152 742 tuqursrrtouts
1180 673 1343 728 aramme
1368 673 1579 726 susurrans.

436 834 650 905 audientiam
677 836 816 904 testium
843 845 878 904 et
903 834 1052 919 similia,
1081 833 1118 906 C.
1141 834 1186 904 de
1207 833 1317 924 judic.
1340 830 1517 922 ajodice,
1540 830 1647 902 Extra
1676 833 1720 902 de
1749 831 1872 904 officio

436 932 588 1024 delegati
607 957 614 999 :
634 930 754 1025 Super
769 932 997 1025 questionum.

486 1029 517 1120 a)
542 1029 655 1114 Nono,
680 1041 829 1122 possunt
853 1029 1025 1100 accersire
1045 1030 1196 1123 peritos,
1214 1040 1252 1097 ut
1271 1027 1337 1097 sibi
1358 1027 1392 1095 in
1414 1026 1567 1096 terendis
1586 1028 1769 1124 sententiis
1789 1051 1871 1122 pre·

437 1127 543 1197 beant
561 1126 745 1197 consilium
766 1128 870 1197 eleis
889 1127 1067 1198 assistant.

475 1223 517 1316 J)
541 1224 696 1311 Decimo,
724 1234 872 1317 possunt
896 1245 1093 1296 convocare
1116 1225 1247 1295 clerum
1267 1235 1302 1293 et
1321 1222 1487 1315 populum
1507 1222 1710 1309 civitatum,
1731 1237 1870 1297 castro-

438 1344 514 1391 rum
534 1323 754 1415 aliorumque
771 1321 939 1392 locorum.
957 1323 1007 1394 lle
1023 1322 1188 1416 predictis
1203 1320 1342 1391 duobus
1363 1317 1512 1390 babetur
1529 1321 1562 1388 in
1585 1321 1696 1389 littera
1715 1322 1872 1392 Alexan-

437 1420 489 1488 dri
506 1440 595 1513 pape
611 1419 690 1488 1111ιί
709 1420 817 1513 priori
832 1419 1092 1491 predicatorum
1110 1418 1379 1490 Parisiensiom:
1400 1415 1479 1487 Pre
1496 1418 1640 1488 eunctis.
1663 1417 1714 1487 Et
1732 1418 1868 1512 infra:

435 1515 660 1587 Convocandi
672 1518 777 1586 etiam
790 1519 920 1587 clerum
936 1528 972 1587 et
988 1519 1152 1611 populum
1168 1518 1369 1599 civitatum,
1386 1528 1421 1584 et
1436 1528 1627 1586 castrorum
1644 1516 1869 1608 aliorumque

436 1614 606 1694 locorum,
629 1635 764 1684 necnon
788 1617 964 1708 sapientes
988 1628 1023 1685 et
1044 1616 1212 1685 discretos
1233 1615 1352 1695 viros,
1377 1625 1479 1703 prout
1498 1614 1659 1683 videritis
1679 1615 1866 1708 expedire,

436 1712 479 1781 ad
508 1723 601 1781 tuam
630 1713 801 1782 evocandi
832 1716 1064 1805 presentiam,
1087 1726 1263 1782 uteorum
1292 1711 1399 1780 utaris
1418 1711 1580 1796 consilio,
1602 1712 1688 1780 etin
1711 1713 1869 1785 ferendis

435 1809 620 1879 sententiis
644 1820 764 1879 contra
794 1810 889 1902 ipsos
915 1809 1088 1881 hereticos
1126 1811 1308 1891 intersint,
1342 1829 1382 1877 ac
1412 1809 1545 1878 eisdem
1575 1811 1794 1900 sapientibus
1830 1824 1866 1880 ut

436 1907 619 2000 tibi'super
633 1905 700 1977 boc
714 1920 859 1999 pareant
873 1912 909 1976 in
926 1911 1056 1978 virtute
1073 1907 1275 1978 obedientie
1290 1907 1406 1976 arcius
1424 1906 1645 1997 injungendi.
1666 1906 1717 1976 Et
1730 1907 1836 2000 infro

434 2003 508 2074 Tibi
518 2006 1330 2099 auctoritatepresentiumplenamconcedimus
1340 2003 1553 2074 lacrrltatem.
1566 2003 1720 2085 -ltem,
1740 2006 1774 2073 in
1796 2007 1867 2076 alia

434 2100 548 2172 littera
571 2102 727 2192 ejusdem
750 2102 940 2173 Alexandri
963 2126 1051 2197 pape
1076 2101 1344 2196 inquisitoribus
1365 2101 1595 2171 Tholosanis:
1620 2099 1810 2194 Cupientes
1829 2111 1869 2174 nt

433 2199 664 2292 inquisitionis
680 2201 880 2290 nepooione.
899 2200 951 2271 Et
973 2200 1076 2282 infre
1094 2227 1104 2269 :
1126 2198 1347 2271 Convocandi
1374 2199 1505 2268 clerum
1526 2210 1561 2269 et
1581 2200 1746 2292 populum
1772 2202 1865 2271 civi·

435 2307 564 2379 tatum,
581 2309 773 2368 castrorum
790 2299 1009 2392 aliorumque
1028 2299 1182 2370 locorum
1199 2308 1317 2368 contra
1340 2297 1425 2365 tales
1441 2297 1487 2366 ita
1507 2298 1591 2366 utin
1610 2298 1762 2367 ferendis
1778 2320 1865 2369 sen·

435 2395 683 2465 tentiiscontra
695 2398 790 2488 ipsos
802 2397 943 2490 possitis
955 2397 1084 2490 peritos
1097 2398 1325 2479 etdiscretos,
1338 2394 1659 2487 proutexpedierit‚
1672 2396 1864 2467 advocare.

433 2492 589 2586 -ltem,
604 2493 637 2561 in
657 2488 697 2589 [l0
719 2493 787 2561 l06
805 2491 839 2591 a]
854 2494 966 2565 littera
979 2494 1168 2565 Clementis
1178 2492 1353 2586 papellll¹i
1377 2493 1642 2584 inquisitoribus
1658 2494 1868 2564 inLombar·
1913 2504 1916 2509 ’

432 2590 487 2657 dia
509 2589 624 2661 :Licet
642 2613 689 2661 eoo
705 2591 875 2662 omnibns.
887 2592 1042 2685 -ltem‚
1058 2594 1091 2661 in
1104 2592 1170 2661 alia
1187 2592 1299 2660 littera
1309 2588 1662 2679 ejusdemClementis
1674 2613 1762 2683 pape
1780 2590 1860 2661 1111ιΙ

432 2699 467 2756 et
485 2687 643 2780 Gregorii
661 2689 702 2757 lli
718 2699 753 2757 et
772 2688 950 2784 Nycbolay
968 2711 1056 2783 pape
1081 2689 1158 2758 1111ιί
1175 2688 1299 2758 similis
1320 2688 1450 2758 tenuris
1471 2688 1738 2779 inquisitoribus
1756 2690 1791 2757 in
1812 2711 1867 2760 re-

431 2806 501 2874 gno
521 2786 664 2857 Francia
687 2812 695 2855 :
721 2785 797 2857 Pre
816 2793 956 2859 cunctis.
977 2787 1031 2857 Et
1056 2786 1158 2881 infre
1178 2813 1189 2854 .·
1209 2785 1433 2855 Accersiendi
1453 2807 1608 2877 quoque,
1632 2799 1734 2876 prout
1753 2808 1865 2880 expe·

431 2882 548 2971 dierit,
568 2886 697 2976 peritos
712 2885 901 2980 quoslibet,
914 2898 951 2954 ut
968 2885 1112 2956 uobisin
1123 2883 1275 2955 ferendis
1287 2882 1486 2973 hujusmodi
1497 2883 1681 2953 sententiis
1692 2884 1865 2977 prebeant

430 2982 613 3052 consilium
638 2994 872 3075 opportunum
898 3006 938 3054 ac
967 2984 1068 3053 vonis
1094 2983 1269 3052 assistant.
1293 2981 1513 3051 Convocandi
1540 2983 1644 3050 etiam
1673 2982 1804 3051 clerum
1827 2995 1864 3052 et

431 3081 597 3170 populum
617 3081 821 3168 civitatum,
838 3092 1030 3151 castrorum
1052 3081 1271 3172 aliorumque
1290 3079 1466 3162 locurum,
1485 3091 1588 3172 prout
1604 3079 1697 3149 dicto
1713 3080 1864 3170 negocio

431 3173 513 3244 fidei
540 3179 701 3248 videritis
720 3179 902 3271 expedire.
926 3178 978 3248 Et
1002 3177 1104 3272 infra
1126 3205 1137 3247 :
1161 3177 1265 3247 Plena
1285 3177 1330 3245 sit
1351 3176 1452 3246 vobis
1479 3190 1514 3246 et
1532 3177 1681 3266 singulis
1702 3189 1861 3247 vestrum

430 3278 643 3363 presentium
655 3277 940 3347 tenorelacultas.
955 3317 998 3328 -
1010 3278 1103 3348 ldenr
1117 3276 1265 3345 babetur
1281 3279 1431 3368 positum
1447 3275 1480 3342 in
1498 3276 1591 3364 jure,
1613 3274 1717 3344 Extra
1739 3275 1784 3343 de
1796 3274 1861 3344 be-

430 3372 546 3442 reticis
565 3374 653 3445 libro
672 3374 729 3444 Vl⁰
748 3399 756 3441 ι
781 3374 826 3444 Ut
841 3376 1015 3446 conenitssi
1030 3373 1122 3444 cobis
1136 3372 1301 3443 debitunt.
1322 3371 1372 3441 Et
1392 3371 1496 3466 infra
1513 3397 1524 3438 .·
1543 3371 1750 3442 Advocandi
1771 3395 1861 3465 quo-

428 3490 510 3559 que,
524 3484 625 3563 prout
637 3472 847 3565 expedierit,
869 3472 1197 3565 peritosquoslibet,
1211 3471 1358 3539 utvobis
1374 3472 1540 3538 assistant
1557 3481 1592 3539 et
1610 3471 1643 3538 in
1657 3470 1859 3560 hujusmodi

429 3568 582 3638 ferendis
609 3571 792 3640 sententiis
815 3572 983 3662 prebeant
1010 3570 1192 3641 consilium
1214 3580 1473 3661 opportunum,
1496 3589 1535 3635 ac
1561 3569 1612 3637 eis
1632 3568 1726 3658 quod
1752 3590 1862 3662 super

428 3663 496 3732 hiis
524 3668 623 3737 vobis
653 3667 831 3737 humiliter
858 3679 1001 3759 pareant
1027 3670 1060 3737 in
1089 3668 1218 3736 virtute
1245 3666 1446 3735 obedientie
1476 3666 1700 3756 injungendi,
1722 3688 1860 3737 convo·

428 3765 527 3833 cnudi
540 3765 783 3835 etiamclerum
801 3777 835 3835 et
850 3766 1015 3859 populum
1030 3767 1226 3845 civitatum,
1238 3763 1859 3855 castrorum,aliorumquelocorum,

429 3874 530 3952 prout
550 3864 643 3935 dicto
665 3864 810 3954 negocio
830 3863 910 3933 fidei
934 3865 1092 3933 videritis
1110 3862 1291 3954 expedire.
1319 3859 1367 3929 Et
1388 3861 1516 3954 infra:
1536 3860 1675 3930 Plenam
1697 3863 1862 3933 concedi-

428 3979 504 4027 mus
525 3963 737 4032 facultatem.

474 4056 513 4148 lt)
530 4059 737 4143 Undecimo,
759 4071 904 4151 possunt
925 4059 1149 4151 inquisitores
1171 4059 1204 4127 in
1222 4060 1408 4127 commisso
1424 4058 1489 4126 sibi
1512 4055 1592 4127 fidei
1614 4059 1760 4148 negocio
1781 4081 1861 4151 pro·

426 4156 552 4225 cedere
571 4157 776 4250 simpliciter
796 4168 830 4226 et
850 4157 894 4226 de
915 4158 1041 4250 planu,
1064 4158 1197 4248 absque
1217 4157 1467 4225 advocatorum
1489 4166 1522 4224 et
1546 4155 1752 4245 juditiorum
1770 4169 1858 4228 stre-

425 4255 498 4346 pitu
518 4266 551 4322 et
572 4252 695 4344 ligura.

476 4346 528 4445 [F0
550 4352 617 4420 l06
638 4349 673 4451 b]
695 4353 963 4445 &Duodecimn
988 4363 1132 4444 possunt
1153 4352 1342 4443 procedere
1357 4364 1476 4421 contra
1499 4350 1576 4421 illos
1595 4356 1656 4443 qui
1673 4352 1859 4423 commise-

425 4460 505 4516 runt
525 4451 558 4517 in
580 4451 726 4521 crimine
747 4451 880 4521 heresis
908 4451 940 4518 in
964 4453 1065 4519 terris
1093 4471 1153 4518 seu
1178 4449 1334 4519 terminis
1356 4450 1389 4540 in
1413 4449 1540 4540 quibus
1567 4448 1719 4517 officium
1740 4450 1857 4541 inqui-

423 4547 560 4616 sitionis
580 4559 633 4617 est
652 4549 703 4618 eis
722 4549 969 4631 commissum,
994 4549 1073 4617 licet
1092 4547 1135 4616 ad
1159 4559 1275 4639 partes
1293 4547 1378 4617 alias
1399 4569 1436 4614 su
1459 4546 1710 4616 transtulerint.

471 4643 519 4712 De
540 4645 704 4737 predictis
727 4647 865 4717 duobus
889 4646 1034 4715 babetur
1057 4647 1090 4714 in
1118 4646 1229 4714 littera
1248 4643 1436 4714 Clementis
1454 4666 1542 4738 pape
1565 4643 1645 4712 llll¹i
1667 4644 1856 4734 inquisito·
1897 4675 1899 4681 ·

425 4742 521 4810 ribus
544 4744 576 4810 iu
597 4744 804 4814 Lombardia
825 4770 832 4811 ι
854 4743 951 4814 Licet
971 4766 1017 4813 eor
1031 4742 1208 4828 omnibns;
1225 4746 1322 4829 item,
1336 4744 1368 4811 iu
1390 4744 1500 4812 littera
1522 4742 1681 4832 ejusdem
1698 4741 1857 4811 Clemen-

423 4841 467 4906 tis
493 4860 579 4931 pape
604 4854 638 4910 et
662 4841 819 4932 Gregorii
846 4863 935 4934 pape
958 4840 999 4910 lli
1025 4853 1059 4911 et
1083 4840 1262 4935 Nycbolay
1291 4863 1381 4932 papo
1400 4839 1475 4907 llllu
1500 4839 1692 4911 consimilis
1717 4841 1854 4912 tenoris

422 4937 688 5026 inquisitoribus
705 4940 738 5006 in
756 4961 864 5030 regno
883 4939 1025 5009 Francis
1043 4965 1050 5007 :
1069 4938 1147 5008 Pre
1161 4937 1303 5009 conctis.
1325 4937 1377 5006 Et
1391 4936 1494 5030 intro
1513 4963 1520 5007 :
1543 4938 1688 5030 lnsnper
1706 4937 1740 5006 in
1758 4937 1854 5008 dicto

422 5034 568 5124 negocio
588 5036 632 5105 de
654 5037 757 5129 plano
776 5048 810 5105 et
829 5039 962 5128 absque
982 5037 1190 5126 juditiorum
1211 5046 1246 5104 et
1265 5035 1517 5106 advocatorum
1540 5038 1701 5128 strepitu.

1115 5738 1470 6016 Q
