4612 6404
436 671 504 740 llll)
720 687 882 740 emerim
908 687 1149 753 ruoursrrrorus
1176 687 1339 741 ununrros
1365 686 1578 741 susurrans·

435 857 553 917 vestra
569 863 675 939 super
690 845 835 916 crimine
854 844 1020 916 hereseos
1036 846 1144 938 recipi
1160 845 1347 935 contigerit
1361 867 1406 914 ex
1424 844 1662 937 publicatione
1683 846 1870 915 nominum

435 944 639 1014 eorumdem
661 941 821 1013 videritis
843 942 1035 1035 periculum
1059 943 1258 1028 imminere,
1282 943 1435 1033 ipsorum
1456 942 1599 1013 nomina
1620 963 1689 1012 non
1710 942 1870 1034 publice,

435 1051 491 1111 set
509 1053 663 1127 secrete,
684 1061 801 1111 coram
818 1040 995 1131 aliquibus
1014 1044 1172 1134 personis
1194 1041 1350 1133 providis
1371 1052 1406 1110 et
1426 1040 1596 1125 honestis,
1620 1040 1810 1130 religiosis,
1836 1053 1873 1111 et

435 1140 513 1209 aliis
533 1137 579 1207 ad
601 1139 666 1210 hoc
685 1140 840 1223 vocatiS,
863 1140 907 1208 de
927 1160 1076 1230 quorum
1096 1138 1244 1209 consilio
1272 1139 1315 1206 ad
1342 1137 1575 1208 absolutionis
1594 1138 1650 1208 vel
1671 1139 1870 1231 condemp-

437 1238 587 1307 nationis
606 1238 816 1306 sententiam
837 1237 979 1328 procedi
1002 1241 1166 1306 volumus
1186 1235 1472 1330 (eoeprduanlur)
1482 1262 1497 1321 ;
1516 1247 1552 1305 et
1570 1236 1621 1305 sic
1636 1236 1680 1305 ad
1697 1239 1872 1326 cognitio·
1937 1302 1946 1321 ,

436 1355 514 1403 nem
533 1334 663 1421 judicis
684 1333 923 1404 instruendam
947 1335 1151 1405 eorumdem
1184 1335 1324 1404 testium
1353 1333 1635 1426 depositionibus
1656 1334 1758 1426 plena
1781 1331 1872 1404 fides

436 1444 470 1501 et
494 1433 682 1502 auctoritas
702 1431 885 1501 habeatur.
908 1471 954 1484 -
976 1432 1059 1503 ltem
1089 1437 1123 1501 in
1151 1433 1219 1502 alia
1248 1432 1363 1501 littera
1385 1432 1543 1520 ejusdem
1565 1431 1759 1500 Alexandri
1781 1451 1873 1524 pape

434 1527 512 1598 1111ῑί
543 1529 648 1622 priori
679 1529 936 1599 Predicatorum
965 1529 1212 1599 Parisiensium
1241 1558 1247 1597 :
1276 1528 1354 1598 Pre
1375 1529 1522 1600 conclis.
1546 1526 1600 1597 El
1624 1527 1728 1622 infra
1747 1554 1759 1596 .·
1781 1529 1873 1600 Sane

435 1628 464 1696 si
485 1629 574 1697 lorte
594 1627 856 1697 accusatoribus
875 1639 936 1696 aut
954 1628 1116 1717 testibus,
1130 1639 1215 1712 etc,
1237 1639 1392 1718 utsupra
1412 1626 1627 1696 immediate.
1647 1666 1691 1678 -
1712 1626 1813 1711 ltem,
1837 1626 1873 1695 in

436 1724 549 1795 littera
569 1723 757 1795 Clementis
776 1744 863 1817 pape
883 1724 959 1794 1111ῐί
980 1726 1246 1817 inquisitoribus
1262 1728 1297 1793 iu
1315 1725 1521 1794 Lonibardia
1547 1750 1554 1791 :
1577 1721 1674 1793 Licet
1693 1746 1740 1795 erc
1758 1724 1873 1793 omni-

434 1820 508 1894 hes.
530 1862 578 1874 -
597 1822 698 1909 Item,
722 1823 756 1891 in
776 1823 890 1892 littera
906 1823 974 1892 alia
995 1824 1152 1913 ejusdem
1171 1823 1358 1893 Clementis
1378 1845 1466 1915 pape
1483 1833 1518 1892 et
1536 1821 1693 1912 Gregorii
1708 1843 1799 1915 pape
1813 1821 1871 1905 Χῖ,

436 1933 472 1989 et
499 1919 678 2014 Nycholay
712 1941 801 2013 pape
832 1921 948 2011 quarti
981 1921 1173 1990 consimilis
1207 1922 1361 2012 tenoris,
1389 1920 1656 2012 inquisitoribus
1691 1921 1727 1989 iu
1759 1941 1873 2010 regno

432 2017 577 2087 Francie
594 2014 635 2114 [ll
653 2015 720 2086 tut
740 2017 778 2112 d}
804 2045 811 2085 :
829 2017 907 2087 Pre
924 2020 1068 2089 eunctis.
1087 2017 1138 2087 Et
1156 2019 1259 2105 infre
1277 2017 1403 2101 :Quod
1421 2019 1450 2088 si
1473 2017 1634 2112 testibus,
1656 2039 1745 2108 quos
1765 2039 1784 2087 a
1807 2039 1874 2088 vo·

436 2115 490 2186 bis
518 2118 623 2209 recipi
644 2115 701 2186 vel
726 2117 770 2185 ab
789 2118 858 2185 alio
878 2120 955 2186 vice
983 2129 1099 2186 vestra
1125 2138 1231 2210 super
1252 2117 1376 2187 eodem
1403 2115 1548 2185 crimine
1569 2115 1763 2186 examinari
1785 2137 1874 2186 con-

436 2215 571 2304 tigerit,
601 2237 646 2285 ex
673 2214 908 2306 publicatione
926 2216 1106 2285 nominum
1128 2216 1331 2285 eorumdem
1355 2214 1515 2284 videritis
1537 2212 1729 2305 periculum
1750 2214 1874 2283 immi-

434 2334 531 2396 nere,
548 2313 702 2403 ipsorum
721 2313 875 2397 nomina,
896 2335 964 2383 non
982 2313 1121 2404 publice
1136 2324 1189 2382 set
1205 2324 1354 2396 secrete,
1373 2332 1489 2381 coram
1505 2311 1684 2401 aliquibus
1707 2311 1874 2402 personis

432 2410 590 2505 providis
610 2422 645 2479 et
664 2409 834 2496 honestis,
857 2411 1042 2501 religiosis,
1056 2422 1091 2480 et
1106 2411 1183 2480 aliis
1202 2410 1329 2481 adhoc
1350 2410 1496 2493 vocatis,
1520 2408 1565 2478 de
1580 2430 1732 2500 quorum
1749 2409 1874 2480 cousi·

436 2510 482 2579 lio
498 2509 540 2577 ad
559 2507 767 2578 senteutiam
786 2509 840 2577 vel
856 2509 1209 2600 condempnationem
1223 2508 1364 2601 procedi
1382 2508 1544 2576 volumus
1559 2502 1872 2601 (exprimantur),

435 2620 470 2676 et
489 2609 559 2689 sic,
583 2626 651 2675 uon
672 2604 834 2675 obstante
854 2606 948 2698 quod
972 2607 1019 2674 illi
1040 2618 1160 2676 eontra
1181 2627 1270 2698 quos
1291 2605 1491 2696 hujusmodi
1513 2615 1620 2677 testes
1636 2605 1874 2697 deposuerint

436 2726 556 2774 eorum
586 2703 724 2773 nomina
755 2725 823 2773 non
848 2705 977 2773 luerint
1006 2702 1178 2796 publicata
1207 2705 1251 2773 ad
1279 2704 1514 2793 cognitionem
1538 2704 1668 2791 judicis
1694 2702 1874 2773 instruen-

436 2801 537 2884 dam,
559 2801 769 2870 adhibeatur
792 2801 894 2893 plena
915 2801 1002 2871 fides
1025 2805 1163 2871 testium
1195 2802 1473 2894 depositionibus
1493 2801 1712 2870 eorumdem.

483 2899 707 2970 Postmodum
729 2920 814 2968 vero
834 2900 1031 2969 Bonilacius
1056 2919 1143 2991 papa
1162 2899 1262 2967 Vlllus
1282 2900 1372 2968 circa
1395 2899 1598 2988 hujusmodi
1616 2898 1732 2990 aliqua
1751 2897 1873 2969 decla·

435 2998 546 3067 raudo
572 3010 607 3068 et
632 2996 797 3067 addendo
825 2998 1003 3068 ordinavit
1030 3009 1064 3066 et
1083 2998 1204 3067 statuit
1224 3008 1327 3089 prout
1347 2997 1495 3066 habetur
1519 2997 1665 3087 injure,
1695 2995 1803 3064 Extra
1825 2996 1872 3065 de

434 3095 599 3165 hereticis
619 3095 711 3166 libro
732 3095 802 3182 Vl⁰,
824 3095 976 3187 capitulo
999 3121 1007 3162 2
1030 3094 1163 3165 Statuta
1184 3099 1333 3186 quedam
1357 3095 1467 3164 leliois
1493 3095 1746 3165 recordationis
1764 3094 1872 3164 lnno·

435 3194 556 3285 centii,
577 3192 772 3262 Alexandri
790 3203 826 3262 et
839 3191 1026 3263 Clementis
1043 3194 1331 3284 predecessorum
1355 3205 1552 3263 nostrorum
1573 3191 1785 3284 quibusdam
1808 3191 1870 3263 de·

435 3290 573 3360 claretis
593 3304 628 3359 et
647 3288 777 3360 additis
798 3302 1021 3360 recensentes
1040 3291 1279 3360 concedimus,
1305 3288 1353 3360 El
1373 3289 1498 3383 infra:
1518 3290 1542 3380 g
1563 3291 1731 3361 lubeurus
1751 3303 1869 3359 tameo
1920 3296 1924 3305 '

434 3390 528 3480 quod
549 3389 577 3456 si
595 3389 857 3458 accusatoribus
878 3389 932 3458 vel
955 3388 1101 3458 testibus
1124 3389 1158 3457 in
1179 3411 1283 3459 nausa
1305 3389 1440 3458 heresis
1462 3388 1781 3458 intervenientibus
1802 3408 1869 3457 seu

435 3487 695 3576 deponentibus
721 3499 862 3578 propter
892 3487 1080 3579 potentiam
1108 3507 1335 3578 personarum
1357 3497 1478 3555 contra
1497 3508 1585 3576 quas
1607 3485 1795 3577 inquiritur
1815 3488 1870 3554 vi·

434 3586 541 3653 deaut
566 3584 751 3676 episcopus
776 3585 832 3654 vel
862 3584 1087 3676 inquisitores
1109 3606 1217 3674 grave
1244 3585 1435 3677 periculum
1463 3584 1665 3667 imminere,
1686 3585 1714 3653 si
1733 3585 1871 3654 contin·

430 3694 493 3772 gat
514 3679 589 3750 lieri
611 3681 882 3774 publicationem
913 3685 1090 3750 nominum
1122 3683 1325 3752 eorumdem
1349 3682 1519 3774 ipsorum,
1544 3683 1682 3750 uomina
1711 3704 1781 3752 non
1804 3704 1870 3772 pu-

431 3780 543 3862 blice,
567 3791 621 3849 set
639 3791 774 3849 secrete
800 3801 916 3848 eoram
939 3774 979 3874 [l0
1003 3780 1069 3848 tte
1086 3776 1120 3876 a]
1142 3781 1343 3874 dyocesauo
1363 3783 1529 3871 episcopo
1550 3780 1622 3861 vel,
1642 3801 1684 3848 eo
1701 3781 1868 3860 ahsente,

432 3878 542 3968 ipsius
574 3877 727 3961 vicario,
755 3879 897 3969 quando
915 3879 1144 3968 inquisitores
1173 3880 1380 3970 procedunt,
1408 3878 1551 3969 quando
1585 3899 1670 3946 vero
1709 3876 1871 3970 procedit

432 3978 616 4067 episcopus
637 3995 752 4046 coram
775 3976 1056 4066 inquisitoribus,
1079 3976 1107 4044 si
1131 3976 1250 4045 haberi
1272 3977 1381 4069 possit
1397 3975 1727 4066 copiaeorumdem,
1750 3996 1792 4045 ao
1815 3976 1870 4043 ni·

431 4071 1011 4166 chilominnssiveepiscopussive
1026 4072 1250 4164 inquisitores
1272 4074 1505 4164 processerint
1527 4068 1673 4169 [coram]
1686 4073 1871 4164 aliquibus

431 4171 508 4239 aliis
522 4172 678 4262 personis
695 4171 852 4264 providis
864 4171 1064 4240 ethonestis
1076 4171 1379 4264 jurisqueperitis,
1397 4172 1537 4262 quasad
1554 4171 1620 4240 hoo
1632 4172 1748 4241 vocari
1761 4183 1799 4239 et
1816 4171 1871 4240 eis

435 4281 543 4337 totum
565 4290 765 4360 processum
785 4291 891 4361 super
911 4290 981 4360 quo
1002 4268 1268 4338 deliberandum
1290 4284 1342 4339 est
1362 4272 1495 4339 seriose
1520 4270 1734 4338 mauilestari
1753 4289 1795 4336 ac
1816 4269 1871 4336 iu-

435 4365 612 4454 tegraliter
632 4367 813 4458 explicari,
836 4380 870 4437 et
896 4368 940 4435 de
961 4368 1114 4458 ipsarum
1135 4367 1282 4437 consilio
1302 4368 1345 4437 ad
1362 4367 1573 4437 seutentiam
1597 4368 1652 4436 vel
1670 4366 1868 4458 condemp-

435 4467 610 4533 nationem
632 4464 773 4555 procedi
796 4465 959 4534 volumus
983 4463 1269 4557 leoeprr'montar)
1282 4490 1297 4550 ;
1319 4466 1460 4556 sieque,
1485 4487 1552 4534 uon
1581 4466 1743 4534 obstante
1768 4465 1868 4554 quod

434 4561 481 4629 illi
504 4573 624 4631 contra
645 4584 734 4653 quos
760 4562 959 4651 hujusmodi
991 4563 1229 4655 deposuerunt
1252 4565 1392 4632 uomina
1414 4584 1535 4633 eorum
1559 4585 1626 4632 non
1648 4562 1777 4632 luerint
1799 4585 1868 4654 pu-

434 4660 573 4739 blicata,
593 4659 803 4729 adhiheatur
823 4662 867 4729 ad
888 4661 1125 4750 coguitionem
1149 4662 1279 4750 judicis
1300 4659 1540 4731 instruendam
1562 4663 1663 4752 plena
1686 4658 1773 4728 fides
1808 4661 1869 4729 de·

435 4757 667 4845 positionibus
689 4758 827 4826 testium
850 4760 1069 4828 eorumdem.
1093 4757 1143 4827 El
1163 4759 1290 4851 rofre:
1310 4759 1516 4849 §Cessante
1537 4780 1622 4829 vero
1637 4758 1792 4852 periculo
1812 4779 1871 4827 su·

437 4875 495 4942 pra
518 4855 625 4937 dicto,
655 4868 897 4924 accusatorum
924 4868 958 4925 et
991 4858 1130 4925 testium
1163 4859 1326 4939 uomina,
1355 4869 1457 4947 prout
1483 4858 1518 4926 in
1545 4856 1622 4926 aliis
1649 4854 1687 4925 lit
1710 4856 1865 4945 juditiis,

435 4951 668 5041 publicentur.
695 4952 854 5021 Ceterum
883 4955 917 5021 iu
946 4953 1013 5022 hiis
1038 4953 1202 5024 omnihus
1225 4953 1437 5046 precipimus
1459 4967 1526 5023 tarn
1554 4958 1738 5047 episcopos
1758 4974 1866 5044 quam

432 5048 659 5139 inquisitores
679 5069 801 5142 puram
823 5061 858 5119 et
880 5050 1064 5142 providam
1087 5050 1317 5120 intentionem
1337 5049 1481 5138 habere,
1497 5075 1540 5122 ne
1555 5053 1598 5121 ad
1620 5063 1865 5122 accusatorum
