4574 6404
855 681 961 732 ratus
987 677 1084 731 rans.
1639 655 1680 723 st

249 838 599 1007 lhptongicscplelrgeveret.
631 838 757 909 Datum
786 837 935 933 Tboiose
965 839 1075 930 prima
1104 837 1161 906 die
1186 835 1410 926 septembris,
1432 852 1526 903 anuo
1544 831 1682 900 Domini

370 946 385 980 ο
465 946 479 979 0

251 1218 309 1281 37.
334 1218 467 1281 Forma
481 1217 653 1297 specialis
669 1217 860 1282 citationis
875 1233 958 1281 cum
974 1216 1176 1280 monitione
1192 1213 1371 1278 canonica
1383 1211 1546 1292 plurium
1561 1225 1684 1290 perso·

290 1340 438 1400 narum,
456 1340 540 1388 cum
560 1324 795 1405 expressione
811 1330 877 1387 aut
892 1325 972 1387 sine
987 1322 1220 1402 expressione
1236 1321 1445 1394 nominum,
1468 1334 1538 1399 que
1557 1318 1596 1380 in
1617 1316 1684 1380 ali-

290 1447 362 1511 qua
389 1431 654 1495 communitate
680 1439 810 1494 contra
838 1431 1091 1510 inquisitionis
1119 1428 1275 1493 officium
1301 1428 1460 1490 heretice
1484 1425 1683 1505 parvitatis

289 1538 553 1601 commiserunt
576 1538 615 1602 in
640 1538 802 1602 favorem
828 1545 865 1601 et
891 1538 1140 1602 defensionem
1167 1533 1415 1610 singularium
1441 1547 1682 1612 personarum
1713 1609 1718 1617 ι

291 1644 530 1725 culpabilium
561 1645 605 1708 de
632 1646 788 1709 crimine
810 1646 952 1709 heresis
976 1645 1030 1708 vel
1057 1645 1151 1708 alias
1175 1641 1406 1721 impediendo
1432 1639 1685 1720 inquisitionis

291 1751 445 1814 officium
460 1753 724 1832 quoquomodo.

300 2019 417 2090 Frater
439 2019 518 2091 Ber.
539 2020 732 2107 Guidonis,
764 2020 842 2090 ord.
872 2020 1031 2106 Predic.‚
1062 2021 1273 2111 inquisitor,
1296 2029 1390 2101 eto,
1413 2016 1541 2088 dilecto
1561 2016 1629 2086 sibi
1650 2019 1684 2084 iu

253 2115 389 2188 Christo
408 2117 591 2211 capellano
610 2139 673 2189 seu
695 2121 822 2188 rectori
844 2119 922 2188 talis
948 2118 1115 2202 ecclesie,
1139 2117 1194 2186 vel
1224 2118 1299 2207 ejus
1320 2116 1451 2186 vicario
1476 2135 1539 2185 seu
1570 2114 1683 2183 locum

252 2217 405 2302 tenenti,
432 2215 580 2285 salutem
602 2219 638 2285 in
658 2226 776 2286 actore
797 2214 880 2286 fidei
897 2217 1046 2287 Domino
1065 2214 1172 2285 ihesu
1192 2213 1342 2286 Christo.
1365 2254 1413 2264 —
1431 2212 1570 2283 Dudum
1593 2214 1686 2282 sicut
1762 2269 1766 2276 .

253 2333 298 2384 ex
317 2315 420 2403 gravi
434 2324 470 2382 et
488 2312 608 2384 valido
624 2314 777 2384 clamore
795 2325 919 2385 exorto
937 2316 1097 2383 ucetiam
1114 2335 1159 2384 ex
1179 2313 1270 2382 tama
1289 2311 1428 2405 publica
1449 2322 1682 2382 concurrente

253 2413 496 2503 percepimus,
519 2432 654 2503 nosque
673 2413 798 2504 partim
819 2409 890 2482 fide
908 2410 1063 2481 vidimus
1083 2410 1240 2497 oculata,
1262 2412 1458 2502 partimque
1478 2428 1498 2478 a
1516 2407 1586 2478 fide
1606 2406 1682 2498 dig-

253 2509 308 2577 nis
324 2511 546 2602 accepimus,
565 2530 702 2579 necnon
722 2530 783 2602 per
802 2509 1153 2602 inquisitionemque
1173 2507 1211 2578 iit
1229 2508 1441 2599 generaliter
1459 2518 1580 2578 contra
1604 2525 1679 2576 om-

254 2626 317 2676 nes
336 2606 483 2678 iniectos
503 2625 566 2676 εει]
587 2616 725 2678 notatos
748 2607 794 2679 de
812 2607 891 2678 labe
910 2606 1082 2693 heretica,
1104 2617 1139 2677 et
1157 2617 1278 2677 contra
1302 2604 1535 2698 impedientes
1561 2602 1679 2695 inqui·

255 2705 392 2774 sitionis
406 2702 560 2775 officium
577 2704 666 2775 labis
681 2705 856 2795 ejusdem,
878 2727 939 2797 per
956 2716 1062 2775 testes
1074 2705 1211 2795 juratos
1228 2707 1430 2774 invenimus
1451 2700 1546 2794 quod
1564 2703 1682 2794 plures

256 2799 416 2873 homines
445 2802 489 2872 de
517 2801 577 2871 tali
605 2802 681 2873 loco
707 2802 784 2872 talis
810 2804 972 2897 dyocesis
1002 2806 1037 2872 iu
1064 2805 1166 2873 annis
1196 2798 1236 2898 [p
1259 2803 1301 2871 tt
1322 2798 1355 2899 a]
1386 2812 1478 2871 retro
1507 2801 1682 2892 preteritis

258 2898 355 2991 plura
375 2899 566 2986 dixerunt,
587 2901 766 2982 lecerunt,
789 2911 823 2970 et
844 2912 1099 2981 tractaverunt,
1126 2912 1161 2970 et
1180 2901 1369 2969 machinati
1389 2909 1471 2968 sunt
1492 2896 1630 2991 publice
1649 2909 1684 2967 et

257 2999 419 3089 privatim
445 3001 480 3066 in
500 2997 657 3069 savorem
680 3008 714 3068 et
736 2998 977 3070 defensionem
1000 2997 1231 3090 quarumdam
1255 2998 1484 3089 singularium
1512 3015 1681 3089 persona·

257 3116 332 3163 rum
352 3095 581 3188 culpabilium
602 3095 646 3165 de
666 3095 782 3166 beresi
807 3097 842 3165 in
862 3117 971 3188 grave
991 3096 1215 3190 dispendium
1242 3117 1282 3165 ac
1311 3094 1541 3187 prejudicium
1562 3104 1597 3164 et
1616 3097 1683 3162 im-

259 3192 498 3284 pedimentum
519 3195 767 3286 inquisitorum
789 3197 970 3286 pravitatis
990 3193 1144 3264 heretice
1163 3205 1197 3264 et
1216 3191 1323 3265 officii
1343 3192 1570 3279 eorumdem,
1593 3202 1627 3262 et
1648 3195 1683 3260 in

259 3289 461 3360 scandalum
491 3290 741 3383 plurimorum,
773 3292 974 3383 exquibus
1000 3303 1035 3361 et
1067 3303 1211 3384 propter
1239 3313 1309 3382 que
1336 3292 1456 3362 talium
1490 3287 1684 3384 patratores

259 3389 439 3458 incurrunt
455 3392 534 3481 ipso
554 3389 644 3460 lacto
663 3410 771 3481 penas
794 3401 914 3459 contra
941 3389 1143 3479 hujusmodi
1170 3388 1399 3482 impeditores
1418 3386 1525 3459 officii
1551 3399 1586 3457 et
1605 3388 1682 3458 iau·

259 3496 351 3555 tores
369 3507 410 3555 ae
429 3486 633 3557 defensores
655 3487 774 3556 talium
801 3508 1029 3580 personarum
1050 3508 1070 3557 a
1086 3487 1167 3577 jure
1190 3487 1403 3578 generaliter
1421 3486 1682 3580 promulgatas,

259 3585 503 3675 superquibus
522 3584 638 3670 dictis,
664 3584 777 3669 iactis,
797 3587 1005 3678 procuratis,
1026 3606 1089 3655 seu
1111 3588 1255 3677 patratis
1276 3585 1432 3655 nondum
1449 3583 1685 3655 veneruntad

261 3678 412 3750 debitam
432 3684 592 3752 veritatis
609 3685 885 3773 recognitionem
904 3703 967 3753 nec
986 3682 1030 3752 ad
1046 3683 1293 3753 satisfactionis
1308 3681 1509 3768 emendam,
1521 3684 1686 3774 quamvis

260 3778 389 3848 tuerint
406 3800 513 3873 super
532 3779 599 3850 boc
624 3783 726 3851 annis
745 3781 905 3872 pluribus
927 3801 987 3873 per
1015 3783 1222 3873 pacientiam
1249 3783 1425 3874 expectati
1450 3777 1506 3875 (ia
1530 3779 1595 3848 isto
1615 3779 1685 3849 loco

254 3876 386 3968 polemi
402 3877 569 3948 interseri
593 3898 700 3949 causo
722 3878 824 3970 loope
845 3878 1058 3949 dilatationes
1081 3877 1146 3949 toli
1167 3877 1269 3948 alodo
1289 3904 1301 3947 .·
1323 3900 1387 3950 nos
1416 3899 1502 3949 vero
1529 3877 1686 3947 distracti

260 3983 296 4042 et
313 3978 474 4069 occupati
492 3978 528 4045 in
548 3975 708 4069 pluribus
727 3977 805 4047 aliis
824 3977 945 4047 arduis
973 3979 1127 4068 negociis
1156 3977 1421 4046 imminentibus
1440 3996 1567 4046 vacare
1592 3995 1687 4044 com·

262 4070 364 4142 mode
388 4076 613 4164 nequivimus
637 4095 749 4166 usque
776 4075 918 4165 modo);
946 4096 1098 4166 cumque
1126 4075 1207 4144 talia
1234 4094 1417 4144 remanere
1437 4094 1507 4144 nou
1535 4072 1689 4142 debeant

261 4171 432 4262 impunita
448 4192 512 4242 nec
529 4172 802 4244 conniventibus
816 4174 927 4244 oculis
944 4175 1162 4265 pertransiri,
1182 4194 1226 4243 ne
1241 4194 1287 4243 ex
1304 4172 1524 4264 impunitatis
1540 4170 1687 4240 audacia

262 4267 451 4359 prebeatur
480 4270 537 4339 vel
563 4281 762 4340 assumatur
781 4272 918 4340 occasio
947 4271 1028 4340 talia
1055 4282 1116 4340 aut
1141 4270 1268 4340 similia
1294 4272 1329 4338 in
1356 4280 1534 4362 posterum
1562 4289 1688 4361 perpe·

262 4365 395 4453 trandi,
417 4379 452 4436 et
469 4367 609 4438 occulos
631 4388 720 4459 quos
739 4367 841 4459 culpa
859 4367 991 4438 claudit
1013 4390 1101 4459 pena
1121 4369 1256 4459 aperiat
1272 4366 1449 4449 salutaris,
1469 4367 1586 4451 vobis,
1607 4387 1689 4436 auc·

262 4465 401 4534 toritate
421 4464 612 4558 apostolica
636 4486 705 4557 qua
732 4466 923 4556 fungimur,
946 4466 1104 4535 districte
1123 4464 1350 4558 precipiendo
1371 4464 1601 4548 mandamus,
1623 4464 1689 4533 sub

261 4565 634 4633 excommunicationis
657 4575 693 4633 et
714 4564 793 4634 aliis
820 4565 920 4656 penis
946 4566 1146 4646 canonicis,
1166 4583 1274 4654 quas,
1298 4564 1491 4632 monitione
1513 4556 1553 4657 [Ρ
1582 4561 1624 4629 tv
1650 4557 1687 4657 b]

262 4662 613 4753 nostraoompetenti
632 4663 817 4753 premissa,
839 4663 907 4730 nisi
926 4661 1184 4753 compleveritis
1193 4681 1263 4752 que
1279 4661 1489 4730 mandamus
1509 4662 1692 4729 incurrere

261 4775 326 4827 vos
345 4757 510 4829 volumus
530 4760 607 4850 ipso
626 4758 717 4830 iacto
733 4758 800 4854 (vel
812 4763 932 4851 poterit
948 4761 1062 4828 misius
1074 4760 1123 4828 ito
1140 4759 1237 4827 scribi
1251 4784 1261 4825 :
1282 4778 1371 4850 quas
1388 4777 1496 4850 penas
1516 4759 1584 4827 uisi
1600 4777 1694 4829 com·

261 4854 444 4946 pleveritis
463 4876 533 4948 que
551 4856 758 4927 mandamus
775 4858 935 4949 poteritis
951 4859 1076 4928 merito
1094 4853 1321 4951 formidare),
1343 4859 1510 4948 quatinus
1528 4878 1575 4928 ex
1594 4867 1692 4948 parte

263 4962 382 5023 nostra
401 4956 516 5024 citetis
543 4973 584 5024 ac
603 4957 775 5025 moneatis
795 4954 924 5040 semel,
945 4955 1102 5026 secundo
1129 4975 1171 5024 ac
1198 4956 1307 5025 tercio
1334 4956 1503 5025 canonice
1530 4976 1592 5048 per
1622 4965 1692 5024 tres

263 5047 339 5121 dies
353 5050 551 5125 dominicos
568 5073 632 5123 seu
652 5052 797 5124 festivos
817 5052 1241 5146 immediatesequentes,
1259 5073 1408 5144 quorum
1428 5055 1579 5147 primum
1597 5051 1691 5123 diem
