4574 6404
425 665 495 734 ιιι
711 677 872 730 rmcrrcl
896 678 1137 742 tNQUtstTtoltts
1164 679 1326 732 unanrrcn
1353 679 1563 731 naamrlrrs.

424 843 539 909 lacere
557 837 615 906 alii
634 836 729 928 quod
747 857 815 906 non
835 836 910 905 vult
925 837 992 905 sibi
1012 838 1100 907 lieri.
1118 839 1215 924 ltem,
1234 838 1329 929 quod
1349 837 1454 908 homo
1470 837 1576 906 debet
1594 856 1736 906 servare
1753 856 1857 905 man-

423 938 503 1008 data
526 935 596 1004 [lei.
620 933 725 1017 ltem,
746 933 841 1024 quod
864 932 968 1004 bomo
989 957 1058 1005 non
1079 935 1185 1005 debet
1210 937 1327 1025 jurare
1347 937 1382 1004 in
1405 934 1523 1026 aliquo
1541 954 1638 1018 casu,
1658 934 1741 1024 quia
1761 933 1860 1003 Deus

423 1032 601 1128 probibuit
620 1052 724 1101 omne
742 1032 976 1119 juramentum
998 1033 1032 1101 in
1053 1032 1256 1123 Evangelio,
1279 1033 1401 1102 dicens
1419 1057 1427 1100 :
1445 1032 1557 1102 Nolite
1573 1033 1694 1120 jurare
1709 1031 1860 1101 omnino

423 1153 538 1222 neque
559 1151 620 1221 per
637 1128 751 1198 celum
771 1128 852 1218 quia
873 1138 992 1198 tronus
1012 1130 1073 1198 Dei
1095 1142 1166 1216 est,
1193 1152 1307 1221 neque
1328 1152 1389 1222 per
1411 1140 1538 1198 terram
1561 1129 1643 1220 quia
1663 1128 1860 1198 scabellum

423 1229 551 1322 pedum
579 1228 656 1317 ejus
684 1237 754 1311 est,
777 1247 894 1316 neque
921 1249 981 1320 per
1006 1248 1266 1319 quamcumque
1290 1228 1393 1297 aliam
1420 1237 1615 1296 creaturam
1640 1225 1721 1317 quia
1749 1224 1860 1296 homo

424 1347 492 1396 non
514 1333 627 1417 potest
645 1324 760 1410 lacere
777 1345 883 1391 unum
901 1324 1065 1416 capillum
1082 1326 1200 1395 album
1218 1325 1274 1394 vel
1293 1327 1430 1415 nigrum
1446 1348 1455 1408 3
1472 1336 1527 1394 set
1544 1323 1589 1393 sit
1602 1344 1719 1394 sermo
1737 1333 1861 1393 vester

423 1435 477 1494 est
495 1437 562 1507 est,
584 1443 653 1491 nou
678 1442 760 1503 non,
783 1431 818 1489 et
833 1422 929 1511 quod
947 1423 1098 1515 amplius
1119 1435 1170 1492 εει
1191 1444 1211 1491 ε
1233 1422 1324 1493 malo
1344 1432 1409 1492 est.
1433 1421 1474 1490 Et
1494 1422 1558 1491 ista
1579 1421 1686 1490 verba
1708 1420 1859 1492 multum

423 1520 630 1612 imprimunt
653 1518 879 1588 credentibus
903 1520 994 1605 suis,
1024 1542 1087 1590 nec
1111 1520 1262 1611 aliquam
1283 1520 1539 1612 expositionem
1564 1540 1669 1611 super
1691 1519 1742 1589 eis
1770 1518 1860 1588 reci·

423 1619 536 1712 piunt.
559 1616 659 1709 ltem,
682 1616 803 1685 dicunt
819 1628 853 1684 et
872 1617 999 1686 docent
1017 1617 1113 1709 quod
1129 1619 1250 1708 jurare
1268 1639 1407 1708 semper
1429 1628 1464 1686 et
1483 1618 1752 1707 inquocumque
1771 1635 1860 1687 casu

423 1727 476 1786 εει
499 1724 677 1807 peccatum
701 1712 869 1800 mortale3
892 1726 926 1784 et
945 1717 976 1784 si
994 1716 1121 1806 aliquis
1141 1715 1428 1785 decredentibus
1450 1714 1603 1807 ipsorum
1626 1713 1860 1806 compellatur

419 1815 541 1904 jurare
567 1812 600 1880 in
623 1810 753 1902 juditio
777 1832 838 1903 per
858 1811 1009 1902 aliquam
1036 1824 1243 1906 potestatem
1264 1813 1456 1882 secularem
1484 1812 1538 1882 vel
1561 1810 1857 1897 ecclesiasticam,

425 1910 503 1980 talis
524 1911 647 1999 jurans
674 1908 779 1978 debet
804 1909 848 1978 de
868 1908 934 1979 boc
955 1923 1075 2002 postea
1095 1908 1254 1980 confiteri
1279 1921 1314 1979 et
1341 1910 1497 2002 recipere
1518 1908 1746 2002 penitentiam
1767 1908 1861 1979 sicut

423 2009 467 2078 dc
488 2018 643 2098 peccato.
666 2005 773 2092 ltem,
795 2007 1008 2098 quandoque
1030 2008 1211 2100 predicant
1239 2008 1284 2076 de
1311 2007 1529 2097 Euangelus,
1554 2006 1652 2076 etde
1673 2006 1857 2098 epistolis,

424 2105 480 2175 vel
508 2105 553 2174 de
583 2103 773 2195 exemplis,
803 2116 837 2172 et
869 2105 1134 2175 auctoritatibus
1163 2115 1378 2189 sanctorum,
1407 2105 1558 2175 dicendo
1578 2115 1613 2174 et
1635 2103 1856 2193 allegando:

424 2202 519 2272 lstud
540 2201 667 2270 dicitur
687 2202 721 2269 in
740 2200 951 2293 Evangelio,
970 2203 1026 2273 vel
1048 2203 1083 2272 in
1102 2203 1249 2296 epistola
1266 2204 1377 2272 sancti
1397 2201 1506 2287 Petri,
1526 2213 1587 2271 aut
1602 2202 1713 2271 sancti
1734 2200 1857 2288 Pauli,

425 2313 485 2369 aut
503 2299 614 2369 sancti
634 2299 766 2384 Jacobi,
787 2300 842 2368 vel
864 2302 910 2368 ita
928 2301 1049 2370 dicunt
1069 2326 1076 2369 :
1099 2301 1190 2370 Talis
1206 2312 1349 2370 sanctus
1368 2310 1429 2369 aut
1445 2299 1524 2370 talis
1541 2300 1676 2383 doctor,
1697 2298 1859 2389 utmagis

425 2397 516 2467 dicta
535 2418 656 2466 eorum
673 2397 717 2465 ab
731 2397 950 2468 auditoribus
968 2410 1204 2492 acceptentur.
1222 2398 1358 2468 Habent
1373 2407 1490 2467 autem
1506 2396 1695 2487 Evangelia
1712 2407 1748 2465 et
1764 2396 1859 2488 epis·

425 2495 513 2565 tolas
536 2495 571 2562 in
595 2493 733 2585 vulgari
757 2496 990 2566 communiter
1016 2493 1057 2591 [ι0
1080 2496 1146 2565 l37
1175 2493 1208 2593 a]
1237 2508 1272 2565 et
1296 2495 1400 2566 etiam
1422 2495 1457 2562 in
1480 2495 1608 2576 latino,
1638 2496 1721 2587 quia
1747 2493 1859 2585 aliqui

425 2594 595 2662 intereos
617 2592 829 2686 intelligunt,
851 2604 886 2663 et
905 2594 1012 2685 aliqui
1035 2597 1151 2664 sciunt
1171 2594 1301 2685 legere,
1324 2605 1359 2663 ct
1378 2593 1553 2662 interdum
1571 2592 1627 2661 illa
1648 2613 1718 2683 que
1735 2591 1860 2660 dicunt

425 2701 485 2760 aut
511 2690 693 2783 predicant
719 2690 838 2781 legunt
858 2690 893 2760 in
915 2691 1024 2777 libro,
1046 2692 1237 2784 aliquando
1257 2703 1373 2760 autem
1394 2689 1471 2760 sine
1494 2691 1603 2775 libro,
1627 2689 1781 2759 maxime
1807 2688 1859 2757 illi

425 2788 485 2880 qui
507 2789 667 2858 nesciunt
687 2788 818 2878 legere,
835 2801 889 2859 set
906 2809 946 2858 ea
965 2790 1071 2859 corde
1092 2800 1194 2860 tenus
1214 2789 1445 2859 didiscerunt.
1464 2788 1563 2872 bem,
1581 2786 1858 2880 predicationem

426 2907 524 2956 suam
547 2886 677 2956 laciunt
697 2887 731 2954 in
753 2886 915 2956 domibus
932 2887 1152 2957 credentium
1169 2908 1329 2972 suorum,
1346 2887 1437 2956 sicut
1456 2896 1648 2978 pretactum
1666 2893 1720 2954 εει
1735 2905 1856 2977 supra,

425 2984 617 3076 aliquando
638 2983 671 3051 in
690 2984 815 3054 itinere
834 3005 897 3054 εεε
917 2986 952 3052 in
974 2985 1044 3054 via.
1066 2985 1170 3073 ltem,
1193 2985 1315 3054 dicunt
1337 2995 1372 3055 et
1392 2983 1519 3054 docent
1537 2982 1762 3053 credentibus
1783 2984 1858 3053 suis

424 3083 518 3172 quod
542 3102 624 3151 vera
645 3080 836 3173 penitentia
855 3095 889 3151 ει
908 3083 1147 3174 purgatorium
1169 3083 1213 3152 de
1233 3081 1384 3175 peccatis
1403 3093 1456 3151 est
1474 3080 1716 3151 tantummodo
1737 3081 1773 3148 in
1793 3079 1859 3150 hac

425 3179 512 3263 vita,
530 3191 564 3248 ει
586 3200 654 3248 εοε
676 3178 710 3246 in
730 3179 819 3266 alia;
836 3191 871 3249 et
889 3179 969 3250 ideo
985 3180 1106 3250 dicunt
1125 3191 1160 3250 et
1176 3180 1304 3250 docent
1321 3178 1546 3250 credentibus
1565 3178 1638 3248 suis
1656 3178 1752 3270 qnod
1772 3198 1857 3247 con·

425 3275 590 3347 fiteantur
609 3276 675 3346 sibi
697 3287 838 3369 peccata
858 3298 940 3364 sua,
964 3289 1002 3347 et
1024 3278 1173 3347 audiunt
1192 3278 1431 3348 confessiones
1451 3298 1591 3362 eorum,
1615 3288 1650 3346 et
1669 3275 1860 3345 absolvunt

425 3373 631 3445 confitentes
660 3374 749 3462 sibi,
776 3384 811 3445 et
834 3375 1025 3467 injungunt
1054 3376 1281 3468 penitentiam
1310 3373 1580 3460 confitentibus,
1610 3384 1645 3442 et
1675 3373 1861 3466 imponunt

425 3473 657 3543 communiter
679 3474 813 3563 jejunia
839 3486 941 3543 sexte
967 3473 1053 3543 serie
1080 3489 1116 3543 et
1133 3474 1309 3544 orationes
1328 3471 1444 3543 Pater
1465 3478 1656 3557 uoster‚.et
1679 3471 1802 3541 dicunt
1822 3491 1861 3541 εε

425 3569 556 3640 habere
582 3570 683 3641 talem
707 3581 912 3663 potestatem
941 3592 960 3640 a
989 3571 1061 3642 Deo
1089 3571 1182 3641 sicut
1205 3572 1315 3641 sancti
1339 3569 1486 3663 apostoli
1517 3569 1727 3640 habuerunt.
1750 3569 1859 3654 ltem,

427 3669 548 3738 dicunt
575 3681 609 3738 et
629 3670 756 3738 docent
775 3669 869 3760 quod
889 3672 1021 3752 anime,
1043 3670 1188 3761 quando
1204 3680 1337 3739 exeunt
1355 3668 1399 3738 de
1414 3668 1633 3760 corporibus,
1656 3667 1862 3736 immediate

427 3767 583 3852 vadunt,
606 3766 661 3836 vel
690 3767 724 3834 in
745 3767 946 3858 paradisum
975 3767 1034 3837 ille
1055 3788 1124 3858 que
1144 3767 1274 3836 debent
1295 3767 1444 3851 salvari,
1472 3765 1528 3835 vel
1549 3766 1584 3833 in
1603 3765 1782 3833 inlernnm
1801 3762 1862 3833 ille

426 3885 494 3954 que
514 3865 644 3934 debent
664 3865 861 3956 dampnari,
883 3878 918 3934 et
937 3886 1005 3935 non
1028 3875 1081 3934 εει
1099 3865 1189 3935 ειίεε
1209 3865 1306 3935 locus
1326 3867 1521 3933 animarum
1543 3875 1621 3955 post
1640 3861 1730 3932 banc
1747 3862 1861 3931 vitam

427 3962 493 4032 nisi
516 3961 697 4055 paradisus
723 3961 777 4031 vel
800 3962 970 4038 infernus.
994 3963 1104 4046 ltem,
1127 3963 1248 4032 dicunt
1267 3962 1361 4053 quod
1386 3961 1480 4030 nulla
1497 3961 1663 4050 sullragia
1678 3982 1748 4053 que
1775 3957 1863 4029 fiant

427 4081 490 4154 pro
510 4059 682 4129 defunctis
703 4071 849 4152 prosunt
872 4061 942 4144 eis,
964 4060 1046 4151 quia
1071 4059 1120 4128 illi
1148 4061 1208 4152 qui
1235 4071 1317 4129 sunt
1344 4060 1378 4128 in
1407 4059 1569 4153 paradiso
1590 4079 1658 4127 non
1678 4058 1858 4149 indigent,

427 4158 495 4226 illis
517 4168 633 4226 autem
658 4159 718 4249 qui
744 4168 825 4226 sunt
855 4158 889 4225 in
919 4158 1055 4228 inlerno
1078 4158 1172 4227 nulla
1200 4168 1253 4228 εει
1271 4157 1481 4250 redemptio.
1506 4156 1611 4240 ltcm,
1634 4156 1777 4246 quando
1795 4176 1860 4225 au-

429 4255 530 4325 diunt
549 4253 788 4325 consessiones
808 4255 929 4324 dicunt
946 4254 1194 4325 confitentibus
1206 4255 1301 4347 quod
1316 4255 1459 4347 quando
1473 4252 1733 4324 confitebuntur
1744 4273 1862 4323 sacer-

427 4353 569 4423 dotibus
591 4374 659 4422 non
680 4352 798 4422 dicant
817 4374 880 4423 nec
904 4353 1062 4423 revelent
1082 4353 1134 4424 eis
1154 4354 1250 4444 quod
1269 4353 1421 4423 confessi
1442 4353 1584 4421 luerunt
1603 4354 1688 4443 ipsis
1705 4350 1861 4420 Valden·

428 4451 540 4523 sibus.

485 4706 519 4767 7.
544 4705 594 4768 Dc
615 4705 768 4768 astuciis
790 4711 826 4767 et
846 4702 1007 4769 fallaciis
1029 4706 1162 4787 quibus
1184 4721 1222 4768 se
1246 4712 1450 4782 contegunt
1471 4706 1510 4768 in
1533 4702 1798 4784 respondendo.

476 4918 673 5016 Notandum
696 4960 749 5017 εει
774 4958 890 5017 autem
918 4947 1012 5041 quod
1031 4948 1224 5018 Valdenses
1243 4960 1325 5018 sunt
1346 4947 1450 5018 valde
1469 4945 1629 5017 difficiles
1649 4946 1694 5016 ad
1719 4948 1862 5018 exami-

431 5043 585 5112 nandum
601 5056 636 5114 et
656 5044 903 5136 inquirendum
926 5046 1023 5116 etad
1044 5045 1248 5116 habendum
1265 5045 1448 5116 veritatem
1468 5045 1512 5115 ab
1532 5045 1582 5116 eis
1605 5041 1645 5141 [ll
1665 5044 1733 5114 l37
1753 5041 1790 5141 b]
1815 5043 1862 5116 de

1258 5804 1489 6008 A
