4574 6404
865 675 991 740 curum
1017 675 1113 727 raas.
1634 660 1697 728 281

274 831 389 903 fratris
407 830 498 902 Petri
517 830 698 903 Iohannis.
725 832 829 917 ltem,
846 832 890 904 de
906 833 974 902 illis
993 857 1062 926 que
1081 834 1219 903 audivit
1238 833 1376 903 recitari
1396 833 1488 904 inter
1507 833 1704 925 Bequinos,

275 950 341 1022 que
359 930 475 999 dictus
495 930 601 999 irater
617 929 654 998 P.
676 929 844 1000 Iohannis
866 942 1023 1024 tempore
1042 953 1113 1022 quo
1135 932 1277 1000 vivebat
1296 930 1500 1023 predixerat
1519 944 1554 1000 et
1573 932 1703 1002 docue-

275 1036 325 1097 rat
344 1026 535 1097 familiares
553 1039 587 1096 et
604 1026 779 1119 Bequiuos
796 1030 841 1098 de
861 1040 951 1099 statu
971 1030 1127 1100 Romane
1146 1027 1299 1098 Ecclesia
1319 1040 1354 1097 et
1367 1027 1413 1098 de
1432 1028 1525 1098 aliis.
1543 1029 1643 1113 ltem,
1660 1030 1709 1100 de

275 1123 340 1194 hiis
360 1145 431 1216 que
448 1124 546 1215 legit,
569 1125 625 1194 vel
649 1125 788 1194 audivit
808 1126 874 1217 legi
898 1128 931 1195 in
953 1128 1109 1220 predicta
1126 1125 1264 1219 postilla
1286 1126 1479 1216 dequibus
1500 1127 1705 1197 recordatur

274 1242 310 1292 se
329 1222 511 1291 audivisse
534 1235 594 1291 aut
616 1223 755 1312 legisse.
776 1223 884 1300 ltem,
908 1225 936 1294 si
964 1225 1048 1314 logit
1067 1224 1124 1294 vel
1144 1223 1281 1293 audivit
1307 1223 1374 1313 legi
1394 1225 1428 1291 in
1451 1223 1542 1292 dicta
1565 1224 1702 1315 postilla

275 1319 366 1411 quod
397 1319 470 1388 sint
492 1330 625 1412 septem
651 1332 764 1389 status
792 1321 945 1391 Ecclesie
972 1335 1006 1392 et
1036 1323 1131 1412 quod
1161 1322 1195 1388 iu
1224 1319 1293 1391 fine
1317 1321 1408 1390 sexti
1436 1333 1566 1406 status,
1597 1343 1703 1412 quem

275 1419 347 1510 ipse
366 1416 452 1486 dicit
472 1417 645 1508 incepisse
665 1430 820 1488 asancto
838 1419 1021 1489 Francisco
1040 1420 1096 1490 vel
1120 1420 1164 1488 ab
1185 1420 1260 1508 ejus
1280 1418 1429 1507 Regula,
1454 1418 1560 1487 debet
1583 1422 1703 1489 termi-

276 1514 346 1584 nari
365 1524 478 1583 status
494 1514 648 1584 Romane
669 1515 822 1586 Ecclesia
847 1518 936 1586 sicut
959 1518 1025 1585 luit
1044 1517 1297 1586 exterminatus
1316 1526 1426 1584 status
1444 1535 1624 1608 synagoge
1649 1517 1706 1586 lu·

275 1611 418 1682 deorum
440 1611 473 1679 io
490 1612 645 1681 adventu
663 1612 802 1682 Christi.
826 1614 925 1694 Item,
949 1615 1043 1705 quod
1068 1615 1102 1682 in
1122 1613 1293 1706 principio
1312 1613 1450 1703 septimi
1470 1624 1581 1682 status
1596 1634 1701 1703 quem

274 1708 394 1779 dicunt
413 1708 566 1800 incipere
588 1722 724 1780 mortuo
745 1708 978 1783 Anti-Christo
998 1713 1104 1781 debet
1127 1712 1193 1780 alia
1215 1731 1304 1779 nova
1325 1710 1471 1779 ecclesia
1488 1709 1643 1779 inchoari
1665 1724 1701 1781 et

274 1807 462 1876 succedere
490 1808 600 1897 prime
628 1808 793 1888 ecclesie,
822 1810 947 1898 rejecta
977 1821 1010 1878 et
1039 1809 1223 1901 reprobata
1250 1809 1358 1898 prima
1378 1807 1524 1877 ecclesia
1546 1809 1718 1897 carnali,

274 1903 405 1974 scilicet
430 1903 582 1992 Ecclesia
606 1905 774 1975 Romana.
804 1906 912 1989 ltem,
936 1908 963 1977 si
988 1907 1127 1976 audivit
1151 1906 1283 1997 exponi
1305 1916 1339 1974 et
1363 1905 1509 1994 intelligi
1544 1905 1578 1973 in
1610 1907 1705 1976 dicto

274 2000 408 2093 postilla
430 2021 509 2070 esse
536 2002 723 2071 Romanam
745 2002 932 2073 Ecclesiam
955 2004 1046 2073 illam
1069 2003 1270 2073 Babilonem
1299 2004 1514 2072 meretricem
1541 2024 1700 2093 maguam

275 2097 834 2192 dequascribuurinApocalipsi‚
857 2103 992 2192 etquod
1008 2102 1187 2172 sitcivitas
1200 2098 1703 2193 dyabolietquodsitfiualiter

274 2195 496 2288 reprobanda
516 2209 551 2265 et
572 2198 748 2266 reicienda
773 2193 813 2293 [l0
835 2199 903 2266 ⁴50
923 2195 955 2296 c]
983 2221 1001 2269 a
1022 2198 1179 2280 Christo,
1201 2200 1291 2267 sicut
1308 2197 1372 2265 luit
1392 2197 1575 2287 reprobata
1593 2211 1627 2268 et
1650 2221 1702 2268 re-

261 2296 359 2383 ¹J'ecta
379 2313 558 2386 synagoga
579 2293 783 2365 ludeorum.
806 2295 913 2378 ltem,
937 2300 968 2367 si
987 2297 1125 2366 audivit
1143 2295 1209 2386 legi
1233 2294 1287 2364 vel
1309 2296 1439 2386 exponi
1459 2296 1552 2384 quod
1570 2298 1701 2387 prima-

275 2400 328 2460 tos
350 2391 499 2461 ecclesie
528 2393 701 2472 carnalis,
726 2394 860 2463 scilicet
882 2393 1035 2463 Ecclesie
1063 2394 1231 2476 Romane,
1253 2394 1481 2462 transferatur
1509 2392 1543 2460 iu
1573 2413 1703 2463 novam

272 2485 507 2572 herusalem,
531 2510 716 2580 perquam
738 2491 822 2560 dant
843 2491 1038 2582 intelligere
1058 2492 1245 2582 quamdam
1269 2511 1395 2560 novam
1419 2490 1602 2559 ecclesiam
1623 2512 1704 2562 esse

272 2582 423 2655 loturam
446 2585 480 2653 in
502 2585 593 2655 sexti
614 2585 683 2655 line
697 2600 808 2658 status
826 2603 862 2659 et
882 2589 916 2657 in
940 2587 1112 2682 principio
1130 2588 1284 2680 septimi.
1307 2587 1405 2673 ltem,
1424 2587 1453 2656 si
1474 2587 1611 2657 audivit
1630 2587 1702 2679 legi

273 2681 327 2752 vel
348 2683 480 2775 exponi
502 2683 596 2775 qood
617 2698 740 2754 sextus
764 2697 889 2772 status,
909 2686 1075 2756 videlicet
1102 2706 1121 2754 a
1145 2698 1300 2778 tempore
1321 2685 1376 2753 vel
1397 2684 1563 2774 aRegula
1583 2685 1718 2779 Sancti·

272 2776 445 2850 Francisci
464 2780 661 2863 inchoatus,
680 2784 867 2875 perfectius
882 2784 1039 2853 servabit
1051 2784 1206 2874 regulam
1223 2783 1463 2874 evangelicam
1486 2784 1706 2874 paupertatis

272 2888 306 2946 et
325 2880 534 2972 pacientiam
556 2900 659 2969 quam
679 2881 808 2972 aliquis
824 2882 913 2951 alius
933 2892 1044 2950 status
1063 2883 1108 2951 de
1129 2881 1411 2974 precedentibus.
1432 2880 1533 2966 Item,
1551 2881 1580 2950 si
1599 2883 1700 2950 audi-

272 2974 321 3043 vit
335 2976 467 3067 exponi
486 2977 581 3067 quod
597 2977 728 3067 Regula
748 2978 864 3048 Sancti
891 2978 1063 3048 Francisci
1084 2979 1128 3048 sit
1146 3000 1229 3048 vere
1248 2991 1283 3047 et
1304 2979 1444 3071 proprie
1464 2978 1521 3046 illa
1541 2999 1698 3069 evauge-

272 3069 335 3143 lica
355 3075 428 3142 vita
447 3094 551 3163 quam
569 3072 726 3144 Christus
747 3078 781 3144 in
801 3098 840 3146 se
861 3080 936 3169 ipso
951 3078 1110 3146 servavit
1124 3089 1158 3144 et
1177 3077 1345 3168 apostolis
1360 3076 1541 3168 imposuit,
1556 3087 1589 3144 et
1604 3076 1700 3166 quod

273 3181 359 3263 papa
381 3169 572 3240 nonhabet
593 3185 798 3263 potestatem
818 3195 1029 3266 supeream.
1055 3176 1151 3258 Rem,
1172 3175 1201 3243 si
1218 3173 1356 3243 audivit
1370 3174 1499 3266 exponi
1521 3175 1616 3265 qood
1635 3174 1705 3244 Re·

271 3269 349 3357 gula
369 3267 488 3338 Sancti
506 3267 678 3338 Francisci
703 3270 749 3339 sit
769 3275 929 3362 nequiter
950 3272 1152 3363 impugnata
1180 3283 1213 3340 et
1232 3273 1464 3341 condemnata
1484 3272 1528 3340 ab
1552 3272 1705 3342 ecclesia-

270 3365 459 3435 carnalium
480 3377 515 3434 et
537 3367 784 3470 superborum,
805 3370 896 3437 sicut
914 3368 1070 3438 Christus
1095 3370 1159 3438 luit
1177 3371 1455 3460 condempnatus
1480 3390 1499 3436 a
1520 3390 1700 3460 synagoga

270 3459 473 3533 iudeorum.
492 3462 591 3542 ltem,
613 3464 642 3533 si
661 3465 799 3535 audivit
816 3466 886 3535 dici
907 3469 962 3537 vel
983 3468 1113 3559 exponi
1134 3467 1166 3535 in
1188 3467 1279 3536 dicta
1301 3467 1437 3558 postilla
1463 3468 1557 3555 quod
1578 3467 1704 3535 beatus

271 3557 473 3630 Franciscus
494 3559 558 3628 luit
574 3574 652 3653 post
667 3562 841 3632 Christum
863 3566 987 3654 atejus
1010 3578 1155 3633 matrem
1171 3585 1330 3633 summus
1348 3563 1555 3652 evangelice
1575 3565 1648 3631 vite
1666 3574 1702 3632 et

271 3658 391 3747 regule
410 3658 631 3728 observator.
654 3659 759 3741 Item,
778 3662 872 3752 quod
894 3663 960 3731 snb
978 3662 1114 3731 Christo
1134 3664 1209 3752 ipse
1230 3661 1294 3729 luit
1315 3661 1447 3753 primus
1467 3672 1502 3730 et
1523 3661 1699 3751 principa-

269 3752 312 3823 lis
333 3755 512 3838 laudator,
537 3755 715 3842 iniciator,
737 3771 772 3826 et
792 3759 1116 3850 exemplatorsexti
1137 3769 1249 3827 status
1268 3758 1421 3828 Ecclesie
1441 3768 1474 3826 et
1494 3756 1702 3846 evangelice

270 3852 405 3942 regule.
428 3852 535 3935 ltem,
558 3855 653 3944 quod
675 3866 786 3924 status
803 3877 865 3926 seu
887 3856 1018 3946 Regula
1038 3856 1153 3924 Sancti
1178 3855 1350 3924 Francisci
1376 3855 1420 3924 ad
1443 3856 1551 3923 instar
1571 3852 1698 3924 Christi

270 3949 533 4042 crucifigeretur
551 3953 642 4020 circa
665 3950 768 4020 finem
789 3953 881 4022 sexti
902 3965 1025 4023 status.
1051 3953 1157 4035 ltem,
1177 3954 1272 4043 quod
1294 3966 1375 4021 tuuc
1393 3953 1515 4022 beatus
1541 3950 1698 4021 Francis-

269 4065 331 4116 cus
351 4048 580 4142 corporaliter
599 4061 759 4139 resurget
778 4051 971 4140 gloriosus,
995 4063 1032 4120 ut
1052 4051 1141 4119 sicut
1162 4051 1196 4118 in
1220 4050 1291 4119 vita
1311 4061 1345 4119 et
1365 4051 1399 4118 in
1421 4049 1534 4117 crocis
1553 4049 1699 4139 stigma·
1809 4122 1812 4129 ,

269 4143 363 4215 tihos
383 4147 448 4216 tuit
471 4144 606 4215 Christo
626 4147 851 4236 singulariter
869 4149 1096 4232 assimilatus,
1116 4149 1166 4218 sic
1187 4148 1221 4215 in
1251 4150 1504 4218 resurrectione
1524 4148 1700 4236 corporali

269 4238 405 4315 Christo
419 4244 645 4314 assimiletur.
669 4244 768 4329 llam,
791 4246 820 4315 si
838 4247 976 4316 audivit
993 4246 1122 4338 exponi
1141 4246 1236 4336 quod
1260 4247 1456 4338 persecutio
1476 4265 1538 4313 seu
1561 4245 1700 4335 punitio

210 4339 219 4353 “
270 4333 311 4432 [Ρ
329 4337 398 4408 t50
416 4338 454 4438 d]
473 4363 542 4432 que
564 4339 602 4410 fit
624 4362 717 4411 nunc
737 4343 780 4411 de
799 4344 866 4411 illis
891 4347 952 4434 qui
973 4355 1092 4412 tenent
1110 4343 1333 4435 pertinaciter
1353 4342 1544 4434 predictam
1565 4352 1696 4411 sectam

268 4433 502 4528 Requinornm
526 4443 572 4506 sit
591 4440 691 4529 quasi
712 4441 820 4510 altera
841 4439 1022 4510 crucifixio
1044 4441 1115 4510 vite
1133 4439 1281 4520 Christi,
1300 4452 1334 4509 et
1353 4440 1453 4530 quasi
1478 4459 1642 4507 manuum
1663 4451 1699 4508 et

268 4534 397 4624 pedum
418 4549 453 4607 et
474 4537 592 4605 lateris
608 4539 683 4626 ejus
702 4537 896 4608 transfixio.
919 4538 1018 4619 ltem,
1035 4540 1066 4607 si
1082 4538 1218 4606 audivit
1236 4539 1365 4630 exponi
1388 4537 1433 4608 de
1452 4557 1537 4629 apro
1559 4537 1697 4606 mistico

267 4629 502 4704 Anti-Christo
515 4635 707 4703 assimilato
718 4633 858 4727 Cayphc
871 4635 1026 4728 pontifici
1040 4635 1214 4704 Christum
1228 4635 1503 4727 condempuauti
1516 4645 1550 4702 et
1566 4633 1696 4703 Herodi

265 4725 439 4801 Christum
461 4732 641 4818 illudenti;
662 4733 766 4817 item,
788 4733 832 4802 de
851 4753 937 4824 apro
955 4753 1082 4822 magno
1102 4732 1335 4801 Anti-Christo
1353 4731 1546 4801 assimilato
1565 4731 1694 4801 Neroni

266 4834 301 4895 et
324 4826 470 4923 Symoni
497 4849 612 4918 mago.
634 4830 740 4912 ltem,
762 4832 793 4899 si
820 4830 958 4899 audivit
980 4830 1109 4921 exponi
1135 4830 1230 4921 quod
1255 4841 1367 4900 status
1393 4829 1620 4918 evangelicos
1648 4830 1695 4897 sit

265 4933 376 4996 status
397 4927 535 4998 illorum
562 4948 754 5019 pauperum
774 4948 876 5018 qnos,
898 4939 935 4995 ut
955 4927 1022 5018 ipsi
1041 4927 1184 5007 dicunt,
1205 4928 1429 5019 persequitur
1450 4938 1485 4996 et
1507 4927 1608 5018 punit
1626 4925 1692 4996 Ec·

263 5019 370 5094 clesia
387 5025 556 5107 Romana,
581 5028 663 5116 quia
685 5047 753 5095 non
774 5025 944 5094 obediunt
960 5036 1014 5095 set
1030 5025 1202 5094 rebellant
1220 5037 1342 5096 contra
1363 5035 1571 5116 potestatem
1593 5045 1696 5116 apos-

1498 5145 1535 5208 36
