4612 6404
431 619 503 688 280
717 633 878 686 rnacrrca
904 630 1334 709 rnovrsrrrorvrshnnnrrca
1359 629 1570 682 ruavrrarrs.

433 793 624 864 credebant
643 791 765 862 eadem
786 793 876 861 sicut
897 792 983 884 ipsi,
1006 794 1076 862 sint
1093 791 1245 862 Ecclesia
1267 792 1326 861 llei
1347 791 1402 862 vel
1424 790 1468 860 de
1488 790 1640 861 Ecclesia
1661 790 1738 877 Dei,
1761 803 1796 861 et
1813 790 1862 861 illi

434 891 494 984 qni
516 890 866 982 condempnaverunt
881 911 941 960 eos
960 903 1021 960 aut
1035 902 1289 961 consenserunt
1309 889 1343 957 in
1364 889 1717 981 condempnationem
1740 909 1861 959 eornm

433 1011 503 1059 non
524 991 593 1058 sint
610 987 654 1057 de
674 987 828 1057 Ecclesia
848 987 923 1056 Dei.
945 987 1042 1069 item,
1065 988 1094 1055 si
1110 987 1227 1068 scivit,
1250 988 1304 1056 vel
1324 987 1461 1056 audivit
1479 986 1573 1078 quod
1596 987 1752 1079 ipsorum
1776 1008 1863 1057 con-

433 1087 700 1178 dempnatorum
730 1085 805 1154 dies
831 1084 949 1155 obitus
973 1085 1043 1154 sint
1069 1086 1175 1155 notati
1209 1097 1270 1154 aut
1302 1085 1423 1176 scripti
1451 1085 1497 1154 ab
1527 1084 1704 1176 aliquibus
1739 1085 1774 1152 in
1798 1085 1861 1154 ha·

435 1184 602 1253 lendariis
622 1183 679 1252 vel
706 1183 874 1254 nominati
903 1184 938 1250 in
967 1183 1124 1266 letaniis,
1154 1183 1244 1252 sicot
1264 1182 1412 1252 aliorum
1436 1194 1636 1251 sanctorum
1661 1181 1865 1251 scribuntur

433 1281 549 1351 obitus
572 1281 605 1350 in
628 1281 765 1350 letaniis
786 1293 820 1350 et
841 1281 1050 1351 invocantur
1072 1282 1211 1350 nomina
1240 1291 1275 1350 et
1303 1281 1533 1372 implorantur
1552 1300 1673 1349 eornm
1694 1279 1864 1371 sullragia

432 1381 466 1447 in
488 1378 637 1448 letaniis.
661 1379 765 1462 ltem,·
779 1378 808 1447 si
824 1378 960 1447 audivit
979 1378 1207 1468 dogmatizari
1229 1378 1318 1446 inter
1334 1377 1511 1469 Bequiuos
1530 1378 1626 1468 quod
1648 1377 1789 1470 prelati,
1810 1399 1864 1446 re·

433 1477 544 1567 ligiosi
563 1487 624 1545 aut
646 1475 764 1545 clerici
783 1474 952 1545 habentes
977 1486 1094 1545 vestes
1123 1474 1318 1568 superfluas
1336 1486 1371 1544 et
1392 1475 1568 1566 preciosas
1592 1476 1724 1544 laniunt
1741 1486 1864 1545 contra

431 1573 659 1664 Evangelinm
679 1573 803 1643 Christi
825 1584 860 1642 et
875 1574 1068 1643 secundum
1091 1586 1291 1666 preceptum
1311 1570 1549 1658 Anti-Christi,
1569 1572 1624 1642 vel
1646 1583 1729 1642 sunt
1749 1573 1795 1642 de
1816 1573 1866 1641 la-

432 1672 526 1740 milia
546 1670 788 1752 Anti-Christi,
809 1672 864 1739 vel
886 1671 979 1762 qnod
1002 1685 1188 1763 paupertas
1205 1669 1330 1740 Christi
1350 1670 1575 1760 singulariter
1594 1671 1728 1740 relucet
1747 1671 1783 1738 in
1805 1692 1865 1762 pe-

434 1769 532 1839 taciis
554 1790 745 1863 pauperum
766 1769 1015 1859 Bequinornm.
1041 1768 1138 1852 ltem,
1160 1768 1188 1837 si
1210 1768 1347 1838 audivit
1366 1767 1593 1858 dogmatizari
1619 1769 1710 1836 inter
1736 1767 1864 1859 Bequi-

434 1888 498 1936 nos
520 1868 615 1958 qnod
638 1866 791 1937 Ecclesia
819 1866 881 1935 Dei
899 1881 933 1936 et
957 1865 1045 1936 fides
1067 1865 1191 1936 Christi
1219 1867 1253 1934 in
1281 1879 1438 1959 ternpore
1463 1866 1632 1936 moderno
1653 1865 1865 1935 remanserit

434 1964 548 2033 solum
577 1965 611 2032 in
641 1966 769 2056 populo
796 1965 929 2033 minnto
949 1964 1184 2056 Requinorum
1207 1984 1397 2056 pauperum
1423 1964 1468 2033 de
1494 1967 1602 2034 tercio
1626 1961 1751 2033 ordine
1772 1963 1863 2033 etin

433 2062 502 2132 alio
534 2061 663 2155 populo
694 2063 828 2131 minuto
853 2063 912 2152 qui
939 2084 1007 2134 non
1040 2062 1262 2154 persequitur
1289 2062 1382 2153 ipsos
1413 2081 1584 2154 pauperes
1612 2081 1677 2130 nec
1705 2061 1864 2151 regulam

432 2161 672 2251 evangelicam
696 2155 737 2255 [l0
756 2158 824 2226 t50
842 2155 876 2256 a]
896 2163 1124 2253 paupertatis.
1148 2160 1251 2241 ltem,
1275 2159 1304 2228 si
1325 2159 1462 2229 audivit
1487 2159 1557 2228 dici
1577 2159 1669 2228 inter
1686 2157 1865 2250 Bequinos

434 2259 528 2349 quod
551 2257 692 2347 majoris
715 2257 939 2349 perfectionis
966 2259 1010 2326 sit
1037 2258 1120 2350 ipsis
1144 2256 1309 2349 Bequinis
1334 2257 1456 2327 vivere
1480 2256 1713 2326 mendicando
1733 2278 1798 2326 seu
1819 2256 1865 2325 de

336 2446 339 2451 ‚
436 2355 682 2440 mendicitate,
705 2376 809 2446 quam
831 2354 1022 2425 laborando
1048 2356 1174 2426 sende
1200 2356 1319 2425 labore
1339 2375 1505 2425 manuum
1525 2375 1689 2440 suarum;
1711 2367 1748 2423 et
1765 2353 1863 2445 quod

435 2474 522 2545 papa
552 2474 620 2523 non
651 2454 760 2545 possit
793 2452 843 2521 eis
873 2452 1033 2523 inhibere
1064 2465 1125 2523 aut
1154 2475 1216 2545 per
1243 2453 1452 2523 sententiam
1487 2451 1864 2523 excommunicationis

432 2551 644 2642 compellere
662 2550 758 2642 quod
778 2571 847 2620 non
868 2551 1069 2621 mendicent
1093 2551 1243 2644 publice,
1264 2553 1295 2619 si
1316 2551 1451 2643 possint
1468 2551 1569 2620 aliter
1589 2553 1715 2619 vivere
1731 2570 1864 2620 conve·

432 2648 569 2718 nienter
596 2650 641 2718 de
666 2648 785 2719 labore
817 2670 981 2718 manuum
1005 2668 1162 2734 suarum,
1188 2670 1266 2719 cum
1289 2649 1353 2741 ipsi
1373 2671 1441 2719 non
1462 2647 1624 2719 laborent
1642 2649 1677 2717 in
1704 2647 1865 2738 predica·

433 2747 528 2817 tione
546 2746 728 2836 Evangelii
752 2745 880 2837 quibus
905 2767 969 2816 nec
992 2747 1159 2839 competit
1186 2747 1380 2840 predicare.
1410 2747 1521 2838 item,
1547 2747 1592 2816 de
1612 2744 1773 2815 doctrina
1800 2764 1863 2814 sen

433 2847 604 2936 scriptura
625 2844 740 2913 lratris
759 2842 849 2913 Petri
864 2844 1032 2914 Iohannis
1046 2844 1137 2913 Olivi
1157 2846 1201 2914 de
1218 2842 1345 2914 ordine
1364 2844 1521 2914 Fratrum
1541 2843 1730 2928 hlinorum,
1752 2842 1782 2911 si
1801 2862 1864 2911 au·

433 2941 525 3010 divit
543 2962 618 3011 eam
640 2942 707 3011 sibi
729 2940 795 3032 legi
814 2941 848 3010 in
869 2942 1019 3033 vulgari,
1041 2954 1101 3012 aut
1119 2942 1149 3012 si
1168 2945 1243 3033 ipse
1262 2942 1346 3032 legit
1364 2963 1441 3011 eam
1460 2942 1528 3011 sibi
1549 2941 1616 3033 ipsi
1640 2940 1694 3010 vel
1717 2939 1810 3028 aliis,
1830 2950 1866 3009 et

433 3038 507 3121 ubi,
531 3052 566 3108 et
585 3039 773 3130 quociens,
796 3051 832 3109 et
850 3040 991 3131 quibus.
1014 3039 1116 3122 ltem,
1139 3062 1229 3131 quos
1249 3040 1357 3109 libros
1379 3039 1538 3132 eJ'usdem
1561 3039 1676 3108 lratris
1695 3037 1790 3108 Petri
1807 3037 1864 3109 Jo-

433 3135 559 3206 hannis
574 3136 630 3205 vel
650 3135 695 3205 de
714 3136 842 3227 quibus
861 3136 999 3206 audivit
1019 3137 1099 3229 legi,
1123 3137 1178 3207 vel
1199 3137 1302 3229 legit,
1324 3140 1353 3206 si
1372 3136 1417 3207 de
1437 3136 1577 3206 Postilla
1595 3157 1703 3229 super
1722 3135 1862 3228 Apoca-

435 3233 549 3327 lipsim
572 3234 629 3304 vel
657 3234 702 3303 de
730 3245 876 3304 tractatu
897 3236 942 3305 de
963 3247 1185 3327 paupertate,
1209 3235 1264 3304 vel
1290 3234 1335 3304 de
1364 3234 1610 3320 mendicitate,
1635 3233 1693 3303 vel
1714 3233 1759 3303 de
1784 3233 1864 3303 aliis

433 3331 611 3424 opusculis
631 3332 802 3422 ejusdem.
823 3332 923 3417 item,
944 3332 973 3401 si
994 3343 1132 3426 reputat
1149 3343 1209 3402 aut
1227 3333 1340 3402 credit
1358 3333 1566 3424 scripturam
1585 3343 1646 3401 aut
1665 3330 1863 3402 doctrinam

435 3430 594 3519 ejusdem
614 3429 729 3500 lratris
745 3428 837 3499 Petri
856 3429 1025 3502 lobannis
1045 3452 1123 3500 esse
1142 3452 1262 3500 veram
1284 3441 1319 3500 ct
1337 3429 1559 3501 catholicam.
1581 3430 1689 3513 item,
1711 3430 1741 3499 si
1760 3429 1864 3499 audi·

431 3529 483 3598 vit
502 3527 571 3598 dici
592 3528 682 3598 inter
698 3526 874 3618 Bequinos
902 3527 957 3598 vel
981 3529 1026 3598 ab
1050 3527 1227 3619 aliquibus
1246 3550 1366 3599 eornm
1385 3527 1480 3619 qnod
1505 3527 1678 3620 scriptura
1695 3549 1759 3597 sen
1781 3526 1867 3598 doo-

314 3654 317 3659 ·
432 3626 523 3695 trina
545 3625 704 3716 ejusdem
731 3626 778 3695 sit
803 3628 913 3718 magis
942 3627 1138 3696 necessaria
1164 3625 1318 3696 Ecclesie
1342 3625 1403 3695 Dei
1428 3646 1533 3717 quam
1559 3646 1866 3717 quorumcumque

431 3723 581 3794 aliorum
602 3724 786 3794 doctorum
806 3735 868 3793 aut
886 3734 1108 3808 sanctornm,
1132 3737 1248 3816 preter
1269 3725 1447 3816 apostolos
1466 3734 1503 3792 et
1521 3722 1783 3813 evangelistas,
1807 3722 1865 3793 vel

431 3821 526 3913 quod
547 3825 623 3914 ipse
640 3821 686 3891 sit
702 3823 813 3910 major
826 3821 949 3893 doctor
964 3822 998 3890 in
1013 3821 1168 3891 Ecclesia
1186 3821 1246 3890 Dei
1265 3833 1342 3912 post
1357 3820 1544 3913 Apostolos
1561 3832 1596 3890 et
1609 3821 1863 3911 evangelistas.

432 3919 538 4005 ltem,
576 3919 606 3989 si
642 3918 779 3988 audivit
817 3919 886 3989 dici
925 3919 981 3990 vel
1007 3919 1139 4011 exponi
1167 3919 1258 3988 inter
1284 3918 1460 4010 Bequinos
1491 3918 1585 4011 quod
1616 3917 1730 3988 dictus
1758 3919 1867 3989 frater

430 4016 552 4087 Petrus
571 4014 753 4099 Iohannis,
775 4017 1003 4109 spiritualiter
1020 4015 1243 4109 accipiendo,
1268 4016 1314 4085 sit
1333 4016 1392 4086 ille
1416 4018 1563 4107 angelus
1582 4015 1628 4085 de
1648 4036 1722 4109 quo
1740 4016 1866 4087 scribi·

432 4127 488 4183 tur
507 4117 543 4182 in
559 4113 760 4207 Apocalipsi
778 4114 873 4206 quod
890 4115 995 4184 lanies
1005 4116 1080 4202 ejus
1092 4125 1168 4184 erat
1182 4114 1271 4183 sicut
1283 4112 1335 4184 sol
1347 4126 1382 4183 et
1391 4113 1543 4184 habebat
1558 4112 1686 4183 librum
1702 4126 1865 4207 apertum

432 4211 467 4280 in
487 4233 592 4281 manu
608 4231 686 4296 sua,
707 4210 802 4301 quia,
821 4222 859 4280 nt
878 4211 999 4281 dicunt
1015 4210 1183 4302 Bequini‚
1206 4212 1273 4281 sibi
1293 4211 1518 4301 singulariter
1542 4212 1607 4281 lnit
1623 4223 1743 4305 aperta
1769 4212 1865 4281 veri·

434 4307 904 4399 tasChristietintelligentia
924 4309 1005 4378 libri
1026 4302 1066 4404 [l0
1088 4304 1202 4405 l50b]
1219 4308 1440 4401 Apocalipsis
1459 4309 1493 4378 in
1514 4309 1653 4402 postilla
1672 4309 1865 4397 sudhem,

431 4409 462 4477 si
481 4407 618 4477 audivit
640 4406 708 4477 dici
737 4408 828 4477 inter
853 4407 1030 4500 Bequinos
1049 4406 1143 4497 quod
1167 4427 1254 4498 papa
1277 4428 1345 4476 non
1367 4406 1477 4500 possit
1498 4405 1760 4500 condempnare
1780 4406 1866 4477 doc·

433 4505 558 4574 trinam
583 4516 644 4573 ant
670 4504 878 4597 scripturam
902 4504 1058 4595 ejusdem
1088 4504 1204 4573 lratris
1224 4502 1262 4572 P.
1285 4504 1455 4575 lobannis
1480 4527 1526 4575 ex
1546 4525 1589 4574 eo
1611 4504 1706 4596 quod
1727 4515 1804 4588 est,
1829 4517 1867 4575 ut

432 4601 568 4689 dicunt,
589 4599 744 4672 revelata
761 4602 828 4673 sihi
845 4623 865 4672 a
881 4603 970 4688 De03
987 4613 1035 4686 et,
1055 4602 1084 4670 si
1104 4602 1379 4698 condempnaret
1398 4623 1490 4690 eam,
1512 4602 1608 4693 quod
1625 4603 1865 4695 condempna-

433 4711 486 4769 ret
504 4699 613 4770 vitam
629 4699 770 4787 Christi,
791 4712 828 4771 et
846 4700 942 4792 quod
966 4700 1030 4792 ipsi
1052 4698 1198 4790 Bequini
1217 4721 1286 4771 non
1304 4710 1507 4794 reputarent
1527 4720 1605 4769 eam
1626 4701 1865 4792 condempna-

433 4810 503 4868 tam
524 4817 589 4867 nec
604 4798 840 4891 reprobatam,
863 4819 928 4868 nec
941 4796 1128 4868 obedirent
1144 4818 1232 4890 pape
1252 4798 1287 4866 in
1304 4798 1390 4886 hoc;
1408 4808 1443 4868 et
1460 4796 1556 4890 quod
1575 4819 1644 4868 non
1660 4807 1866 4890 reputarent

432 4916 471 4965 se
492 4915 595 4987 posse
614 4898 911 4967 excommunicari
934 4907 1076 4989 propter
1094 4893 1160 4966 hoc
1185 4917 1247 4987 per
1271 4896 1437 4966 eundem.
1460 4897 1544 4966 ltem
1555 4948 1566 4984 ‚
1587 4896 1672 4988 quid
1693 4895 1769 4989 ipse
1786 4916 1863 4966 cro·

432 4991 485 5061 dit
504 4993 724 5064 autoredidit
742 4994 787 5064 dc
804 4992 969 5085 predictis
981 4990 1138 5063 articulis
1154 4993 1247 5062 circa
1262 4991 1456 5062 doctrinam
1473 5004 1536 5063 ant
1553 4993 1763 5087 scripturam
1780 4992 1863 5063 dicti
1944 5006 1948 5015 ·
