4574 6404
434 647 501 715 t-7t
719 661 881 714 ensurius
907 662 1147 728 rnoutsrrronrs
1175 659 1336 713 unnurruu
1362 660 1571 712 nnavtruru.

433 843 514 914 gum
536 821 796 908 induratione,
819 841 886 912 qua
908 832 1150 913 perpetuatum
1172 831 1225 891 est
1243 821 1287 890 ab
1305 816 1427 891 eadem
1446 819 1553 910 ¹sede;
1575 833 1628 891 est
1647 821 1863 913 protundum

433 941 496 990 seu
521 917 671 990 solidum
694 919 728 987 in
755 939 817 987 sua
838 919 1042 1010 operatione
1059 942 1121 990 seu
1139 922 1293 1005 actione;
1316 929 1369 987 est
1388 917 1494 986 latum
1521 918 1555 988 in
1576 920 1797 991 extensione.
1821 921 1865 990 Et
1883 935 1888 942 ’

434 1018 478 1087 dc
500 1018 574 1087 istis
594 1026 744 1109 quatuor
764 1037 824 1108 per
845 1015 1003 1086 ordinem
1022 1019 1056 1086 in
1077 1017 1306 1109 sequentibus
1324 1015 1441 1106 aliqua
1462 1015 1610 1085 dicenda
1631 1028 1726 1089 sunt.

486 1115 518 1183 l.
546 1114 661 1184 Primo
681 1114 787 1205 igitur
801 1113 992 1184 notandum
1011 1114 1176 1208 estquod
1197 1113 1348 1185 ollicium
1370 1113 1606 1204 inquisitionis
1621 1113 1727 1184 habet
1743 1116 1863 1186 excel·

435 1212 575 1283 lentiam
595 1212 789 1281 altitudinis
810 1232 855 1281 ex
869 1233 933 1281 sua
947 1212 1098 1303 origine,
1116 1212 1197 1304 quia
1216 1210 1417 1281 immediate
1434 1211 1550 1281 assde
1565 1212 1756 1304 apostolica
1775 1213 1863 1282 diri·

434 1321 551 1395 vatur,
575 1321 609 1379 et
626 1309 866 1394 committitur,
889 1319 924 1378 et
943 1311 1098 1380 noscitur
1117 1310 1327 1379 institutum.
1348 1308 1397 1378 De
1417 1308 1483 1378 hoc
1511 1307 1659 1378 habetur
1679 1310 1713 1379 in
1734 1311 1862 1381 litteris

434 1407 635 1500 apostolicis
654 1407 700 1477 de
720 1408 967 1478 commissione
991 1405 1095 1476 otfictt
1118 1407 1354 1500 inquisitionis
1379 1405 1566 1476 Clementis
1587 1426 1675 1499 pape
1695 1407 1771 1476 llllli
1803 1408 1859 1477 in·

434 1505 664 1596 quisitoribus
684 1506 719 1574 in
744 1505 950 1575 Lombardia
970 1531 977 1573 :
999 1503 1094 1575 Licet
1119 1527 1165 1575 aa
1183 1504 1361 1590 omar'bos3
1390 1504 1471 1574 item
1493 1505 1527 1572 in
1556 1503 1669 1573 littera
1697 1505 1860 1595 ejusdem

432 1600 618 1671 Clementis
644 1624 746 1696 pape,
769 1614 803 1672 et
821 1602 978 1694 Gregorii
1006 1623 1095 1696 pape
1113 1603 1168 1685 Χῖ,
1195 1613 1230 1673 et
1250 1600 1417 1696 Nicholay
1445 1623 1533 1695 pape
1560 1600 1636 1670 llll²i
1665 1602 1861 1673 consimilis

434 1700 566 1770 tenoris
585 1700 852 1792 inquisitoribus
872 1701 906 1768 in
925 1721 1033 1792 regno
1049 1701 1191 1770 Francie
1207 1726 1215 1770 :
1230 1699 1307 1770 Pre
1321 1700 1467 1771 cunctas.
1478 1698 1531 1768 Et
1544 1698 1647 1792 infra
1660 1726 1671 1768 :
1688 1699 1860 1771 Utautem

433 1794 585 1867 olficium
605 1798 841 1891 inquisitionis
859 1810 979 1868 contra
1000 1797 1172 1869 hereticos
1194 1798 1303 1891 possit
1321 1797 1497 1870 cldcacius
1517 1798 1715 1889 adimpleri,
1730 1798 1861 1869 discre-

434 1894 518 1963 tioni
537 1906 655 1965 vestro
676 1917 737 1988 per
756 1897 945 1988 apostolica
965 1899 1092 1989 scripta
1113 1896 1321 1965 mandamus
1341 1898 1374 1965 in
1396 1897 1636 1966 remissionem
1660 1895 1762 1965 vobis
1782 1917 1862 1988 peo-

432 1993 607 2061 caminum
622 1995 1021 2085 injungentesquatinus
1035 1994 1637 2074 incaritateDei‚hominumtimore
1649 1993 1859 2086 postposito,

432 2090 598 2160 virtutem
619 2092 762 2184 spiritus
783 2091 969 2161 induentes
988 2112 1032 2161 ex
1052 2091 1123 2162 alto
1146 2092 1339 2184 predictum
1366 2091 1519 2162 officium
1546 2090 1640 2183 quod
1666 2090 1862 2183 apostolica

430 2187 533 2257 vobis
553 2189 759 2258 auctoritate
776 2184 816 2285 [l0
835 2189 880 2257 96
898 2184 934 2284 d]
956 2190 1205 2259 committimus
1220 2191 1344 2275 simul,
1367 2190 1424 2259 vel
1441 2189 1643 2281 separatim,
1660 2199 1721 2257 aut
1739 2189 1862 2280 singu·

431 2284 562 2369 lariter‚
594 2299 697 2379 prout
727 2287 860 2378 negocii
897 2285 1026 2356 utilitas
1054 2287 1236 2374 suadebit,
1267 2289 1333 2358 sub
1367 2310 1429 2380 spe
1459 2287 1630 2357 mercedis
1659 2298 1780 2357 eterne
1807 2286 1862 2357 sic

432 2381 619 2454 efficaciter
639 2387 804 2478 prosequi
823 2394 859 2454 et
878 2385 1005 2477 exequi
1025 2384 1196 2455 studeatis
1216 2397 1254 2456 ut
1272 2386 1373 2456 radix
1393 2384 1587 2478 iniquitatis
1607 2384 1760 2455 heretice
1777 2405 1861 2453 suo-

427 2480 577 2553 oidatur.

478 2578 528 2648 De
540 2580 663 2651 eodem
683 2580 832 2650 babetur
850 2580 885 2649 in
905 2581 1031 2650 litteris
1046 2578 1238 2651 Alexandri
1261 2602 1349 2675 pape
1366 2579 1444 2651 lllll
1464 2592 1498 2651 et
1513 2579 1641 2650 Urbani
1655 2579 1856 2673 papettttt:

431 2673 700 2766 Catholiaefidei
712 2679 910 2770 negocium.
926 2677 980 2747 Et
993 2678 1095 2772 iufra
1104 2704 1115 2746 :
1128 2701 1234 2773 super
1244 2678 1445 2770 hujusmodi
1463 2677 1722 2770 negociovobis
1734 2677 1859 2749 imme·

428 2770 556 2843 diatea
577 2776 732 2868 predicta
753 2777 837 2847 sede
856 2776 1056 2848 commisso.

476 2869 511 2940 2.
540 2873 797 2944 Secundovero
813 2872 1858 2967 olliciuminquisitionisbabetlongitudinemdurationisex

427 2971 694 3062 perpetuatione
711 2973 820 3063 ipsius
837 2993 906 3065 que
924 2973 1103 3043 invenitur
1119 2973 1206 3042 lacta
1223 2972 1331 3042 luisse
1342 2994 1403 3067 per
1415 2972 1626 3042 Clementem
1642 2991 1766 3064 papam
1780 2969 1855 3058 llll,

428 3062 558 3137 deinde
576 3090 636 3160 per
655 3068 869 3163 Npcbolaum
891 3090 1014 3163 papam
1031 3070 1100 3155 llll,
1112 3071 1201 3140 sicut
1214 3082 1307 3162 patet
1318 3073 1353 3139 in
1371 3071 1495 3140 litteris
1511 3068 1710 3163 apostolicis
1722 3067 1854 3138 utrius-

429 3183 499 3253 que
522 3166 713 3236 consimilis
735 3170 866 3237 tenoris
887 3192 893 3234 :
917 3167 977 3237 Ne
995 3168 1106 3261 aliqui
1120 3166 1371 3238 dubitationem
1392 3167 1542 3261 forsitan
1558 3166 1740 3237 sollicitam
1759 3166 1856 3237 aad·

426 3265 535 3331 tontes
553 3263 590 3330 in
607 3263 751 3333 dubiam
769 3273 1023 3347 revocantem.
1043 3265 1195 3349 Quarum
1214 3266 1405 3336 litterarum
1425 3278 1564 3337 tenores
1580 3287 1660 3335 cum
1673 3265 1856 3337 decisione

428 3377 581 3450 congrua
592 3361 789 3433 Bonilacius
808 3364 1005 3455 papaVlll¹¹⁸
1022 3365 1167 3434 inseruit
1184 3364 1323 3455 injure,
1335 3363 1440 3435 Extra
1461 3365 1506 3434 de
1527 3363 1655 3434 heretis
1671 3362 1760 3433 libro
1769 3362 1852 3432 Vl⁰:

426 3455 477 3525 Ne
497 3458 604 3551 aliqui
632 3459 887 3531 dubitationem
916 3461 1099 3532 sollicitam
1123 3461 1317 3532 excitantes
1347 3463 1382 3532 in
1411 3462 1557 3531 dubium
1589 3455 1776 3545 reiocent,
1805 3479 1852 3530 au

427 3551 580 3625 officium
600 3557 836 3650 inquisitionis
856 3557 1009 3629 heretice
1036 3559 1219 3653 pravitatis
1236 3558 1463 3629 sollicitudini
1491 3572 1609 3630 vestre
1629 3559 1717 3627 inlra
1736 3569 1853 3629 certos

427 3651 555 3723 limites
574 3654 618 3723 ab
638 3656 827 3747 apostolica
847 3657 932 3726 sede
955 3658 1178 3728 commissum
1199 3657 1337 3750 expiret
1359 3679 1421 3751 per
1444 3670 1591 3727 mortem
1612 3655 1747 3726 romani
1767 3677 1855 3748 pon·

427 3746 529 3821 tificis
548 3752 607 3844 qui
627 3753 820 3839 commisit,
843 3756 996 3846 presenti
1020 3755 1238 3826 declaramus
1257 3754 1372 3826 edicto
1391 3757 1505 3850 ipsum
1526 3754 1679 3826 ollicium
1701 3774 1772 3824 non
1792 3774 1855 3825 so-

426 3847 497 3916 lum
525 3850 640 3941 quoad
671 3851 836 3941 negocia,
868 3851 1012 3922 vivente
1041 3852 1265 3934 mandatore,
1288 3853 1439 3946 incepta,
1459 3874 1579 3948 ymmo
1602 3852 1705 3922 etiam
1735 3851 1856 3942 quoad

426 3945 559 4036 integra
580 3957 615 4017 et
632 3968 700 4018 non
719 3948 874 4040 incepta,
896 3962 944 4036 et,
966 3951 1060 4043 quod
1083 3951 1161 4044 plus
1183 3945 1224 4046 [ll
1245 3950 1290 4017 97
1310 3948 1345 4046 a]
1369 3964 1442 4037 est,
1465 3961 1633 4044 quantum
1654 3949 1699 4019 ad
1719 3969 1854 4041 eaque

425 4053 509 4114 tunc
528 4066 748 4137 nequaquam
767 4061 1000 4136 emerserant,
1019 4048 1055 4118 in
1076 4050 1231 4118 favorem
1253 4046 1333 4117 lidei
1355 4060 1432 4142 post
1448 4046 1698 4119 committentis
1713 4045 1851 4116 obitum

422 4142 627 4234 perdurare.

474 4242 507 4307 3.
529 4239 650 4311 Tercio
666 4262 807 4334 quoque
826 4240 979 4312 officium
1007 4243 1245 4336 inquisitionis
1270 4243 1376 4314 habet
1401 4243 1610 4338 profundam
1635 4242 1853 4314 soliditatem

397 4425 401 4436 Ι
423 4347 458 4407 et
478 4340 634 4429 uigorem
656 4339 795 4410 virtutis
815 4351 850 4411 et
870 4340 1085 4411 fortitudinis
1103 4341 1139 4413 iu
1159 4362 1225 4411 sua
1245 4343 1450 4452 operatione
1473 4364 1536 4413 seu
1568 4343 1729 4427 actione;
1751 4342 1851 4434 quod

422 4445 537 4526 patet,
557 4437 639 4528 quia
658 4439 693 4505 in
714 4437 851 4508 actibus
870 4439 944 4509 suis
963 4451 1016 4509 est
1037 4438 1152 4529 magni
1172 4438 1328 4530 vigoris,
1344 4441 1434 4510 sicut
1452 4442 1487 4510 in
1505 4437 1851 4510 excommunicatio*

422 4532 527 4603 nibus
541 4554 604 4603 seu
624 4535 807 4604 sententiis
827 4537 1200 4606 excommunicationis
1221 4537 1394 4626 serendis,
1425 4539 1459 4608 in
1479 4538 1760 4608 absolutionibus
1783 4540 1860 4607 im-

421 4630 619 4721 pandendis
638 4634 726 4702 etin
746 4633 1124 4727 condempnationibus
1141 4634 1323 4706 faciendis.

389 4813 393 4819 Ι
470 4727 514 4797 Α.
536 4769 581 4782 -
600 4727 924 4802 Excommunicatio
938 4731 1111 4825 siquidem
1128 4753 1190 4802 seu
1204 4733 1378 4804 sententia
1403 4733 1778 4805 excommunicationis
1799 4734 1853 4803 in·

422 4826 630 4916 quisitorum
652 4827 774 4898 tortior
792 4839 845 4898 est
864 4829 990 4899 ceteris
1009 4830 1433 4903 excommunicationibus
1453 4832 1489 4903 iu
1507 4843 1671 4925 quatuor.

471 4921 511 5017 o)
541 4923 656 4996 Primo
689 4925 831 5018 quidem
862 4926 928 5019 ipsi
961 4926 1188 5019 inquisitores
1220 4940 1367 5021 possunt
1399 4950 1525 5022 cogere
1559 4941 1749 5024 potestates
1783 4951 1848 5002 sen

422 5029 576 5090 rectores
595 5022 884 5093 communitatum
904 5023 949 5094 ad
964 5023 1203 5095 banniendum
1223 5046 1389 5118 personas
1408 5028 1729 5100 excommunicatas
1748 5048 1769 5098 a
1790 5049 1843 5100 se.
