4574 6404
422 664 468 731 28
707 677 869 731 annorum
895 678 1136 745 {noursrrrours
1164 674 1325 729 acaunus
1351 674 1561 728 enavimus.

425 838 576 930 presenti
599 849 754 930 tempore
774 857 843 907 non
864 837 967 908 valeo
996 836 1227 930 personaliter
1247 856 1303 905 me
1321 835 1480 905 conlerre
1500 835 1543 904 ad
1566 835 1744 906 civitatem
1769 857 1853 908 ves·

426 947 511 1005 tram
534 957 596 1029 pro
614 934 793 1028 premissis
810 935 940 1006 ibidem
961 929 1001 1030 [l0
1020 935 1064 1004 ts
1082 931 1118 1032 b]
1143 932 1289 1024 agendis
1307 946 1447 1025 propter
1463 931 1729 1024 occupationem
1751 954 1854 1025 gran-

423 1032 503 1102 dem
521 1044 556 1103 et
572 1033 801 1103 necessariam
820 1033 970 1124 plurium
989 1044 1024 1103 et
1041 1032 1229 1102 arduorum
1247 1030 1472 1119 negociorum
1491 1031 1620 1121 quibus
1639 1051 1695 1100 me
1713 1042 1854 1123 oportet

424 1131 594 1201 interesse
620 1152 665 1200 ex
685 1130 900 1200 incumbenti
921 1128 1036 1201 allicio
1056 1131 1091 1199 in
1119 1129 1275 1222 partibus
1293 1126 1521 1213 TholosaniS,
1544 1127 1626 1218 quia
1652 1128 1681 1197 si
1707 1139 1851 1221 oportu-

423 1250 505 1298 num
530 1228 631 1298 michi
650 1228 739 1299 loret
757 1239 792 1298 at
813 1249 875 1298 vos
896 1227 978 1297 illuc
996 1228 1188 1312 accedere,
1210 1227 1357 1297 lacerem
1380 1225 1415 1295 id
1437 1225 1600 1296 libenter.

423 1482 482 1547 34.
507 1484 640 1548 Forma
654 1484 730 1547 alia
750 1499 815 1546 seu
837 1484 970 1547 modus
996 1481 1184 1547 scribendi
1204 1482 1296 1545 satis
1318 1481 1542 1545 conveniens
1560 1482 1667 1559 Juxta
1688 1489 1852 1549 tenorem

424 1616 426 1620 ·
911 1590 1055 1654 novelle
1073 1589 1364 1654 constitutionis.

431 1833 435 1839 “
471 1821 678 1897 Reverendo
698 1827 732 1896 in
750 1825 887 1896 Christo
914 1825 1002 1919 patri
1023 1847 1063 1895 ac
1081 1823 1227 1896 domino
1247 1824 1404 1894 domino.
1425 1822 1467 1891 N.
1490 1823 1610 1893 divina
1631 1823 1742 1914 gratia
1762 1823 1854 1917 epis·

422 1939 511 2012 copo
528 1923 600 2006 tali,
622 1925 727 1994 frater
746 1924 824 1994 Ber.
847 1923 1019 1994 Gnidonis
1037 1921 1172 1994 ordinis
1188 1921 1341 2008 predic,
1363 1921 1548 2012 inquisitor
1568 1921 1722 1991 heretice
1738 1920 1853 2013 pravi·

424 2017 503 2087 tatis
523 2021 557 2089 in
579 2043 687 2113 regno
710 2022 854 2092 Francia
881 2043 942 2113 per
970 2021 1091 2092 sedem
1120 2019 1346 2113 apostolicam
1372 2019 1574 2111 deputatus,
1599 2019 1749 2088 salutem
1774 2041 1854 2090 cum

423 2118 517 2186 omni
541 2121 738 2190 reverentia
758 2120 959 2191 ethonore.
982 2157 1029 2171 -
1048 2117 1252 2190 Paternitati
1271 2127 1389 2187 vestre
1417 2115 1558 2187 notilico
1583 2138 1646 2210 per
1673 2127 1855 2208 presentes

422 2216 517 2306 quod
537 2215 570 2285 in
592 2238 713 2288 mense
731 2216 920 2310 septembri
942 2216 1103 2310 proximo
1126 2214 1280 2287 venienti
1304 2215 1421 2308 aliqua
1440 2224 1536 2284 certa
1562 2214 1620 2284 die
1647 2234 1717 2305 que
1743 2213 1855 2305 magis

423 2312 528 2383 luerit
547 2325 734 2408 oportuna,
755 2326 872 2385 actore
893 2315 978 2400 Deo,
1000 2313 1146 2384 intendo
1167 2311 1261 2407 apud
1280 2311 1465 2384 Tholosam
1487 2310 1678 2405 procedere
1698 2311 1743 2381 ad
1764 2311 1854 2381 dilli-

426 2410 594 2483 nitionem
614 2424 650 2483 et
668 2413 875 2497 sententias,
892 2433 934 2482 ac
953 2431 1062 2506 penas
1079 2422 1113 2482 et
1130 2411 1339 2503 penitentias
1355 2409 1591 2501 injungendae
1606 2409 1767 2502 personis
1783 2431 1855 2502 que

425 2529 487 2601 per
507 2510 769 2602 inquisitionem
792 2533 812 2582 a
835 2521 943 2580 meet
963 2531 1023 2602 per
1044 2529 1099 2579 me
1118 2509 1243 2578 luctam
1265 2508 1310 2580 de
1333 2509 1482 2580 crimine
1506 2506 1640 2578 heresis
1659 2508 1856 2600 culpabiles

424 2618 508 2676 sunt
532 2607 689 2693 invente,
711 2623 746 2691 et
771 2608 902 2679 adalia
920 2630 991 2700 que
1009 2618 1274 2679 consueverunt
1293 2605 1368 2678 lieri
1390 2607 1424 2675 in
1445 2627 1609 2678 sermone
1626 2604 1783 2696 generali
1804 2607 1856 2681 in·

424 2704 659 2796 quisitorum,
682 2719 786 2799 prout
806 2707 912 2778 moris
929 2718 983 2777 est
1001 2706 1046 2776 ab
1065 2705 1230 2796 antiquo,
1250 2727 1318 2776 una
1338 2725 1418 2774 cum
1441 2703 1646 2775 reverendis
1663 2703 1699 2772 in
1718 2701 1856 2776 Christo

425 2803 585 2893 patribus
604 2825 645 2874 ac
666 2804 819 2875 dominis
837 2802 1102 2897 archiepiscopo
1118 2801 1316 2874 Tholosano
1332 2813 1367 2873 et
1389 2803 1570 2873 vobiscum
1592 2800 1742 2892 aliisque
1767 2803 1858 2896 epis·

424 2900 523 2990 copis
548 2901 808 2972 circumvicinis
831 2903 886 2972 vel
915 2923 1037 2973 eorum
1064 2900 1314 2971 commissariis
1338 2899 1522 2990 delegatis,
1543 2910 1647 2993 prout
1667 2898 1858 2993 unicuique

428 2997 582 3088 ipsorum
605 3020 754 3091 persone
778 2999 972 3090 dequibus
995 2999 1171 3091 agendum
1202 2998 1307 3068 luerit
1333 2999 1475 3068 subdite
1501 3009 1583 3069 sunt
1605 3017 1668 3067 seu
1698 2997 1858 3088 subjecte

425 3093 620 3164 secundum
639 3096 809 3190 dyoceses
828 3097 1014 3183 limitatas,
1036 3107 1269 3169 concurrente
1287 3096 1333 3167 ad
1359 3096 1425 3167 hoc
1450 3097 1692 3190 beneplacito,
1716 3095 1859 3166 licentia

428 3184 470 3284 [l⁰
492 3191 535 3259 t5
554 3188 586 3289 c]
610 3204 644 3262 et
662 3214 836 3266 consensu
858 3196 981 3289 prelati
1002 3195 1188 3266 reverendi
1209 3195 1316 3288 patris
1335 3194 1469 3266 domini
1492 3192 1746 3285 archiepiscopi
1767 3192 1858 3265 Tho·

428 3288 562 3374 insani,
583 3292 678 3381 quod
698 3293 733 3360 in
753 3314 816 3364 sua
839 3293 982 3363 civitate
1001 3294 1137 3385 possint
1156 3292 1214 3362 alii
1238 3292 1283 3363 de
1307 3294 1466 3385 personis
1493 3292 1559 3363 sibi
1580 3292 1756 3361 duntaxat
1774 3291 1858 3362 sub·

427 3383 510 3454 ditis
529 3397 643 3457 actum
666 3389 869 3480 judicialem
892 3390 997 3481 hujus
1022 3391 1058 3460 in
1083 3392 1240 3462 lavarem
1270 3388 1352 3460 fidei
1377 3410 1565 3474 exercere,
1586 3400 1690 3483 prout
1716 3388 1799 3460 olim
1822 3389 1857 3460 in

427 3501 510 3551 casn
531 3495 566 3553 et
589 3505 693 3555 eausa
720 3489 962 3558 consimilibus
987 3486 1062 3559 lieri
1089 3488 1289 3560 consuevit.
1315 3488 1399 3558 Cum
1425 3488 1544 3579 itaque
1568 3486 1686 3579 alique
1707 3507 1858 3579 persone

428 3591 546 3651 vestre
567 3580 729 3675 dyocesis
751 3584 885 3655 dudum
911 3607 972 3678 per
997 3586 1258 3677 inquisitionem
1288 3587 1431 3656 invente
1450 3585 1580 3655 luerint
1601 3583 1795 3677 culpabiles
1815 3583 1860 3656 de

428 3676 575 3748 crimine
599 3679 731 3751 heresis
752 3693 787 3752 et
808 3683 1022 3773 judicialiter
1049 3683 1246 3754 confessate
1265 3682 1337 3774 (oel
1358 3682 1410 3755 sic
1429 3710 1441 3752 :
1463 3684 1608 3752 invente
1633 3681 1762 3752 luerint
1785 3682 1859 3752 cnl-

430 3775 564 3866 pabiles
590 3790 626 3846 et
653 3788 816 3871 tanquam
845 3792 1008 3874 suspecte
1035 3793 1069 3851 et
1088 3794 1250 3852 accusate
1274 3782 1319 3852 de
1339 3780 1489 3875 heresi),
1512 3780 1616 3851 nitate
1636 3780 1805 3851 canonice
1824 3789 1859 3851 et

430 3872 690 3966 perhemptorie
701 3897 771 3946 non
785 3880 1059 3972 comparuerint,
1078 3895 1133 3950 set
1150 3880 1364 3970 aufugerint,
1382 3890 1418 3949 et
1434 3899 1480 3949 ex
1495 3877 1562 3949 hoc
1574 3877 1858 3948 excommunica·

431 3970 536 4041 tionis
553 3974 763 4044 sententiam
785 3997 847 4068 per
863 3976 982 4069 plures
996 3997 1108 4047 annos
1122 3978 1354 4047 sustinuerint
1367 3987 1402 4046 et
1419 3976 1535 4047 adhuc
1549 3975 1725 4046 sustinent
1741 3975 1860 4046 animo

431 4067 598 4159 pertinaci
624 4069 763 4164 (celsio
782 4097 793 4140 :
816 4073 959 4143 invente
985 4074 1115 4144 luerint
1141 4073 1334 4168 culpabiles
1358 4074 1403 4144 de
1428 4073 1575 4144 crimine
1603 4073 1696 4142 illius
1725 4072 1860 4144 heresis

429 4187 498 4255 que
518 4166 563 4235 ab
582 4180 699 4240 actore
718 4191 781 4240 seu
802 4171 987 4242 inventore
1012 4191 1078 4241 suo
1104 4173 1246 4243 nomine
1264 4171 1429 4243 Valdesio
1454 4183 1550 4241 secta
1570 4182 1605 4240 et
1625 4170 1759 4240 heresis
1777 4170 1859 4241 Val-

431 4262 615 4352 densium,
637 4287 656 4336 a
678 4266 754 4338 loco
774 4289 860 4339 vero
881 4267 1028 4340 undeet
1055 4269 1113 4338 ubi
1137 4282 1251 4341 ortum
1278 4269 1443 4340 habuisse
1463 4267 1673 4339 describitur
1698 4269 1859 4338 nomina-

433 4373 489 4428 tur
507 4360 701 4453 Pauperum
722 4365 766 4435 de
784 4363 993 4461 lugduno),
1015 4366 1207 4458 dequibus
1232 4388 1301 4437 una
1320 4388 1399 4438 oum
1423 4367 1501 4437 aliis
1523 4368 1596 4457 jam
1617 4365 1860 4459 proposuerim

432 4467 468 4526 et
487 4457 721 4550 disposuerim
740 4483 864 4553 agere,
891 4464 1081 4556 procedere
1104 4486 1146 4536 ac
1168 4463 1342 4554 diffinire;
1365 4465 1594 4535 reverendam
1614 4463 1860 4557 paternitatem

431 4575 472 4622 ao
492 4555 766 4631 dominationem
789 4572 940 4631 vestram
961 4562 1146 4653 zelumque
1165 4561 1246 4634 fidei
1268 4574 1386 4633 vestre
1407 4583 1491 4654 rogo
1512 4561 1641 4654 pariter
1661 4573 1695 4632 et
1719 4561 1861 4652 requiro

432 4653 638 4744 suppliciter
663 4669 698 4727 et
726 4657 897 4728 instanter
923 4661 1091 4750 quatinus
1118 4661 1220 4731 vobis
1247 4660 1382 4752 placeat
1410 4681 1451 4730 ac
1481 4658 1673 4751 dignemini
1705 4658 1861 4751 predicta

432 4748 490 4817 die
510 4763 545 4820 et
565 4751 640 4824 loco
659 4754 704 4824 ad
723 4754 891 4826 honorem
914 4755 977 4826 Dei
1001 4769 1036 4827 et
1061 4754 1143 4828 fidei
1168 4757 1400 4852 personaliter
1420 4758 1608 4844 interesse,
1631 4757 1784 4828 offerens
1804 4776 1861 4827 me

436 4858 593 4937 paratum
613 4850 803 4943 procedere
822 4874 891 4923 una
910 4853 1090 4925 vobiscum
1109 4855 1154 4925 de
1171 4855 1273 4926 dictis
1291 4856 1449 4948 personis
1465 4855 1568 4927 vobis
1586 4853 1737 4925 subditis
1756 4864 1861 4946 prout

430 4943 572 5036 justicia
600 4948 782 5042 suadebit,
813 4969 949 5022 necnon
982 4953 1241 5024 communicare
1267 4952 1311 5022 de
1337 4953 1560 5046 processibus
1587 4973 1648 5045 per
1677 4971 1734 5022 me
1762 4951 1861 5022 lactis

435 5061 658 5135 quecumque
676 5045 816 5136 dejure
839 5049 1130 5122 communicanda
1153 5051 1282 5123 luerint
1304 5061 1340 5120 et
1364 5050 1579 5143 integraliter
1603 5049 1796 5142 explicare.
1824 5047 1859 5119 Si
