4574 6404
429 652 474 723 su
714 665 875 719 susurrus
901 665 1140 732 momsrrtorvrs
1168 665 1330 719 ususrrcs
1356 662 1567 717 rusvrrsrrs.

428 831 596 922 ipsorum,
618 818 744 919 poterit
761 846 838 896 esse
857 824 1049 895 consimilis
1066 847 1145 895 cum
1168 824 1325 917 predicto
1342 823 1459 908 modo,
1483 822 1637 893 maxime
1655 822 1687 891 si
1708 843 1863 912 persone

427 926 557 997 fuerint
577 925 713 1017 plures;
732 924 761 993 si
780 932 896 992 antem
918 935 1011 993 esset
1030 944 1098 991 una
1120 942 1269 1014 persona
1291 921 1346 992 vel
1370 921 1441 991 due
1464 930 1614 1006 tautum,
1637 930 1756 1012 posset
1776 932 1861 992 tuuc

426 1024 529 1115 culpa
545 1022 622 1093 talis
637 1021 703 1091 sub
723 1021 832 1091 forma
849 1019 1023 1090 sententie
1037 1020 1142 1089 simul
1158 1017 1426 1113 comprehendi.

474 1120 580 1213 Colpe
601 1140 687 1190 vero
708 1138 934 1210 personarum
956 1138 1026 1209 que
1052 1116 1217 1188 defuncte
1235 1128 1318 1187 sunt
1344 1116 1379 1185 in
1408 1115 1523 1186 heresi
1550 1127 1585 1185 et
1610 1136 1762 1208 quorum
1783 1137 1860 1188 cor·

427 1239 511 1312 pora
530 1215 781 1287 extumulnnda
801 1227 884 1284 sunt
898 1215 943 1285 de
962 1214 1143 1286 cimiteriis
1168 1226 1203 1286 et
1221 1212 1461 1286 comburenda
1488 1223 1636 1306 possunt
1659 1213 1727 1283 snb
1747 1213 1860 1285 forms

423 1315 597 1388 sententie
615 1311 879 1406 comprehendi.

472 1412 579 1504 Culpe
595 1412 698 1482 etiem
723 1410 962 1501 fugittivorum
985 1431 1048 1503 pro
1065 1410 1180 1482 heresi
1201 1411 1262 1503 qui
1278 1410 1408 1480 luerint
1425 1421 1590 1501 tanquam
1610 1407 1757 1479 heretici
1776 1429 1861 1480 con·

425 1509 638 1604 dempnandi
659 1526 806 1602 possunt
832 1509 899 1579 sub
926 1510 1035 1580 forma
1065 1509 1240 1579 sententie
1261 1505 1528 1599 comprehendi,
1556 1507 1648 1578 sicut
1675 1505 1861 1578 informis

423 1608 675 1680 sententiarum
696 1604 803 1698 hujus
823 1606 969 1677 inferius
988 1606 1186 1699 apparebit.

615 1864 672 1928 10.
698 1863 828 1928 Modus
844 1865 1067 1929 couveniens
1084 1862 1282 1942 abjurandi
1296 1861 1456 1926 heresim
1471 1860 1511 1924 in
1523 1860 1672 1940 juditio.

472 2109 541 2180 Nos
560 2110 647 2180 tales
662 2121 698 2179 et
717 2109 804 2178 tales
822 2108 864 2177 N.
886 2121 919 2179 et
938 2107 980 2181 N.
1000 2106 1191 2201 (expressis
1204 2105 1313 2200 prius
1330 2103 1529 2175 nominibus
1551 2103 1783 2196 sinputorum,
1809 2105 1865 2175 vel

423 2208 472 2280 sic
492 2231 504 2274 :
524 2228 587 2277 nos
606 2227 730 2278 omnes
749 2220 784 2277 et
800 2206 929 2296 singuli
950 2206 1039 2276 iufra
1061 2205 1181 2298 scripti
1202 2204 1268 2273 viri
1285 2215 1320 2276 et
1337 2200 1527 2297 mulieres),
1550 2202 1595 2272 ad
1614 2201 1859 2296 recipiendum

426 2305 652 2398 penitentiam
678 2325 740 2396 pro
769 2304 966 2375 commissis
987 2304 1022 2373 in
1050 2305 1140 2374 facto
1160 2323 1222 2373 seu
1249 2301 1397 2372 crimine
1424 2300 1558 2371 heresis
1580 2299 1638 2371 hic
1657 2313 1855 2394 presentes,

425 2401 605 2475 constituti
625 2403 660 2471 in
676 2402 806 2492 juditio
824 2423 941 2473 coram
963 2401 1065 2472 vobis
1085 2400 1352 2493 inquisitoribus
1372 2398 1525 2470 heretice
1549 2397 1732 2491 pravitatis
1755 2408 1791 2469 et
1808 2411 1859 2471 ta·

424 2501 515 2571 libus
555 2499 804 2571 commissoriis
846 2499 1022 2592 deputatis
1055 2497 1327 2591 (exprimuntur
1363 2496 1512 2568 uomiuu
1544 2494 1794 2589 inquisitorum
1828 2505 1866 2570 et

422 2596 780 2692 commissariorum),
805 2597 1008 2688 abjuramus
1037 2606 1073 2668 et
1107 2617 1315 2687 reuegsmus
1343 2590 1384 2691 [f‘
1411 2593 1451 2662 bl
1487 2589 1522 2690 a]
1554 2593 1694 2687 penitus
1719 2615 1861 2668 omnem

424 2694 576 2767 heresim
592 2694 819 2766 extollentem
839 2716 878 2766 se
898 2694 1070 2765 adversus
1089 2691 1195 2764 fidem
1213 2693 1421 2764 catholicam
1447 2690 1585 2763 Domini
1608 2690 1715 2763 lhesn
1734 2692 1863 2766 Christi

423 2804 459 2866 et
477 2804 597 2864 sancte
614 2794 770 2864 Romane
784 2792 938 2863 Ecclesie
958 2803 993 2862 et
1012 2812 1152 2863 omnem
1172 2791 1387 2862 credentiam
1409 2788 1643 2860 hereticorum
1663 2790 1864 2880 cujuscum-

424 2914 494 2984 que
513 2903 608 2962 secte
627 2890 829 2983 dampnate,
852 2903 887 2960 et
906 2889 1106 2983 specialiter
1126 2889 1204 2958 talis
1224 2901 1319 2959 secte
1339 2886 1611 2980 (suprimatur),
1632 2887 1862 2980 quibuscum·

420 3010 493 3082 que
512 2988 714 3060 nominibus
731 2998 955 3076 censeantur,
979 3000 1014 3058 et
1033 3009 1174 3059 omnem
1196 2987 1352 3058 savorem
1373 3007 1435 3057 seu
1463 2985 1648 3057 fautorism
1676 2995 1712 3056 et
1737 3008 1863 3082 recep-

426 3088 591 3158 tationem
611 3095 646 3156 et
666 3086 908 3156 defensionem
930 3096 966 3156 et
988 3084 1290 3178 participationem
1319 3085 1490 3178 ipsorum,
1516 3083 1583 3153 sub
1612 3103 1701 3177 pene
1727 3085 1864 3176 quode

420 3184 501 3276 jure
521 3183 670 3254 debetur
692 3183 839 3277 relapsis
860 3183 895 3252 in
916 3183 1068 3255 heresim
1090 3183 1125 3251 in
1142 3182 1272 3273 juditio
1290 3183 1501 3274 abjuratam.
1523 3180 1607 3251 ltem
1626 3182 1863 3274 promittimus

425 3293 461 3352 et
482 3282 643 3372 juramus
668 3282 762 3372 quod
793 3302 984 3374 proposse
1011 3291 1131 3352 nostro
1160 3301 1414 3374 persequemur
1444 3290 1479 3350 et
1509 3278 1767 3368 revelabimns,
1798 3303 1864 3354 seu

424 3377 632 3469 detegemus
660 3376 850 3467 hereticos,
872 3390 908 3448 et
926 3377 1125 3463 credentes,
1148 3387 1184 3448 et
1210 3379 1378 3464 fautores,
1401 3387 1434 3447 et
1449 3386 1714 3469 receptatores,
1735 3398 1777 3449 ao
1796 3379 1861 3451 de·

425 3477 584 3547 tonsores
611 3497 731 3546 eorum
754 3487 790 3546 et
814 3497 878 3570 pro
905 3475 1020 3547 heresi
1046 3477 1247 3567 fugittivos,
1273 3475 1568 3567 quandocumque
1588 3485 1623 3545 et
1648 3474 1863 3570 ubicumque

425 3574 635 3644 sciverimus
655 3594 716 3643 eos
733 3595 813 3644 esse
832 3574 891 3644 vel
909 3575 1063 3665 aliquem
1082 3574 1128 3643 de
1147 3573 1328 3666 predictis.
1349 3574 1434 3644 ltem
1457 3572 1691 3666 promittimus
1716 3583 1751 3644 et
1765 3575 1865 3664 jura·

427 3692 506 3740 mns
530 3670 625 3762 quod
657 3671 875 3758 tenebimus,
898 3684 933 3743 et
957 3671 1199 3757 servabimus,
1222 3682 1257 3741 et
1278 3671 1510 3742 defendemus
1529 3667 1635 3740 fidem
1656 3669 1864 3744 catholicam

427 3769 565 3840 Domini
591 3767 697 3838 lhesu
724 3766 849 3839 Christi
880 3790 985 3861 quam
1010 3781 1130 3840 sanctu
1151 3769 1305 3840 Romana
1326 3767 1480 3840 Ecclesia
1507 3768 1664 3861 predicat
1683 3780 1719 3839 et
1737 3769 1863 3841 obser·

425 3876 498 3936 vat.
519 3866 603 3936 ltem
626 3865 861 3958 promittimus
881 3877 917 3937 et
931 3869 1093 3958 juramus
1113 3866 1208 3958 quod
1230 3866 1430 3958 parebimus
1449 3875 1486 3935 et
1504 3865 1636 3935 erimus
1656 3866 1864 3940 obedientes

427 3963 601 4035 mandatis
629 3962 784 4034 Ecclesie
811 3975 846 4034 et
869 3965 997 4035 vestris
1022 3977 1057 4035 et
1080 3984 1323 4035 successorum
1351 3974 1571 4050 vestrorum;
1601 3974 1636 4034 et
1660 3964 1755 4056 quod
1776 3963 1865 4036 reci·

427 4061 562 4154 piemus
591 4072 626 4131 et
654 4081 716 4153 pro
747 4082 850 4154 posse
877 4075 998 4133 nostro
1024 4060 1279 4154 complebimus
1310 4073 1345 4132 et
1382 4059 1605 4154 perficiemus
1634 4062 1864 4153 penitentiam

424 4179 530 4251 quem
553 4158 655 4229 nobis
677 4157 851 4228 duxeritis
869 4159 1134 4251 injungendam,
1157 4170 1192 4229 et
1212 4159 1307 4251 quod
1320 4178 1498 4251 nunquam
1518 4158 1693 4250 fugiemus
1713 4181 1778 4230 neo
1798 4181 1864 4232 nos

425 4254 690 4326 absentabimus
710 4257 964 4328 contumaciter
983 4268 1017 4327 et
1035 4257 1200 4328 scienter.

428 4483 484 4545 11.
511 4480 641 4546 Modus
665 4481 838 4562 specialis
857 4482 1054 4562 abjurandi
1074 4482 1237 4565 aliquam
1260 4484 1456 4564 specialem
1485 4490 1625 4548 sectum
1649 4499 1693 4548 ec
1720 4498 1863 4548 errores

913 4589 1015 4654 illlus
1030 4591 1165 4670 poterit
1179 4606 1259 4655 esse
1276 4590 1375 4656 tells.

474 4801 547 4895 Ego
567 4803 645 4876 talis
663 4804 706 4876 N.
729 4804 779 4896 (l)
798 4805 844 4877 de
862 4805 922 4876 tali
945 4805 1036 4900 loco,
1059 4805 1137 4878 talis
1158 4806 1333 4902 dyocesis,
1355 4807 1426 4900 qni,
1439 4808 1524 4880 olim
1546 4806 1645 4879 tenui
1665 4817 1701 4879 et
1718 4806 1864 4879 servavi

464 5054 501 5123 (1)
520 5056 556 5111 N.
573 5071 696 5128 manque
710 5056 783 5114 daus
797 5058 824 5112 le
835 5074 892 5114 ms.
909 5060 971 5117 387.
