4612 6404
432 671 503 742 516
719 687 882 740 antomon
908 686 1149 753 rnoursrrrorus
1175 688 1338 742 annurrcu
1364 688 1577 743 enarramus.

432 849 613 942 religionis
639 869 708 919 uon
729 847 942 940 approbatus
967 849 1015 918 sit
1038 848 1246 920 interdictus
1272 861 1308 919 et
1331 848 1529 942 prohibitus
1555 849 1600 919 ad
1629 850 1868 941 portandum,

433 959 502 1019 tarn
524 946 627 1019 etiam
647 968 692 1017 ex
712 945 823 1015 forma
843 958 876 1014 et
898 946 1003 1016 modo
1025 946 1184 1019 doctrine
1203 968 1266 1018 sue
1286 968 1392 1038 quam
1412 957 1532 1017 tenent
1547 957 1583 1017 et
1601 959 1759 1036 servant,
1781 972 1874 1043 qua·

433 1047 500 1116 lem
526 1047 670 1114 formam
692 1054 727 1113 et
747 1043 889 1115 modum
922 1044 1144 1116 tradiderunt
1166 1045 1288 1139 prelati
1314 1044 1490 1115 Gerardus
1516 1055 1551 1114 et
1571 1043 1738 1116 Dulcinus
1758 1059 1795 1118 et
1813 1049 1872 1119 sui

432 1163 615 1235 sequaces,
637 1144 699 1233 qni
716 1139 904 1234 Apostolos
922 1164 960 1212 se
980 1142 1178 1236 appellant,
1210 1164 1315 1234 quam
1335 1144 1440 1213 etiam
1462 1164 1507 1212 ex
1531 1144 1872 1233 congregationibus

432 1241 578 1335 privatis
597 1250 695 1310 etex
715 1238 975 1310 conventiculis
998 1261 1068 1332 que
1096 1241 1229 1309 iaciunt
1260 1241 1474 1325 inocculto,
1499 1240 1630 1312 debent
1655 1240 1807 1313 detineri
1832 1247 1872 1313 in

433 1358 595 1424 carcere,
624 1336 774 1428 quilibet
799 1338 988 1430 separatim
1022 1349 1057 1408 et
1082 1338 1179 1410 nullo
1208 1339 1313 1409 modo
1344 1337 1461 1431 plures
1493 1338 1655 1426 insimul,
1690 1349 1727 1408 11
1752 1341 1872 1412 abeis

433 1436 560 1506 melius
579 1436 710 1506 veritas
729 1434 921 1523 habeatur3
944 1448 979 1506 et
998 1447 1166 1506 caveatur
1185 1436 1373 1527 diligenter
1393 1437 1488 1527 quod
1509 1436 1598 1504 nulli
1617 1435 1662 1508 de
1678 1441 1753 1508 suis
1773 1460 1872 1510 com-

434 1534 583 1626 plicibus
603 1533 721 1624 aliquo
741 1535 846 1604 modo
861 1535 997 1626 possint
1016 1539 1068 1605 eis
1089 1534 1197 1626 loqui,
1217 1555 1283 1604 nec
1303 1534 1436 1604 litteras
1457 1532 1514 1604 vel
1536 1533 1781 1607 nunciationes
1800 1536 1870 1607 ali-

431 1652 518 1723 quas
540 1634 678 1702 mittere
704 1655 764 1723 per
783 1654 871 1723 quas
894 1633 1036 1702 valeant
1057 1633 1236 1702 informari
1255 1643 1290 1702 et
1309 1632 1460 1725 amplius
1487 1632 1666 1718 indurari3
1696 1644 1731 1703 et
1750 1633 1868 1705 nichi-

434 1729 587 1800 lominus
618 1751 697 1800 cum
732 1729 898 1800 fidelibus
934 1731 1115 1801 catholicis
1149 1729 1231 1799 fidei
1260 1719 1573 1822 zelatoribus'qui
1609 1731 1776 1801 viderunt
1806 1753 1871 1802 eos

433 1839 705 1910 conversantes,
730 1828 917 1917 diligenter
936 1841 971 1898 01
990 1829 1139 1898 sollicite
1160 1829 1356 1919 inquiratur
1376 1829 1420 1898 de
1441 1828 1599 1921 hiisque
1621 1829 1790 1900 viderunt
1810 1831 1871 1901 vel

433 1926 647 1995 audiverunt
667 1926 712 1996 de
736 1927 893 2012 eisdem3
914 1941 949 1996 et
970 1925 1029 1996 liat
1051 1926 1251 1996 informatio
1277 1926 1322 1995 de
1341 1928 1506 1998 omnibus
1536 1948 1606 2018 que
1625 1938 1747 1997 contra
1771 1929 1871 2020 ipsos

433 2023 774 2115 tegitimepoterunt
795 2025 947 2093 inveniri
969 2045 1030 2117 per
1051 2045 1120 2115 qne
1140 2023 1295 2115 ipsorum
1317 2023 1451 2094 salsitas
1471 2025 1669 2115 detegatur.

827 2283 860 2342 5.
887 2280 1017 2344 Modus
1034 2280 1230 2358 abjurandi
1245 2280 1403 2344 heresim
1419 2279 1476 2361 (1).

481 2524 516 2593 Si
537 2524 596 2615 qui
622 2545 709 2595 vero
733 2524 778 2594 de
803 2524 957 2617 predicta
980 2536 1075 2594 secta
1098 2535 1223 2616 sponte
1248 2525 1406 2594 converti
1433 2525 1609 2595 voluerint
1629 2535 1663 2595 01
1684 2525 1800 2596 redire
1823 2525 1870 2595 ad

434 2622 705 2693 ecclesiasticam
734 2623 901 2692 unitatem
929 2634 964 2692 et
988 2622 1115 2692 dictam
1139 2634 1269 2692 sectam
1290 2622 1429 2713 penitus
1448 2624 1612 2712 abjurare
1634 2633 1669 2693 01
1690 2623 1871 2695 mandatis

432 2719 587 2790 Ecclesie
605 2719 810 2812 simpliciter
829 2720 989 2812 obedire,
1012 2719 1204 2812 recipiendi
1224 2719 1370 2789 suntad
1391 2720 1633 2812 penitentiam,
1657 2721 1745 2791 lacta
1769 2722 1871 2815 prius

432 2817 652 2889 consessione
671 2817 715 2886 ab
734 2818 867 2887 eisdem
889 2819 922 2886 in
941 2818 1073 2912 juditio
1094 2831 1129 2888 01
1149 2828 1288 2910 recepta
1309 2818 1354 2887 de
1372 2818 1446 2887 suis
1466 2819 1646 2888 erroribus
1664 2830 1698 2888 et
1717 2821 1870 2912 compli-

431 2916 532 2985 cibus
560 2915 724 2986 omnibus
752 2937 841 3006 quos
871 2916 1035 2986 noverint
1066 2915 1159 2986 dicte
1188 2926 1282 2986 secte
1310 2915 1377 2985 sub
1405 2915 1516 2986 forma
1543 2936 1614 3007 que
1641 2918 1801 3008 sequitur
1830 2919 1868 2987 iu

433 3012 527 3081 hunc
543 3013 702 3083 modum.
1561 3033 1564 3037 ·

479 3109 582 3178 Α110
600 3109 737 3181 Domini
749 3111 811 3180 M0.
824 3110 923 3179 ced.
936 3110 1054 3195 XVl⁰.‚
1067 3112 1101 3180 in
1121 3111 1281 3181 kalendis
1292 3111 1387 3194 maii,
1401 3111 1481 3181 talis
1495 3113 1536 3182 N.
1557 3113 1602 3183 de
1623 3112 1784 3195 talilocn,
1799 3135 1868 3184 seu

432 3208 556 3302 patria,
578 3206 622 3276 (10
645 3207 704 3276 tali
723 3208 880 3301 dyocesi,
898 3219 1085 3301 antequam
1106 3220 1290 3301 caperetur
1308 3210 1456 3279 veniens
1478 3206 1518 3306 [p
1540 3210 1608 3278 t87
1626 3207 1660 3307 a]
1673 3232 1735 3304 per
1752 3232 1792 3281 se
1811 3215 1868 3304 ip·

431 3328 508 3377 snm
537 3304 604 3398 (cel
629 3305 713 3376 sic:
742 3316 926 3398 postquam
957 3318 1079 3399 captus
1114 3308 1179 3376 luit
1211 3317 1245 3376 01
1279 3305 1475 3402 devictus),
1496 3330 1689 3380 conversus
1716 3330 1736 3378 a
1770 3319 1869 3380 secta

433 3403 623 3494 dampnata
640 3403 777 3473 illorum
801 3404 862 3496 qui
883 3404 969 3474 falso
990 3426 1029 3474 se
1049 3403 1170 3474 dicunt
1188 3403 1376 3496 Apostolos
1391 3426 1453 3474 seu
1474 3405 1519 3476 de
1538 3405 1788 3498 Apostolorum
1808 3427 1870 3477 or-

432 3501 516 3572 dine
540 3500 585 3570 ab
608 3500 759 3572 Ecclesia
789 3503 975 3594 reprobato
1001 3502 1044 3571 ad
1072 3502 1343 3572 ecclesiasticam
1375 3503 1566 3589 unitatem,
1588 3504 1801 3575 constitutus
1834 3506 1873 3575 iu

431 3599 562 3690 juditio
580 3619 696 3668 coram
718 3599 882 3690 religioso
900 3602 978 3669 viro
998 3600 1056 3669 tali
1074 3600 1133 3683 N.,
1156 3601 1200 3670 (10
1218 3601 1344 3670 ordine
1363 3600 1638 3682 Prodicatornm,
1661 3601 1876 3694 inquisitore

437 3695 593 3767 heretice
609 3697 792 3788 pravitatis
810 3698 844 3766 in
861 3719 971 3788 regno
987 3697 1131 3767 Francie
1146 3701 1355 3768 auctoritate
1371 3698 1465 3767 sedis
1482 3699 1673 3791 apostolice
1687 3700 1873 3793 deputato,

432 3795 573 3883 juratus
601 3794 645 3863 ad
671 3807 789 3864 sancta
809 3795 871 3865 Dei
895 3795 1085 3885 Evangelia
1112 3796 1250 3888 plenam
1276 3807 1309 3865 et
1334 3816 1464 3865 meram
1486 3796 1603 3867 dicere
1623 3798 1807 3868 veritatem
1829 3798 1877 3870 de

438 3892 529 3963 lacto
556 3891 690 3961 heresis
715 3893 968 3985 cujuscumque
992 3904 1087 3963 secte
1111 3894 1319 3987 dampnate,
1341 3903 1376 3963 et
1395 3893 1593 3986 specialiter
1617 3906 1712 3965 secte
1731 3895 1876 3967 illorum

435 3993 496 4082 qui
518 3990 682 4060 dicuntur
707 3990 751 4059 de
771 3993 905 4083 prelato
924 3989 1073 4061 conficto
1094 3992 1340 4083 Apostolorum
1359 3992 1484 4061 ordine
1506 3994 1712 4085 reprobato,
1735 4005 1804 4064 tam
1829 3994 1877 4066 de

441 4109 480 4158 se
501 4087 578 4180 ipso
596 4088 687 4157 sicut
708 4088 752 4157 de
771 4088 953 4181 principali
975 4109 1079 4180 quam
1105 4089 1150 4158 (10
1172 4090 1249 4159 aliis
1270 4088 1428 4181 personis
1447 4089 1540 4160 vivis
1560 4102 1596 4160 et
1616 4093 1762 4161 mortuis
1780 4092 1877 4162 sicut

437 4185 552 4268 testis,
572 4186 663 4255 dixit
682 4196 717 4255 01
733 4187 916 4257 confessus
934 4186 997 4255 luit
1016 4186 1110 4276 quod
1133 4198 1183 4257 101
1201 4188 1284 4257 anni
1306 4198 1401 4273 suut,
1421 4198 1489 4257 etc.
1508 4185 1581 4281 (ccl
1597 4188 1648 4259 sic
1661 4195 1737 4281 post
1754 4188 1875 4259 illud:

435 4282 528 4353 vivis
548 4295 583 4353 01
604 4285 750 4353 mortuis
769 4284 860 4354 sicut
880 4285 977 4354 testis
1000 4310 1007 4352 :
1028 4295 1212 4376 postquam
1232 4285 1319 4354 alias
1340 4296 1533 4375 negaverat
1557 4286 1741 4356 veritatem
1763 4287 1798 4356 in
1816 4289 1879 4378 ju-

435 4380 522 4451 ditio
541 4393 661 4451 contra
683 4384 861 4474 proprium
885 4383 1142 4472 juramentum,
1164 4382 1305 4452 rediens
1327 4382 1371 4451 ad
1392 4404 1595 4467 corsuum,
1616 4406 1701 4453 usus
1721 4384 1877 4457 consilio

435 4479 588 4565 saniori,
609 4479 818 4570 corrigendo
837 4501 876 4550 se
895 4491 930 4549 et
954 4480 1085 4549 dictum
1108 4502 1231 4562 sunm,
1254 4480 1345 4550 dixit
1365 4491 1400 4551 01
1419 4483 1601 4552 coulessus
1622 4482 1685 4551 luit
1704 4483 1799 4574 quod
1822 4493 1876 4553 101

433 4577 515 4645 anui
534 4574 630 4671 sunt)
650 4578 746 4668 quod
768 4578 846 4647 talis
865 4577 906 4650 N.
929 4577 1191 4649 commendavit
1209 4577 1276 4648 sibi
1297 4578 1425 4662 semel,
1448 4579 1504 4649 vel
1532 4579 1681 4672 pluries,
1704 4583 1815 4650 vitam
1837 4592 1878 4652 et

434 4685 563 4744 sectam
582 4674 774 4766 predictam
794 4686 829 4745 et
846 4675 1005 4747 ordinem
1029 4676 1222 4767 predictum
1242 4676 1444 4746 inducendo
1461 4679 1577 4770 ipsum
1597 4678 1641 4747 ad
1661 4699 1819 4750 amorem
1838 4689 1878 4749 et

434 4772 648 4842 credentiam
674 4772 767 4844 dicte
793 4784 888 4844 secte
906 4771 1181 4868 (commoritur
1207 4773 1246 4843 in
1272 4773 1403 4864 effecto
1429 4773 1538 4845 verba
1559 4776 1878 4849 commendationis

470 5079 507 5147 (l)
523 5078 562 5134 Ca
576 5080 642 5136 titre
658 5081 733 5137 n’est
747 5098 800 5153 pas
813 5082 887 5137 dans
901 5083 928 5137 le
943 5085 1112 5140 manuscrit.
