4574 6404
853 658 1002 708 stennon
1034 657 1130 708 raris.
1667 641 1712 706 75

276 827 310 884 et
338 814 443 883 modo
468 816 678 906 receptionis
703 816 888 905 cujuslibet
912 816 1116 885 corumdem
1145 835 1185 882 ac
1216 814 1259 882 do
1291 813 1455 904 predictis
1485 813 1649 882 omnibns
1678 825 1713 883 et

275 912 425 1002 singulis
445 912 601 981 articulis
622 925 655 982 et
676 915 848 983 contentis
870 915 903 982 in
931 917 1007 1000 ois3
1030 936 1107 982 cnm
1131 932 1345 1002 antiquoque
1365 932 1485 981 eornm
1507 911 1711 1001 singillatim

276 1020 310 1079 et
329 1021 465 1079 secreto
486 1011 734 1102 inquisivimus
754 1012 1157 1100 rliligenter‚eorunrqrre
1179 1007 1467 1100 responsionibus
1482 1020 1516 1077 ot
1533 1008 1635 1077 dietis
1650 1030 1712 1101 per

276 1106 433 1177 notarios
453 1107 612 1198 publicos
633 1119 770 1179 nostros
791 1110 924 1178 scribas
944 1109 1133 1199 inscriptis
1155 1106 1318 1187 redactis,
1335 1106 1448 1175 eidem
1471 1106 1615 1176 domino
1634 1128 1714 1176 nos·

277 1218 329 1276 tro
353 1204 561 1274 relationem
589 1206 779 1297 plenariam
812 1208 956 1275 lecimus
985 1219 1017 1276 ct
1049 1206 1216 1287 fidelem3
1258 1215 1405 1295 postque
1430 1204 1521 1273 idern
1549 1204 1713 1273 dominns

275 1313 395 1374 noster
423 1302 524 1372 uobis
554 1304 735 1372 mandavit
763 1315 797 1373 et
821 1304 998 1374 commisit
1021 1303 1162 1372 oraculo
1188 1300 1271 1369 vivo
1297 1302 1393 1371 vocis
1419 1302 1513 1392 qnod
1539 1323 1600 1393 per
1620 1301 1712 1370 dilli-

275 1400 423 1470 nitivam
459 1401 668 1470 sententiam
705 1423 811 1493 super
846 1403 1024 1493 premissis
1058 1410 1226 1492 qnantum
1259 1399 1301 1467 ad
1338 1420 1504 1491 personas
1539 1399 1711 1468 dictorum

280 1492 319 1593 [l0
351 1497 398 1565 39
424 1494 461 1594 b]
488 1499 631 1568 fratrum
658 1499 824 1589 exigente
849 1500 987 1590 justicia
1018 1499 1206 1590 procedere
1228 1497 1452 1568 deberemus.
1475 1498 1543 1566 Nos
1571 1498 1709 1588 itaquo,

276 1595 361 1665 visis
383 1607 418 1664 ct
443 1596 631 1686 diligenter
657 1597 825 1666 discussis
851 1596 1172 1667 examinationibus
1200 1606 1233 1663 ot
1263 1595 1563 1669 confessionibus,
1586 1596 1712 1664 utentis

276 1693 377 1762 dictis
409 1693 689 1785 depositionibus
721 1696 951 1780 eorumdem,
982 1697 1026 1763 de
1054 1693 1201 1764 consilio
1227 1692 1416 1785 peritorum
1451 1706 1485 1762 ot
1513 1692 1711 1783 aliquorum

275 1792 521 1880 magistrorum
554 1792 587 1859 in
616 1793 815 1882 theologia,
840 1794 921 1883 quia
950 1793 983 1861 in
1015 1790 1193 1884 premissis
1223 1812 1285 1859 sen
1313 1791 1432 1881 aliquo
1462 1793 1710 1882 promissorum

275 1887 370 1979 ipsos
396 1910 458 1958 seu
492 1910 612 1958 eorum
645 1890 796 1981 aliquem
828 1902 993 1960 nocentes
1022 1911 1090 1958 non
1121 1889 1374 1980 oompeNmm,
1404 1889 1498 1979 ipsos
1525 1899 1560 1958 et
1590 1910 1711 1958 eornm

276 1985 467 2076 quemlibet
492 1987 537 2056 ab
556 1988 761 2070 erroribus,
785 1989 997 2058 lacinoribus
1020 1986 1192 2058 contentis
1213 1986 1247 2054 in
1269 1986 1370 2056 dictis
1392 1986 1547 2055 articulis
1568 1986 1612 2055 de
1634 1989 1712 2076 qni·

275 2082 340 2153 bus
369 2083 515 2176 predicti
542 2087 718 2175 qnondam
745 2087 831 2157 ordo
855 2099 888 2155 et
916 2087 1039 2155 tratres
1068 2086 1206 2154 lucrant
1231 2084 1425 2166 diffamati,
1454 2106 1516 2175 pro
1544 2084 1710 2152 tribunali

275 2182 458 2267 sedentes,
483 2184 704 2273 presentibus
731 2184 834 2253 dictis
865 2183 1029 2252 iratribus
1046 2183 1223 2273 quondam
1244 2181 1372 2250 milicie
1391 2181 1542 2273 Templi,
1563 2183 1713 2251 anctori-

277 2289 345 2347 tate
370 2280 561 2370 apostolica
588 2281 690 2350 nohis
717 2281 750 2350 in
780 2281 845 2351 hac
871 2291 968 2372 parte
988 2280 1192 2365 commissa,
1214 2279 1475 2349 sentencialiter
1494 2279 1711 2348 absolvimus

276 2375 310 2443 in
341 2376 409 2444 hiis
435 2378 575 2470 scriptis
607 2400 646 2447 ac
674 2379 796 2448 eadem
831 2381 1039 2448 auctoritato
1064 2399 1143 2447 cum
1173 2388 1315 2470 propter
1343 2377 1408 2448 loci
1437 2376 1643 2446 distanciam
1678 2391 1713 2447 et

276 2473 430 2563 legitima
465 2476 736 2567 impedimenta,
767 2489 804 2545 ut
837 2476 999 2568 superius
1033 2486 1087 2544 est
1119 2496 1349 2567 expressum,
1377 2475 1506 2567 quihus
1538 2475 1710 2566 prepediti

275 2570 383 2640 luisse
412 2583 604 2642 noscuntur
633 2575 821 2665 quominus
848 2575 941 2666 apud
971 2576 1140 2665 prelatum
1172 2574 1292 2643 sedern
1320 2594 1523 2666 comparere
1555 2573 1712 2642 valerent

276 2667 363 2737 intra
391 2674 576 2738 terminum
607 2671 899 2764 comprehensam
929 2672 962 2739 in
990 2672 1158 2740 citatione
1183 2671 1358 2763 predicta,
1382 2682 1484 2763 prout
1512 2692 1573 2762 per
1595 2691 1712 2740 asser-

276 2765 404 2836 tionem
427 2789 547 2837 eorum
566 2771 717 2857 juratam
740 2771 840 2840 nobis
858 2769 1032 2856 constitit,
1052 2770 1428 2839 excommunicationis
1447 2767 1656 2837 sententiam
1677 2780 1712 2837 et

275 2862 361 2934 alias
393 2887 501 2956 penas
529 2866 562 2934 in
599 2868 730 2958 prelata
767 2868 990 2936 ordinatione
1021 2867 1211 2957 apostolica
1243 2867 1536 2959 comprehensas,
1566 2866 1709 2935 eosdem

276 2961 398 3032 fratres
431 2963 654 3034 decernimus
682 2976 716 3033 et
743 2967 964 3035 declaramus
992 2985 1059 3033 nou
1087 2965 1275 3035 incurrisse
1301 2987 1364 3035 neo
1388 2967 1438 3033 eis
1467 2965 1560 3056 ipsos
1587 2964 1711 3033 tratres

275 3058 383 3130 luisse
402 3061 457 3130 vol
478 3083 557 3131 esse
578 3063 716 3153 ligatos.
738 3064 851 3133 Tenor
872 3084 958 3132 vero
978 3062 1203 3131 articulorum
1226 3063 1415 3155 dequibus
1434 3061 1601 3154 superins
1623 3063 1711 3131 lacta

275 3167 328 3226 est
347 3161 478 3228 mentio
504 3160 580 3229 talis
608 3172 660 3229 est
684 3186 690 3228 :
714 3161 771 3231 lsti
801 3172 884 3230 sunt
908 3159 1043 3228 articuli
1070 3182 1176 3252 super
1204 3161 1332 3253 quibus
1361 3160 1558 3252 inquiretur
1587 3171 1707 3231 contra

274 3253 397 3331 fratres
423 3257 559 3326 ordinis
586 3258 714 3328 milicie
740 3253 780 3354 [1ο
802 3259 847 3326 39
866 3255 898 3355 c]
920 3257 1052 3348 Templi
1075 3269 1238 3348 tauquam
1260 3275 1380 3329 contra
1400 3257 1596 3349 singulares
1617 3257 1707 3326 mul-

274 3351 439 3444 tipliciter
463 3355 650 3425 infamatos
670 3369 705 3426 et
725 3356 955 3426 vehementer
985 3367 1167 3448 suspectos
1192 3378 1298 3449 super
1323 3358 1496 3426 contentis
1518 3357 1552 3424 in
1574 3356 1706 3426 eisdem

274 3451 430 3521 articulis
463 3464 496 3523 et
528 3457 681 3522 maxime
711 3454 878 3524 scandalo
905 3464 1025 3522 contra
1054 3475 1114 3523 eos
1137 3475 1244 3545 super
1272 3453 1339 3523 hiis
1364 3457 1540 3525 existente
1563 3480 1570 3522 :
1595 3454 1707 3545 primo

274 3550 368 3638 quod
388 3553 423 3618 in
446 3551 647 3645 receptione
667 3563 701 3621 et
719 3553 933 3643 quandoque
953 3561 1031 3643 post
1050 3562 1085 3620 et
1101 3572 1206 3644 qnam
1227 3552 1296 3622 cito
1313 3552 1357 3621 ad
1377 3551 1443 3622 hoc
1459 3552 1705 3622 comoditatem

273 3642 405 3717 hahere
433 3659 593 3739 poterant
619 3649 842 3738 abnegabant
867 3648 1063 3733 Christum,
1085 3661 1152 3719 etc.
1176 3647 1237 3741 (In
1263 3650 1326 3720 islo
1354 3652 1423 3722 loco
1442 3656 1613 3742 poterunt
1636 3651 1707 3720 siu·

272 3741 352 3833 puli
371 3745 519 3816 articuli
541 3746 754 3840 conplicari.)
774 3748 810 3815 ln
838 3768 987 3839 quorum
1012 3748 1168 3817 omnium
1197 3749 1434 3819 testimoninm
1463 3761 1499 3817 et
1524 3750 1705 3819 certitudi-

273 3862 351 3912 nem
385 3843 576 3935 pleniorom
612 3845 700 3913 hanc
736 3856 886 3915 nostram
926 3845 1135 3914 sententiam
1164 3869 1224 3939 per
1258 3847 1360 3916 talem
1392 3847 1434 3916 N.
1465 3857 1499 3914 et
1538 3847 1639 3915 talem
1662 3849 1702 3917 N.

272 3942 428 4011 notarios
455 3942 544 4011 inl'ra
571 3943 720 4035 scriptos
747 3942 916 4034 publicari
943 3943 1189 4013 mandavimus
1218 3957 1252 4014 et
1279 3955 1476 4015 nostrorum
1510 3944 1704 4034 sigillorum

273 4034 490 4131 appensione
521 4041 664 4112 muniri.
693 4041 773 4109 Lata
809 4051 843 4109 et
875 4041 909 4109 in
943 4040 1081 4132 scriptis
1116 4043 1344 4133 pronunciata
1380 4043 1444 4110 luit
1474 4063 1578 4132 supra
1612 4041 1705 4113 dicta

272 4139 446 4206 sententia
474 4160 536 4230 per
564 4138 779 4208 reverendos
804 4150 919 4229 patres
944 4139 1106 4208 dominos
1133 4141 1234 4211 talem
1254 4140 1297 4210 N.
1320 4150 1355 4208 et
1385 4139 1485 4208 talem
1506 4138 1547 4209 N.
1571 4139 1705 4231 episco-

272 4252 336 4324 pos
362 4235 559 4306 cardinales
584 4257 646 4328 pro
667 4235 835 4305 tribunali
856 4240 1019 4307 sedentes
1039 4236 1206 4306 Avinioni
1226 4238 1261 4305 in
1282 4258 1419 4306 camera
1441 4235 1589 4328 hospicii
1607 4237 1704 4309 habi·

274 4332 415 4402 tationis
439 4333 522 4402 dicti
546 4333 680 4405 domini
700 4333 741 4402 N.
764 4335 951 4404 cardinalis
970 4333 1041 4425 (cel
1059 4333 1106 4402 sic
1126 4361 1136 4401 .·
1166 4339 1199 4403 in
1220 4334 1280 4404 tali
1307 4333 1453 4403 ecclesia
1473 4333 1527 4402 uel
1544 4362 1555 4401 .·
1582 4336 1616 4404 in
1647 4338 1703 4406 tali

272 4428 431 4523 palatio),
465 4434 531 4500 sub
557 4452 651 4502 anuo
672 4432 810 4501 Domini
844 4431 1095 4516 N⁰CCC⁰XX⁰.‚
1132 4432 1325 4502 indictione
1355 4430 1447 4516 hle,
1482 4431 1704 4523 pontificatus

271 4527 483 4598 sanctissimi
505 4530 612 4621 patris
633 4541 667 4598 et
687 4529 820 4599 domini
843 4534 952 4601 nostri
981 4530 1113 4600 domini
1135 4529 1303 4600 Iohannis
1329 4529 1450 4597 divina
1480 4529 1704 4621 providentia

271 4645 362 4717 pape
380 4625 475 4695 XXll
493 4648 587 4698 anuo
606 4639 751 4719 quarto,
773 4627 831 4697 die
858 4629 979 4697 ultima
1007 4630 1136 4697 mensis
1155 4628 1328 4718 januarii,
1351 4627 1576 4717 presentibus
1600 4628 1703 4699 dictis

271 4721 437 4794 fratribus
456 4725 592 4795 ordinis
617 4724 794 4816 quondam
820 4726 947 4795 milicie
966 4725 1097 4817 Templi
1121 4745 1163 4795 ac
1190 4723 1417 4818 presentibus
1437 4724 1701 4797 venerabilibus

271 4830 308 4890 et
325 4820 500 4912 religiosis
519 4823 605 4892 viris
624 4822 790 4893 tratribus
811 4824 937 4893 talibus
956 4833 991 4892 ot
1011 4823 1159 4908 talibus,
1182 4832 1217 4892 et
1235 4832 1365 4891 cetera.

323 4917 523 4990 Consimilis
541 4921 666 4990 modus
692 4926 726 4988 ct
747 4919 871 5012 forma
896 4920 1060 4991 sententie
1084 4919 1291 4991 absolutorr'e
1309 4919 1442 5012 polerit
1468 4919 1705 4992 observarint

270 5014 350 5087 aliis
369 5017 559 5088 secundnm
576 5018 789 5089 varietatem
803 5029 865 5088 out
883 5017 1330 5090 diocrsr'lnlemcrr'mr'anm
1343 5040 1451 5111 snper
1469 5017 1593 5111 quihus
1605 5018 1703 5112 sacta

1510 5141 1544 5202 to
