4574 6404
425 623 500 725 ¹29:ss-
709 639 872 693 nanuum
898 640 1139 706 rnoursrrrorus
1166 641 1329 696 amaruan
1354 642 1566 696 rnavrrarrs.

422 809 530 892 atque
551 798 746 869 honoribus
765 797 1061 890 quibuscumque,
1084 798 1259 871 hereticos
1278 801 1446 892 eosdem,
1469 800 1674 887 credentes,
1701 809 1863 892 recepta·

424 908 518 970 tores
536 906 572 967 et
591 896 794 966 deiensores
813 897 970 986 ipsorum
988 917 1182 989 eorumque
1201 895 1292 968 lilios
1312 909 1348 969 et
1367 909 1512 991 nepotes
1533 898 1672 990 plenam
1692 895 1861 968 concedi-

424 1015 502 1064 mus
522 993 734 1064 iacuitatem.
751 991 841 1062 Sunt
866 1004 984 1064 autem
1008 994 1199 1088 dyocesani
1216 995 1251 1065 in
1279 996 1451 1088 privando
1469 995 1557 1065 tales
1580 994 1637 1065 vai
1665 992 1862 1065 nunciandi

425 1095 582 1186 privatos
603 1089 781 1161 beneficiis
808 1088 1011 1181 hujusmodi
1032 1091 1255 1184 requirendi,
1286 1093 1351 1163 nisi
1382 1094 1472 1164 iorte
1496 1103 1674 1163 constaret
1700 1091 1863 1183 legitime

422 1189 517 1283 quod
536 1188 629 1259 idem
639 1188 791 1257 scienter
801 1209 952 1280 persone
967 1188 1168 1279 hujusmodi
1183 1191 1308 1261 endem
1319 1188 1491 1261 beneficia
1502 1189 1749 1261 contulissent.
1760 1188 1863 1259 Tunc

423 1287 516 1359 enim
537 1307 599 1357 eos
619 1285 653 1354 in
675 1283 742 1355 hiis
760 1285 993 1375 requirendos
1013 1308 1082 1358 non
1110 1307 1188 1357 esse
1204 1308 1404 1372 censemus,
1420 1300 1474 1358 set
1487 1286 1609 1380 pocius
1625 1307 1721 1358 asuo
1735 1287 1863 1378 judice

424 1383 805 1478 puniendos-item,
818 1383 854 1451 in
872 1383 1189 1455 litteraAiexandri
1211 1406 1300 1478 pape
1310 1385 1388 1454 1111ιί
1405 1385 1512 1478 priori
1522 1384 1681 1454 Fratrum
1693 1383 1861 1454 Predica-

426 1493 540 1553 torum
561 1480 809 1550 Parisiensium
833 1510 840 1548 ;
871 1479 950 1551 Pre
970 1481 1128 1569 enacim·
1146 1493 1181 1552 et
1208 1484 1242 1551 in
1266 1483 1333 1553 alia
1355 1482 1468 1553 littera
1488 1481 1646 1573 ejusdem
1669 1476 1710 1592 [p
1731 1480 1801 1552 {08
1821 1476 1860 1579 b]

425 1579 620 1650 Alexandri
641 1600 729 1670 pape
749 1579 1017 1668 inquisitoribus
1033 1578 1239 1652 Thoiosanis
1262 1605 1270 1648 :
1297 1578 1343 1650 Ui
1360 1579 1585 1651 commissum
1602 1577 1695 1649 nobas
1712 1576 1861 1673 inquiri·

425 1677 527 1748 tionis
555 1673 732 1769 officium.
760 1674 815 1744 Et
837 1674 941 1769 infru
956 1702 968 1742 .·
991 1676 1133 1748 Necnon
1154 1676 1349 1761 hereticos,
1368 1677 1573 1755 credentes,
1597 1688 1859 1770 receptatores,

425 1776 579 1845 lautores
595 1785 632 1842 et
651 1774 857 1844 defensores
877 1795 1072 1866 eorumque
1092 1772 1182 1846 filios
1202 1788 1237 1845 et
1257 1786 1403 1867 nepotes
1423 1774 1667 1867 dignitatibus,
1689 1792 1861 1867 persona·

426 1873 520 1943 tihus
546 1882 581 1941 et
602 1870 796 1941 honoribus
816 1871 1118 1963 quibuscumque,
1137 1892 1179 1943 ac
1197 1870 1379 1943 beneficiis
1396 1872 1660 1959 ecciesiasticis,
1680 1883 1715 1942 et
1733 1869 1863 1943 ciliciis

426 1969 597 2063 publicis,
620 1969 697 2038 ilios
716 1989 859 2061 quoque
886 1970 947 2061 qui
975 1968 1212 2041 hereticorum
1241 1971 1298 2039 vei
1325 1970 1474 2041 aliorum
1497 1971 1733 2062 predictorum
1752 1969 1863 2040 inter·

426 2078 536 2137 ventu
560 2066 616 2136 vei
648 2067 759 2158 gratia
789 2067 869 2137 talia
897 2078 979 2137 sunt
997 2067 1114 2160 adepti
1146 2068 1201 2138 vei
1234 2069 1269 2138 in
1303 2080 1480 2161 posterum
1517 2077 1770 2160 assequentur,
1808 2065 1864 2138 eis

427 2163 606 2258 privandi,
628 2164 674 2233 de
688 2163 967 2257 dyocesanorum
988 2164 1060 2248 vei,
1079 2165 1131 2236 eis
1149 2165 1368 2251 absentibus,
1381 2165 1592 2236 vicariorum
1612 2185 1756 2235 suorum
1775 2185 1864 2235 con·

425 2262 524 2343 silio,
546 2262 692 2332 liberam
714 2261 816 2331 vobis
835 2262 1043 2334 auctoritate
1064 2262 1278 2355 presentium
1298 2263 1525 2334 concedimus
1547 2263 1759 2333 laenitatem.

476 2361 582 2442 item,
603 2361 638 2429 in
658 2357 976 2430 consultationibus
995 2360 1155 2451 ejusdem
1174 2359 1367 2431 Alexandri
1387 2381 1478 2453 pape
1497 2357 1573 2430 iiii¹¹
1592 2359 1864 2452 inquisitoribus

429 2457 636 2528 Thoiosanis
655 2456 797 2549 ponitur
815 2457 967 2548 quedam
987 2457 1200 2529 declaratio:
1218 2457 1321 2536 Quod
1338 2478 1447 2551 super
1464 2457 1653 2529 nonnullis.
1667 2454 1719 2526 Et
1732 2456 1861 2551 infra,

426 2554 579 2626 amiculo
610 2552 734 2625 ultimo
762 2580 774 2623 .·
803 2553 1018 2647 Frequenter
1045 2558 1163 2627 etiam.
1193 2554 1247 2626 Et
1272 2554 1376 2649 infra
1405 2582 1412 2595 ·
1439 2555 1512 2627 Hoc
1538 2576 1624 2626 sana
1649 2555 1695 2626 de
1720 2552 1802 2625 filiis
1827 2564 1865 2626 et

429 2653 617 2746 nepotibus
645 2652 783 2722 iliorum
812 2651 1063 2736 hereticorum,
1086 2651 1304 2724 credentium
1332 2664 1367 2723 et
1389 2653 1538 2724 aliorum
1571 2652 1771 2743 hujusmodi
1798 2654 1863 2745 qui

429 2751 534 2823 modo
556 2751 642 2820 tales
669 2750 862 2843 probantur
890 2750 1158 2842 intelligendum
1187 2771 1267 2822 esse
1290 2752 1452 2835 videtur,
1477 2772 1548 2822 non
1575 2763 1693 2821 autem
1720 2749 1863 2821 iliorum

426 2870 516 2941 quos
538 2849 744 2919 emendatos
761 2868 840 2919 esse
859 2849 1068 2935 constiterit,
1091 2859 1126 2919 et
1145 2870 1208 2942 pro
1231 2850 1333 2942 culpa
1352 2847 1555 2938 hujusmodi
1582 2848 1627 2918 ad
1656 2849 1863 2919 mandatum

427 2946 582 3017 Ecclesia
602 2945 830 3039 penitentiam
852 2946 1040 3039 recepisse,
1061 2966 1166 3038 quam
1184 2945 1250 3039 ipsi
1266 2946 1322 3017 vei
1340 2947 1411 3037 jam
1430 2947 1653 3039 perfecerunt
1669 2945 1724 3016 vel
1739 2944 1860 3016 humi·

427 3044 505 3114 liter
531 3043 767 3136 persecutioni
792 3044 868 3134 ejus
895 3043 1082 3130 insistunt,
1116 3044 1172 3115 vei
1200 3044 1312 3137 parati
1345 3044 1488 3114 luerunt
1514 3044 1599 3115 dum
1628 3044 1792 3114 viverent
1816 3042 1865 3114 ad

427 3141 668 3234 recipiendum
689 3142 865 3211 eamdem.

477 3239 577 3321 item,
607 3237 756 3308 habetur
783 3238 923 3331 plenius
942 3241 1093 3332 positum
1120 3241 1155 3309 in
1177 3240 1278 3330 jure,
1305 3238 1411 3311 Extra
1430 3239 1475 3310 de
1494 3238 1658 3310 hereticis
1678 3238 1768 3309 libro
1782 3238 1860 3308 Vl⁰:

426 3335 601 3406 Statutum
631 3335 740 3406 ieiicis
767 3337 1047 3408 reccordacionis
1065 3338 1259 3408 iunocentii
1278 3348 1313 3409 et
1331 3336 1549 3423 Alexandri,
1572 3337 1862 3429 predecessorum

428 3444 644 3518 nostrorum,
669 3427 710 3529 [1⁰
731 3433 800 3501 toti
816 3429 849 3530 c]
872 3456 916 3504 ne
935 3434 1102 3506 videlicet
1118 3435 1282 3519 heretici,
1303 3435 1506 3521 credentes,
1527 3445 1777 3526 receptatores,
1798 3435 1863 3505 de·

429 3532 602 3618 iensores,
622 3542 658 3601 et
676 3531 830 3602 lautores
849 3552 970 3603 eorum
993 3533 1220 3625 ipsorumque
1238 3530 1299 3603 iiiii
1317 3553 1429 3624 usqua
1449 3533 1492 3602 ad
1510 3533 1702 3603 secundam
1717 3552 1865 3623 genera·

430 3631 560 3699 tionem
590 3629 633 3697 ad
672 3629 815 3721 aliquod
844 3628 1053 3700 beneficium
1085 3630 1360 3702 ecclesiasticum
1395 3650 1459 3700 seu
1498 3629 1675 3721 pubiicum
1708 3628 1863 3701 officium

428 3728 676 3812 admittantur;
698 3727 793 3818 quod
819 3727 848 3796 si
868 3748 970 3798 secus
992 3739 1107 3798 actum
1134 3728 1261 3813 luerit,
1282 3728 1328 3799 sit
1346 3730 1483 3796 irritum
1513 3740 1549 3798 et
1569 3728 1686 3796 inane.
1706 3727 1863 3799 Primum

428 3836 464 3896 et
479 3824 673 3895 secundom
694 3825 842 3914 gradum
872 3846 933 3917 per
952 3837 1134 3918 paternam
1154 3826 1284 3896 lineam
1302 3823 1602 3918 comprehendere
1623 3824 1864 3914 declaramus,

429 3943 491 4016 per
511 3933 703 3993 maternam
731 3944 817 3993 vero
847 3923 891 3991 ad
922 3923 1071 4014 primum
1101 3924 1286 3994 dumtaxat
1315 3922 1479 3994 volumus
1512 3923 1579 3994 hoc
1607 3921 1772 4012 extendi3
1795 3922 1867 3996 hoc

427 4040 513 4090 sane
532 4021 577 4090 de
602 4018 683 4089 filiis
702 4032 738 4089 et
764 4019 951 4112 nepotibus
981 4020 1239 4106 hereticorum,
1263 4021 1483 4091 credentium
1510 4031 1546 4092 et
1572 4021 1721 4090 aliorum
1742 4020 1866 4112 hujus·

429 4118 526 4189 modi
543 4120 605 4210 qui
623 4119 710 4188 tales
728 4138 807 4188 esse
825 4117 881 4188 vei
902 4118 990 4187 tales
1015 4121 1122 4188 etiam
1148 4118 1346 4189 decessisse
1370 4117 1564 4210 probantur
1592 4118 1865 4209 intelligendum

429 4236 508 4286 esse
537 4216 694 4300 videtur,
723 4237 791 4286 non
820 4226 937 4285 autem
968 4215 1106 4286 iliorum
1141 4237 1229 4308 quos
1263 4215 1470 4288 emendatos
1500 4237 1578 4287 esse
1606 4216 1804 4287 constiterit
1830 4228 1868 4289 et

429 4312 710 4405 reincorporatus
734 4312 889 4383 Ecclesia
917 4313 1041 4382 unitati
1073 4323 1109 4383 et
1137 4335 1200 4405 pro
1223 4314 1325 4407 culpa
1355 4313 1558 4404 hujusmodi
1587 4313 1631 4384 ad
1659 4314 1867 4386 mandatum

429 4409 584 4481 Ecclesia
603 4411 831 4501 penitentiam
850 4411 1039 4503 recepisse,
1061 4431 1166 4503 quam
1184 4411 1252 4504 ipsi
1268 4412 1324 4482 vei
1336 4412 1411 4502 jam
1431 4413 1664 4504 perfecerunt,
1677 4411 1867 4483 velhumi-

429 4508 507 4578 liter
528 4509 763 4600 prosecutioni
782 4511 859 4599 ejus
879 4508 1065 4592 insistunt,
1089 4508 1142 4579 vei
1159 4511 1273 4601 parati
1290 4510 1432 4579 luerunt
1449 4510 1494 4579 ad
1515 4509 1770 4602 recipiendum.

477 4605 526 4675 De
544 4605 611 4676 hoc
625 4607 729 4675 etiam
745 4604 894 4676 hahetur
908 4606 943 4675 in
960 4606 1036 4696 iege
1055 4606 1228 4699 imperiali
1244 4607 1423 4700 quondam
1439 4605 1628 4690 Frederici,
1645 4606 1683 4677 C.
1702 4605 1748 4676 de
1763 4605 1869 4680 here·

431 4704 528 4774 licis:
546 4701 731 4775 Commissi
742 4702 849 4773 nohis.
868 4702 919 4773 Et
931 4702 1035 4797 infra
1053 4730 1060 4773 :
1075 4703 1111 4774 si
1127 4725 1206 4776 reos
1219 4705 1291 4777 lese
1306 4704 1499 4796 maiestatis
1515 4703 1550 4773 in
1565 4704 1725 4797 personis
1740 4724 1867 4776 eorum

430 4812 465 4870 et
478 4800 666 4871 liberorum
682 4823 827 4872 suorum
844 4801 1122 4873 exheredatione
1137 4802 1385 4895 dampnamus,
1403 4802 1512 4872 multo
1528 4802 1652 4872 lortius
1663 4801 1869 4894 justiusque

429 4910 549 4967 contra
572 4899 630 4969 Dei
655 4899 920 4971 hiasiematores
939 4900 1094 4969 nominis
1113 4912 1148 4969 et
1165 4899 1338 4972 catholice
1358 4897 1442 4969 fidei
1461 4899 1676 4971 detractores
1693 4919 1869 4992 provoca·

431 5016 532 5080 mur,
552 4996 755 5067 eorumdem
777 4994 1031 5083 hereticorum,
1054 4998 1248 5083 lautorum,
1269 5010 1305 5068 et
1325 5009 1600 5089 receptatorum,
1621 5008 1656 5068 et
1674 4996 1867 5070 advocato·

1079 5670 1477 6016 fb.
