4574 6404
436 674 482 743 et
568 710 572 717 ·
723 690 886 745 ιιιιιιιι
912 690 1152 757 monrsrmoms
1179 690 1342 743 ιιιιιιιιιιι
1367 689 1579 742 rmvtrrrrs.

436 850 613 921 ordinaria
636 870 705 942 qua
724 849 933 943 lungimur
920 852 999 921 vice
1017 861 1157 944 nostra,
1179 870 1221 920 ac
1240 849 1486 959 inquisitorum
1508 849 1664 920 heretice
1684 851 1869 947 pravitatis

437 961 472 1018 et
489 948 638 1019 aliorum
658 948 760 1019 nobis
779 939 1059 1019 coassistentium
1079 949 1422 1040 commissariorum,
1439 947 1512 1017 de
1504 968 1659 1039 ipsorum
1680 947 1771 1020 bene
1793 948 1867 1041 pla-

351 1065 354 1071 ·
436 1045 508 1117 cito
526 1056 561 1115 et
578 1066 746 1132 assensu,
768 1056 937 1137 quantum
962 1045 1006 1116 ad
1029 1066 1197 1138 personas
1213 1046 1360 1115 aliarum
1384 999 1425 1156 [ιο
1445 1043 1485 1112 5l
1507 1040 1544 1155 d]
1566 1045 1781 1138 dyocesum‚
1804 1066 1869 1118 vos

436 1156 473 1213 et
493 1153 649 1214 vestrum
665 1143 860 1235 quemlibet
877 1143 1095 1214 absolvimus
1113 1142 1158 1214 ab
1176 1141 1552 1214 excommunicationis
1573 1142 1723 1212 vinculis
1739 1142 1869 1238 quibus

437 1241 543 1312 eratis
570 1241 688 1333 ligati,
719 1251 862 1334 propter
889 1240 945 1310 illu
972 1263 1043 1333 quo
1068 1241 1219 1312 conlessi
1248 1241 1333 1311 estis
1362 1240 1396 1310 in
1420 1240 1639 1330 juditiovos
1663 1240 1870 1319 incrimine

437 1339 626 1430 dampnate
644 1337 779 1408 heresis
798 1339 1036 1424 commisisse,
1057 1339 1087 1409 si
1113 1350 1228 1410 tumen
1249 1340 1295 1409 de
1313 1338 1420 1409 corde
1439 1339 1534 1409 bouo
1550 1349 1585 1407 et
1609 1336 1679 1408 lide
1699 1359 1768 1410 non
1789 1337 1869 1412 licta

435 1436 612 1506 redieritis
631 1435 676 1505 ad
693 1434 848 1507 Ecclesie
867 1437 1057 1524 unitatem,
1078 1436 1161 1507 etsi
1179 1436 1410 1508 servaveritis
1428 1435 1485 1505 illa
1503 1456 1572 1527 que
1593 1435 1695 1507 vobis
1713 1435 1869 1527 injuncta

436 1533 565 1603 luerint
582 1544 618 1603 et
637 1535 815 1604 mandata.

438 1787 495 1851 13.
520 1787 654 1851 Forma
668 1789 715 1852 ud
734 1788 998 1868 imponendum
1018 1788 1263 1869 penitentium
1278 1787 1620 1898 peregrinationum
1645 1786 1727 1851 sine
1749 1790 1866 1854 cruol-

1111 1895 1190 1960 bns

484 2130 519 2199 ln
545 2133 687 2201 nomine
706 2131 863 2217 Domini,
883 2152 1000 2201 amen.
1022 2129 1193 2213 Quoniam
1221 2152 1284 2202 nos
1310 2132 1431 2223 prolati
1461 2131 1687 2224 inquisitores
1705 2128 1866 2201 heretice

435 2227 617 2321 pravitatis
643 2240 679 2298 et
704 2229 937 2300 commissarii
962 2228 1113 2319 delegati
1141 2228 1226 2299 tales
1250 2241 1286 2299 et
1311 2228 1397 2299 tales
1422 2251 1484 2320 per
1505 2229 1767 2322 inquisitionem
1794 2228 1863 2297 lac·

435 2335 504 2395 tam
541 2325 742 2396 invenimus
773 2339 808 2397 et
837 2347 899 2419 per
925 2327 1165 2399 conlessiones
1198 2338 1334 2399 vestras
1360 2325 1468 2397 lactas
1495 2325 1529 2395 iu
1552 2326 1684 2417 juditio
1711 2325 1866 2416 legitime

434 2423 536 2493 nobis
566 2433 702 2494 constat
725 2424 820 2516 quod
845 2435 881 2493 tu
908 2425 986 2495 talis
1011 2426 1056 2496 de
1083 2425 1142 2494 tali
1167 2424 1243 2496 locu
1269 2423 1347 2494 talis
1380 2423 1563 2518 dyocesis,
1589 2436 1625 2494 et
1653 2434 1689 2494 tu
1714 2422 1791 2493 talis
1819 2422 1866 2494 de

434 2521 493 2590 tali
526 2520 601 2591 loco
637 2521 714 2592 talis
746 2521 890 2591 alterius
916 2521 1096 2615 dyocesis,
1124 2533 1208 2610 etc,
1238 2522 1512 2615 (conprimuntur
1541 2521 1689 2593 nornine
1711 2519 1865 2614 scirpulo-

433 2640 517 2688 rutu
535 2624 568 2687 el
586 2618 661 2689 locu
680 2625 711 2689 el
729 2619 889 2713 dyoccses
904 2619 1139 2711 eorumdem),
1161 2632 1229 2689 tam
1248 2621 1403 2710 graviter
1422 2631 1457 2689 et
1477 2630 1545 2690 tam
1567 2619 1805 2713 multipliciter
1825 2621 1863 2688 in

433 2715 523 2788 lacto
543 2715 677 2787 heresis
696 2716 915 2810 deliquistis,
936 2718 1028 2788 siout
1047 2717 1173 2788 lectum
1191 2728 1227 2787 et
1248 2717 1430 2787 recitatum
1459 2729 1512 2788 est
1531 2717 1633 2789 vobis
1657 2715 1863 2808 intelligibi-

433 2813 513 2885 liter
538 2814 572 2883 in
594 2813 752 2904 vulgari,
775 2816 905 2886 idcirco
925 2837 990 2886 nos
1010 2816 1132 2909 prelati
1154 2815 1380 2907 inquisitores
1399 2827 1434 2887 et
1451 2814 1683 2887 commissarii
1703 2813 1863 2905 delegati

433 2931 498 2982 vos
518 2933 641 2983 omnes
665 2923 701 2982 et
717 2912 875 3005 singulos
895 2912 1012 2984 redire
1027 2913 1208 2996 volentes,
1232 2924 1334 3004 prout
1352 2913 1526 2997 asseritis,
1548 2913 1592 2983 ad
1610 2911 1765 2983 Ecclesia
1778 2912 1864 2981 uni·

432 3016 560 3095 tatem,
586 3010 744 3099 abjurata
771 3010 931 3103 primitus
958 3033 1020 3104 per
1045 3031 1109 3081 vos
1134 3031 1251 3081 coram
1277 3010 1379 3080 nobis
1404 3011 1438 3078 in
1462 3011 1592 3102 juditio
1619 3012 1715 3081 omni
1741 3008 1861 3080 heresi

433 3117 469 3175 et
494 3107 640 3200 prestito
663 3107 708 3177 ad
733 3119 851 3180 sancta
876 3108 937 3178 Dei
956 3107 1146 3200 Evangelia
1165 3109 1367 3219 juramento
1386 3109 1480 3199 quod
1506 3108 1673 3201 parebitis
1700 3119 1735 3178 et
1760 3106 1862 3178 eritis

433 3202 640 3275 obedientes
665 3205 870 3299 simpliciter
890 3206 1063 3277 mandatis
1090 3206 1218 3277 nostris
1244 3217 1280 3277 et
1304 3205 1473 3291 Ecclesie,
1494 3206 1712 3277 absolvimus
1731 3225 1861 3276 secun·

432 3301 516 3370 dum
552 3302 700 3373 formam
733 3302 886 3375 Ecclesia
915 3304 961 3374 ab
993 3304 1368 3375 excommunicationis
1401 3304 1552 3375 vinculis
1587 3302 1716 3395 quibus
1753 3302 1860 3373 eratis

436 3393 477 3494 [l0
496 3398 542 3471 52
561 3396 596 3511 a]
619 3400 714 3490 ligati
736 3412 879 3496 propter
895 3403 1016 3513 culpas
1035 3421 1122 3493 quas
1142 3401 1292 3472 conlessi
1317 3402 1402 3472 estis
1422 3401 1456 3470 in
1474 3401 1603 3493 Juditio
1625 3421 1689 3472 vos
1714 3400 1748 3469 in
1769 3402 1861 3471 lacto

433 3518 495 3568 seu
523 3499 670 3569 crimine
693 3498 828 3570 heresis
854 3499 1093 3583 commisisse,
1118 3499 1148 3570 si
1167 3509 1288 3570 tamen
1317 3500 1361 3569 de
1390 3500 1496 3570 corde
1518 3499 1613 3570 bono
1639 3507 1675 3568 et
1700 3497 1770 3569 lide
1790 3519 1860 3569 nou

433 3592 512 3666 ficta
532 3594 708 3667 redieritis
732 3594 777 3667 ad
796 3597 950 3668 Ecclesie
970 3598 1160 3682 unitatem,
1181 3608 1216 3666 et
1234 3596 1263 3665 si
1292 3598 1446 3686 injuncta
1471 3597 1573 3668 vobis
1600 3595 1762 3666 mandata
1786 3615 1861 3666 ser·

432 3694 627 3782 vaveritis3
660 3705 695 3764 et
727 3695 809 3786 quia
840 3695 874 3764 in
903 3695 1012 3765 Deum
1041 3707 1076 3765 et
1107 3706 1262 3764 sanctam
1299 3706 1443 3764 matrem
1473 3695 1663 3765 Ecclesiam
1693 3692 1860 3787 predictis

435 3793 546 3862 modis
573 3802 705 3863 temere
732 3791 948 3884 deliquistis,
978 3793 1193 3883 injungimus
1217 3791 1320 3862 vobis
1347 3791 1380 3860 in
1408 3792 1636 3885 penitentiam
1663 3801 1698 3861 et
1718 3790 1862 3862 nomine

431 3887 624 3981 penitentie
643 3910 706 3982 pro
730 3890 895 3981 predictis
916 3891 1216 3984 peregrinationes
1238 3889 1419 3960 beatorum
1445 3889 1534 3960 Petri
1556 3901 1590 3960 ιι
1609 3888 1704 3959 Pauli
1722 3888 1857 3972 Rome,

432 3997 467 4056 et
488 3985 617 4056 ibidem
644 3988 777 4057 laeiatis
798 4009 902 4056 unam
927 3988 1140 4080 quindenam
1162 3986 1218 4055 vel
1246 3987 1570 4079 quadragesimam,
1592 3998 1792 4057 sanctorum
1819 3986 1860 4055 li-

431 4084 524 4152 minu
554 4096 589 4154 et
615 4083 781 4155 ecclesias
808 4086 1009 4172 visitand03
1034 4089 1115 4154 item
1146 4083 1237 4153 beati
1268 4085 1386 4155 Jacnbi
1417 4084 1652 4178 compostelle
1681 4095 1717 4154 et
1741 4084 1860 4155 Sancti

430 4178 561 4250 Thome
578 4183 613 4250 in
632 4182 835 4268 Cantuaria,
861 4193 896 4252 et
916 4182 1032 4252 Trium
1053 4183 1184 4274 Regum
1207 4181 1252 4251 de
1272 4182 1436 4268 Colonia,
1456 4185 1539 4252 item
1559 4181 1859 4273 peregrinationes

427 4276 533 4348 lleate
552 4277 660 4350 Marie
676 4279 721 4351 de
739 4281 837 4372 Rupe
855 4281 1034 4365 amatoris,
1055 4292 1089 4350 et
1105 4280 1149 4349 de
1164 4279 1286 4364 Podio,
1303 4280 1348 4350 de
1363 4280 1461 4350 Valle
1473 4280 1591 4363 viridi,
1607 4295 1642 4349 et
1657 4280 1702 4350 de
1717 4278 1859 4350 Tabulis

430 4376 463 4444 iu
488 4376 795 4469 lllontepessulano
815 4390 850 4449 et
871 4378 916 4447 de
940 4377 1158 4464 Serinban03
1182 4379 1263 4446 item
1288 4378 1404 4447 Sancti
1425 4377 1605 4447 Guillermi
1624 4377 1670 4447 de
1687 4377 1855 4463 Deserto,

427 4474 542 4544 Sancti
560 4473 673 4566 Egidii
692 4475 727 4544 iu
747 4474 945 4560 Provincia,
966 4476 1080 4546 Sancti
1098 4475 1188 4545 Petri
1208 4476 1253 4545 de
1272 4475 1389 4546 lllonte
1410 4476 1553 4566 maj0ri,
1574 4475 1701 4544 Sancte
1720 4473 1857 4546 Marthe

427 4571 471 4641 de
483 4571 692 4659 Taruscone,
707 4572 834 4643 Sancte
849 4573 956 4643 hlarie
973 4573 1178 4664 lllagduleue
1192 4573 1285 4665 apud
1301 4573 1464 4643 Sanctum
1483 4573 1726 4655 Maximinum,
1738 4572 1856 4643 Sancti

426 4666 572 4740 Antonii
590 4670 825 4764 Viennensis,
845 4670 961 4740 Sancti
979 4670 1151 4740 Marcialis
1171 4683 1206 4740 et
1226 4671 1340 4740 Sancti
1359 4671 1529 4742 Leonardi
1549 4672 1584 4740 iu
1601 4670 1854 4759 lemovicinio,

425 4765 530 4836 Beate
545 4767 654 4838 Marie
669 4769 713 4838 de
732 4767 883 4839 Curnoto
900 4780 935 4838 ιι
951 4768 1067 4838 Sancti
1086 4769 1243 4862 [lyonisii
1262 4782 1296 4838 et
1315 4768 1429 4838 Sancti
1451 4768 1618 4838 Ludovici
1641 4768 1675 4837 in
1695 4767 1854 4859 Francia,

424 4875 460 4932 ιι
477 4864 593 4934 Sancti
613 4866 774 4935 Severini
793 4866 838 4936 de
857 4864 1065 4956 burdegala,
1088 4878 1122 4935 et
1142 4865 1246 4936 Beate
1265 4865 1371 4935 illarie
1391 4866 1435 4935 de
1454 4866 1592 4947 Solaco,
1613 4865 1739 4935 Sancte
1760 4864 1855 4939 Fidis

424 4960 468 5029 de
487 4960 648 5071 conchis,
669 4963 831 5056 dyocesis
847 4962 1096 5049 Rutheneusis,
1116 4963 1234 5034 Sancti
1249 4962 1345 5033 Pauli
1363 4963 1616 5044 Narbonensis,
1636 4963 1751 5033 Sancti
1771 4963 1856 5034 Vin·

421 5059 528 5129 centii
555 5060 600 5130 de
618 5059 745 5130 Castris
765 5060 837 5151 (vel
845 5063 978 5153 poterit
1003 5060 1077 5132 dr'ci
1093 5061 1157 5132 ltoc
1174 5060 1304 5131 modo:
1326 5062 1542 5153 injungimus
1562 5060 1700 5133 vobis
1693 5082 1727 5130 tn
1753 5061 1855 5154 peni·
