4612 6404
1008 666 1134 733 curura
1161 670 1258 723 naus.
1782 648 1853 719 517

468 830 668 901 Teneantur
684 828 828 920 insuper
845 839 1015 921 potestas,
1036 833 1256 921 capitaneae,
1275 829 1457 913 consules,
1477 850 1540 899 seu
1560 840 1673 898 rector
1693 828 1747 897 vel
1769 831 1849 919 qui-

422 930 476 998 vis
493 928 583 997 alius
605 926 787 1018 presidens
809 927 969 1017 regimini
989 929 1141 997 civitatis
1160 929 1214 998 vel
1237 927 1321 1021 loci,
1348 927 1486 998 nomina
1514 927 1669 996 virorum
1691 928 1848 996 omnium

420 1027 479 1118 qui
497 1024 707 1117 deprehensi
719 1021 905 1121 luerintll'
923 1025 990 1093 l'id
1010 1022 1058 1123 c],
1081 1027 1236 1095 infamati
1254 1026 1309 1095 vei
1332 1025 1478 1110 banniti,
1499 1024 1534 1093 in
1553 1035 1705 1116 quatuor
1722 1022 1849 1092 libellis

424 1126 527 1193 unius
548 1121 680 1191 tenoris
701 1122 814 1192 facere
833 1126 1012 1207 annotari,
1036 1146 1184 1215 quorum
1208 1145 1314 1192 unrrm
1332 1144 1519 1193 commune
1536 1122 1690 1192 civitatis
1709 1121 1763 1190 vei
1782 1120 1848 1191 ioci

420 1234 455 1293 et
474 1221 581 1291 alium
598 1220 838 1313 dyocesanus,
861 1232 896 1291 et
916 1221 1059 1290 tercium
1082 1222 1205 1292 fratres
1228 1222 1466 1291 Predicatores
1485 1231 1520 1291 et
1540 1229 1703 1312 quartum
1724 1219 1848 1288 iratres

421 1319 593 1403 Minores3
623 1328 658 1386 et
684 1320 840 1408 ipsorum
875 1321 1015 1389 nomina
1048 1332 1101 1388 ter
1129 1320 1162 1388 in
1191 1340 1284 1390 anno
1314 1321 1346 1387 in
1376 1320 1545 1389 concione
1575 1316 1713 1409 publica
1745 1315 1850 1385 iaciat

421 1417 573 1489 recitari.

469 1515 668 1585 Teneantur
704 1534 846 1605 quoque
879 1527 1051 1607 potestas,
1084 1537 1146 1585 seu
1182 1526 1311 1600 rector,
1345 1514 1400 1584 vel
1434 1514 1647 1606 quicumque
1688 1512 1848 1604 regimini

422 1613 624 1706 supradicto
657 1612 846 1704 prefuerit,
878 1611 968 1683 fliius
1001 1625 1034 1683 et
1065 1623 1209 1704 nepotes
1240 1613 1472 1683 hereticorum
1505 1623 1540 1682 et
1572 1621 1846 1703 receptatorum,

423 1714 646 1787 defensorum
674 1720 709 1778 et
737 1712 909 1780 lautorum
936 1732 1056 1781 eorum
1083 1710 1269 1800 diiigenter
1298 1710 1530 1802 investigare,
1557 1729 1689 1800 eosque
1722 1709 1767 1778 ad
1785 1709 1850 1778 ali-

422 1810 516 1903 quod
554 1806 706 1877 officium
745 1808 921 1899 publicum
955 1831 1018 1879 seu
1049 1808 1234 1879 consilium
1267 1809 1466 1879 nuliatenus
1502 1807 1688 1877 admittere
1719 1807 1754 1875 in
1792 1808 1808 1874 f
1835 1847 1848 1860 ·

425 1919 553 1977 turum.

471 2005 670 2075 Teneantur
686 2014 844 2095 preterea
863 2017 1029 2098 potestas,
1050 2029 1112 2077 seu
1134 2018 1259 2091 rector,
1280 2006 1335 2075 vei
1352 2004 1469 2096 quivis
1483 2003 1573 2073 alius
1591 2005 1750 2095 regimini
1769 2025 1845 2094 pre-

423 2104 542 2174 sidens
568 2123 676 2169 unum
697 2101 741 2170 de
769 2103 1006 2174 assessoribus
1033 2106 1107 2174 suis
1126 2125 1231 2196 quem
1259 2104 1404 2193 elegerit
1427 2102 1665 2196 dyocesanus,
1693 2104 1721 2171 si
1747 2102 1852 2172 luerit

424 2221 583 2294 presens,
597 2210 632 2269 et
646 2199 871 2290 inquisitores
882 2223 943 2271 seu
961 2203 1147 2293 inquisitor
1167 2202 1311 2293 predicti
1324 2201 1530 2270 auctoritate
1546 2200 1640 2269 sedis
1660 2200 1851 2291 apostolice

424 2299 595 2392 deputati,
610 2300 746 2366 mittere
765 2300 921 2383 cumeis,
943 2301 1238 2391 quandocumque
1257 2299 1446 2378 voluerint,
1468 2298 1502 2366 in
1519 2298 1746 2387 juridictione
1759 2298 1849 2368 civi·

424 2398 503 2466 tatis
515 2395 572 2463 vel
587 2395 672 2479 loci;
688 2391 858 2494 [quando]
873 2398 1138 2488 inquisitoribus
1151 2418 1214 2467 seu
1231 2396 1427 2488 inquisitori
1447 2397 1560 2465 visum
1574 2397 1691 2478 fuerit,
1711 2395 1760 2466 ibi
1778 2408 1847 2467 tres

424 2494 612 2585 autplures
630 2492 712 2564 boni
725 2496 912 2564 testimonii
925 2496 1033 2575 viros,
1045 2496 1099 2566 vel
1112 2506 1217 2566 totam
1229 2496 1406 2573 viciniam,
1418 2494 1446 2562 si
1461 2495 1713 2577 deridebitur,
1726 2496 1847 2583 jurare

424 2591 610 2683 compellat
628 2592 723 2683 quod
748 2592 886 2685 siquos
910 2593 1083 2665 hereticos
1104 2593 1231 2665 ibidem
1251 2593 1420 2663 sciverint
1447 2594 1503 2660 vel
1530 2593 1620 2662 bona
1645 2614 1766 2663 eorum
1790 2593 1846 2662 vel

424 2690 561 2781 aliquos
578 2690 713 2760 occulta
733 2692 977 2761 conventicula
997 2692 1235 2776 celebrantes,
1257 2712 1318 2761 seu
1339 2713 1357 2761 a
1378 2693 1554 2761 communi
1575 2692 1847 2761 conversatione

426 2786 581 2856 fidelium
600 2789 672 2859 vita
693 2798 728 2856 et
747 2789 901 2859 moribus
918 2789 1143 2870 dissidentes,
1165 2790 1221 2860 vel
1241 2790 1439 2866 credentes,
1461 2799 1522 2857 aut
1543 2788 1761 2869 defensores,
1783 2809 1847 2859 seu

426 2895 682 2977 receptatores,
711 2886 764 2954 vel
791 2888 943 2957 lautores
970 2881 1011 2983 [Ρ
1036 2886 1104 2955 tro
1127 2884 1164 2984 d]
1187 2887 1436 2972 hereticorum,
1460 2886 1562 2956 dictis
1583 2887 1852 2976 inquisitoribus

425 2984 502 3053 sive
521 2984 719 3074 inquisitori
740 2985 905 3054 studeant
924 2986 1094 3055 revelare.

473 3081 541 3171 lpsi
562 3093 678 3151 autem
701 3093 874 3173 potestas,
894 3084 1057 3153 consules
1076 3084 1153 3154 sive
1171 3096 1307 3169 rector,
1334 3106 1396 3154 seu
1416 3085 1534 3177 quivis
1555 3082 1644 3152 alius
1663 3083 1769 3173 hujus
1797 3105 1851 3153 re·

426 3179 547 3270 gimini
570 3180 788 3272 presidentes
808 3201 959 3271 purgare
980 3192 1163 3251 teneantur
1182 3183 1227 3252 ab
1251 3182 1403 3253 heretica
1431 3182 1574 3252 feditate
1592 3181 1772 3276 civitatem
1794 3181 1851 3252 vel

428 3277 539 3346 locum
572 3281 627 3346 cui
657 3278 849 3369 prefuerint
874 3290 1051 3370 totamque
1077 3290 1201 3350 terram
1224 3280 1279 3351 vel
1306 3280 1500 3350 districtum
1527 3300 1591 3348 sue
1614 3280 1853 3368 juridictionis

426 3375 618 3445 secundum
638 3376 732 3465 leges
745 3397 804 3466 per
815 3377 992 3467 quondam
1007 3376 1226 3447 Fredericum
1239 3379 1321 3448 olim
1337 3379 1572 3449 Romanorum
1584 3377 1850 3469 imperatorem,

427 3485 509 3543 tunc
534 3474 567 3542 in
595 3474 785 3543 devotione
809 3475 963 3545 Romane
992 3473 1145 3545 Ecclesie
1171 3477 1435 3569 persistentem,
1466 3474 1584 3544 Padue
1616 3476 1853 3566 promulgatas

427 3583 545 3640 contra
567 3569 756 3642 hereticam
783 3575 1009 3662 pravitatem,
1037 3583 1072 3641 et
1091 3595 1210 3643 earum
1232 3586 1387 3644 tenorem
1410 3575 1523 3644 lacere
1543 3572 1577 3640 in
1598 3572 1672 3642 suis
1691 3573 1851 3643 annotari

427 3669 677 3760 capitularibus
696 3668 800 3737 nuliis
818 3670 901 3739 inde
920 3670 1134 3762 temporibus
1152 3672 1356 3742 abolendas.

475 3766 673 3837 Teneantur
692 3767 836 3857 insuper
856 3779 1030 3859 potestas,
1052 3788 1115 3839 seu
1147 3770 1226 3860 quis
1254 3780 1368 3839 rector
1385 3769 1537 3839 civitatis
1558 3769 1613 3839 vel
1642 3770 1729 3853 loci,
1764 3791 1852 3862 quo·

428 3886 578 3956 curnque
594 3865 765 3935 vocabulo
791 3877 1058 3957 nuncupentur,
1085 3869 1120 3935 in
1142 3867 1379 3936 destructione
1397 3867 1580 3936 domorum
1610 3878 1645 3937 et
1660 3869 1851 3959 condemp-

429 3964 629 4034 natiouibus
660 3963 828 4033 iaciendis
854 3965 888 4031 in
920 3965 1024 4033 rebus
1054 3965 1208 4034 inventis
1233 3965 1289 4034 vel
1319 3965 1498 4056 occupatis
1532 3965 1782 4053 consignandis
1819 3978 1854 4035 et

429 4061 630 4131 dividendis
646 4061 834 4153 dequibus
853 4063 1016 4152 superios
1037 4062 1177 4146 dicitur,
1200 4063 1288 4132 inira
1310 4062 1431 4153 viginti
1451 4063 1528 4133 dies
1549 4077 1733 4156 postquam
1750 4084 1853 4134 accu-

429 4159 517 4229 satio
536 4159 613 4229 sive
633 4159 858 4230 denunciatio
881 4159 968 4228 lacta
989 4161 1112 4245 tuerit,
1135 4160 1200 4230 hec
1220 4163 1337 4230 omnia
1357 4182 1436 4230 cum
1457 4161 1585 4231 ellectu
1605 4170 1640 4230 et
1661 4162 1853 4255 condemp-

431 4258 589 4327 nationes
606 4278 728 4327 omnes
749 4257 782 4324 iu
808 4259 973 4349 peccunia
995 4270 1176 4329 numerata
1195 4259 1282 4329 inira
1304 4273 1374 4328 tres
1395 4280 1533 4329 menses
1547 4260 1692 4349 exigere
1711 4270 1747 4328 et
1763 4259 1854 4327 divi·

430 4354 513 4424 dere
536 4356 630 4439 illas,
661 4357 751 4426 sicut
781 4356 926 4425 inferius
951 4357 1175 4441 continetur;
1206 4370 1242 4427 et
1270 4378 1331 4427 eos
1351 4358 1410 4448 qui
1431 4356 1570 4427 solvere
1590 4378 1659 4427 non
1677 4357 1855 4448 potuerint

384 4499 386 4504 -
431 4450 546 4523 banuo
572 4454 731 4523 maleficii
761 4454 985 4545 subponere,
1013 4468 1048 4523 et
1067 4455 1180 4524 donec
1197 4455 1337 4524 solvant
1353 4457 1388 4523 iu
1405 4475 1545 4524 carcere
1565 4453 1748 4537 detinere,
1771 4454 1856 4525 alio

430 4551 512 4639 quin
536 4574 598 4643 pro
619 4551 685 4620 hiis
704 4552 868 4621 omuibus
893 4563 927 4620 et
942 4553 1090 4641 singuiis
1109 4553 1298 4644 sindicere‚
1318 4552 1409 4621 sicut
1425 4552 1584 4621 inferius.

479 4649 624 4740 insuper
644 4660 804 4719 teneatur
833 4670 940 4718 unum
961 4650 1005 4719 de
1025 4651 1263 4720 assessoribus
1283 4650 1377 4735 suis,
1405 4670 1663 4741 quemcumque
1684 4649 1855 4743 dyocesa-

430 4768 496 4816 nus
525 4746 579 4816 vel
610 4750 685 4838 ejus
711 4748 864 4817 vicarius
886 4742 927 4843 [p
956 4747 1017 4814 l'il
1052 4744 1086 4843 a]
1113 4759 1148 4817 et
1171 4748 1316 4839 predicti
1337 4747 1561 4838 inquisitores
1580 4767 1643 4816 seu
1670 4747 1857 4839 inquisitor

431 4844 662 4914 hereticorum
691 4845 856 4928 voluerit,
888 4844 933 4914 ad
963 4844 1028 4914 hec
1057 4845 1254 4936 peragenda
1281 4843 1431 4914 fideliter
1458 4845 1639 4935 assignare
1658 4857 1693 4914 et
1719 4857 1856 4915 mutare

431 4963 493 5032 pro
514 4953 682 5035 tempore,
704 4944 733 5013 si
754 4944 805 5012 eis
825 4944 936 5012 visum
958 4943 1061 5010 luerit
1081 4955 1307 5034 oportunum.

478 5037 606 5112 Omnes
626 5053 745 5112 autem
773 5041 1110 5133 condempnationes
1130 5041 1185 5111 vel
1209 5061 1299 5133 pene
1318 5060 1388 5133 que
1405 5040 1592 5112 occasione
1610 5040 1746 5112 heresis
1766 5042 1856 5112 lacte
