4574 6404
423 675 469 744 98
712 689 874 742 naucum
900 687 1139 755 ruoutstrtours
1167 683 1328 738 unaurrcs
1355 680 1565 734 raavrrarrs.

424 873 486 922 seu
515 850 703 939 injungunt
727 847 804 939 plns
831 857 866 916 et
891 848 1006 914 minus
1035 857 1138 938 prout
1161 845 1399 937 judicaverint
1418 842 1606 933 expedire,
1628 843 1855 912 considerata

428 949 596 1041 qualitate
616 966 766 1038 persone
790 955 824 1014 et
841 946 1034 1034 quantitate
1059 942 1182 1036 culpe,
1204 952 1286 1034 puta
1311 940 1407 1032 quod
1426 940 1607 1010 dimittunt
1627 949 1688 1008 aut
1712 959 1781 1009 nou
1800 941 1857 1008 in·

421 1047 577 1137 jungunt
593 1045 722 1135 primas
742 1044 1042 1134 peregrinationes
1062 1050 1237 1132 quatuor,
1259 1061 1329 1131 qne
1344 1040 1577 1110 communiter
1595 1049 1768 1107 vocantur
1782 1057 1857 1106 ma-

423 1147 533 1234 jores.
555 1142 609 1210 vel
628 1141 752 1210 saltem
769 1139 958 1230 injungunt
975 1159 1079 1208 unam
1101 1148 1234 1208 tantum
1250 1159 1296 1208 ex
1313 1137 1466 1218 eisdem,
1484 1135 1650 1205 videlicet
1667 1134 1785 1204 Sancti
1802 1134 1858 1204 Ja-

424 1241 501 1312 cobi
522 1238 776 1329 Compostelle,
795 1258 865 1328 que
886 1239 995 1327 magis
1014 1238 1248 1307 communiter
1266 1237 1451 1305 consuevit
1470 1233 1624 1326 praelegi
1648 1243 1683 1301 et
1707 1236 1855 1325 imponi.

423 1339 507 1409 Item
528 1338 572 1407 de
591 1335 668 1405 aliis
686 1336 1026 1428 peregrinationibus
1046 1355 1114 1425 que
1134 1334 1299 1404 dicuntur
1320 1332 1471 1402 minores
1490 1341 1657 1422 poterunt
1672 1332 1858 1401 intermitti

427 1432 468 1531 [β’
488 1433 533 1503 bl
552 1429 586 1530 a]
612 1433 671 1503 ille
695 1454 764 1524 que
788 1445 870 1502 sunt
896 1435 931 1501 in
957 1432 1042 1502 locis
1071 1434 1182 1522 magis
1210 1430 1420 1500 distantibus
1447 1441 1482 1499 et
1511 1431 1677 1520 remotis,
1708 1439 1790 1522 puta
1813 1427 1858 1498 de

425 1532 568 1603 Francia
596 1544 632 1601 et
656 1531 787 1600 Vienna
809 1541 844 1600 et
870 1529 1066 1617 similibus;
1095 1539 1131 1598 et
1148 1531 1199 1598 sic
1224 1529 1269 1599 de
1292 1528 1369 1599 aliis
1394 1526 1439 1597 ad
1464 1527 1646 1597 arbitrium
1672 1527 1859 1618 inquisito·

425 1635 486 1701 ris.
508 1630 591 1699 ltem
614 1630 658 1699 de
678 1628 873 1721 disciplinis
894 1627 1105 1720 recipiendis
1131 1648 1210 1696 cnm
1232 1628 1341 1716 uirgis
1362 1624 1543 1717 portandis
1563 1636 1632 1695 tam
1658 1626 1694 1693 in
1716 1645 1857 1717 proces-

340 1731 344 1738 '
423 1729 583 1801 sionibus
601 1748 705 1818 quam
732 1729 767 1794 in
790 1728 915 1809 missa,
939 1723 1165 1817 supercederi
1187 1727 1337 1817 poterit,
1358 1726 1389 1792 si
1408 1725 1523 1792 visum
1545 1723 1652 1793 luerit
1669 1722 1855 1814 expedire.

423 1826 509 1896 Item
537 1829 573 1894 in
601 1825 724 1907 litteris
752 1825 1021 1916 penitentiarum
1052 1821 1239 1892 mulierum
1266 1834 1301 1891 et
1326 1821 1559 1913 quarumdam
1583 1821 1794 1913 simplicium
1823 1831 1871 1911 et

425 1926 613 2015 agrestium
636 1943 864 2013 personarum
885 1941 955 1991 non
980 1932 1034 1990 est
1059 1941 1203 1991 necesse
1228 1931 1266 1990 nt
1290 1929 1438 2012 ponatur
1460 1918 1518 1988 illa
1538 1918 1721 1997 clausula:
1746 1918 1859 2011 publi·

424 2023 546 2113 cisque
562 2019 687 2091 officiis
710 2040 777 2089 non
801 2021 1005 2109 fungantur.
1031 2017 1114 2087 ltem
1136 2018 1350 2109 quandoque
1369 2026 1586 2088 commutant
1604 2020 1641 2086 in
1661 2017 1728 2087 alia
1749 2030 1861 2109 opera·

423 2120 578 2213 pietatis,
602 2120 767 2210 precipue
785 2119 816 2186 si
837 2137 985 2207 persona
1005 2127 1059 2185 est
1079 2125 1115 2186 et
1133 2136 1258 2198 senex,
1280 2126 1343 2184 aut
1362 2114 1489 2184 debilis
1508 2125 1569 2184 aut
1587 2115 1762 2206 impotens
1782 2135 1859 2185 cor·

427 2237 512 2308 pore
529 2216 573 2285 ad
593 2214 912 2309 peregrinandum,
935 2213 990 2283 vel
1008 2216 1039 2281 si
1058 2223 1152 2282 esset
1168 2214 1293 2283 mulier
1307 2214 1499 2303 juvencula
1518 2212 1563 2282 de
1578 2215 1678 2304 cujus
1699 2211 1859 2304 periculo

426 2316 627 2398 timeretur,
649 2323 710 2381 aut
724 2312 869 2400 juvenis
885 2313 1052 2401 juvenem
1074 2309 1210 2381 babens
1229 2313 1344 2380 uirum
1370 2310 1426 2380 vel
1447 2330 1616 2394 uxorem,
1637 2309 1695 2381 vel
1715 2313 1746 2379 si
1765 2323 1860 2380 esset

426 2411 551 2481 mulier
576 2431 750 2503 pregnans
772 2435 781 2496 ;
810 2420 962 2500 suntque
982 2409 1050 2478 alic
1069 2429 1175 2480 cause
1197 2407 1421 2478 rationabiles
1441 2408 1485 2478 ad
1504 2407 1688 2478 arbitrium
1708 2411 1859 2500 inquisi-

427 2519 554 2579 lorum.

427 2816 484 2881 14.
510 2817 643 2881 Forma
661 2817 862 2896 penitentie
887 2816 1082 2880 arbitrarie
1109 2815 1152 2879 de
1180 2815 1350 2879 crucibus
1372 2790 1408 2879 at
1430 2815 1795 2895 peregrinationibus
1823 2824 1860 2879 et

964 2922 1048 2987 aliis
1065 2921 1313 3000 generalibus.

472 3195 508 3264 ln
531 3194 671 3265 nomine
692 3195 826 3266 Domini
857 3197 964 3266 nostri
990 3196 1097 3267 Jbesu
1125 3194 1275 3280 Cbristi,
1301 3216 1417 3265 amen.
1439 3193 1611 3277 Quoniam
1641 3215 1705 3266 nos
1733 3193 1856 3288 prelati

424 3293 652 3385 inquisitores
669 3293 823 3363 beretice
842 3296 1049 3387 pravitatis,
1078 3305 1112 3363 et
1131 3293 1217 3363 tales
1234 3305 1269 3364 et
1292 3292 1403 3380 tales,
1424 3291 1656 3363 commissarii
1679 3292 1833 3384 delegati
1846 3321 1880 3386 ,·

424 3401 528 3484 prout
551 3400 587 3460 el
617 3401 788 3481 quantum
811 3392 856 3461 ad
878 3411 1167 3483 unumquemque
1187 3405 1345 3461 nostrum
1370 3401 1506 3484 spectat
1524 3402 1695 3483 quantum
1715 3389 1761 3461 ad
1782 3412 1862 3484 per·

424 3509 529 3559 sonas
555 3497 591 3557 et
616 3488 661 3558 de
692 3490 850 3582 personis
878 3489 979 3560 nobis
1008 3488 1160 3559 subditis
1186 3489 1275 3559 intra
1302 3488 1467 3581 scriptis,
1501 3508 1563 3581 per
1591 3489 1860 3579 inquisitionem

424 3588 628 3656 invenimus
656 3596 691 3654 et
717 3607 779 3678 per
798 3587 1038 3658 consessiones
1066 3596 1202 3657 vestras
1229 3587 1337 3656 lactas
1357 3585 1392 3654 in
1415 3585 1546 3677 juditio
1571 3585 1728 3677 legitime
1756 3586 1862 3657 nobis

424 3693 562 3755 constat
581 3682 675 3773 qnod
698 3695 733 3752 tu
755 3684 833 3754 talis
851 3684 896 3755 de
917 3685 977 3753 tali
998 3684 1096 3769 loco,
1123 3703 1188 3754 vos
1206 3684 1278 3754 duo
1300 3684 1379 3753 talis
1399 3682 1581 3778 dyocesis,
1603 3693 1638 3752 et
1657 3695 1693 3754 tu
1715 3682 1795 3754 talis
1816 3684 1862 3756 de

426 3781 485 3851 tali
507 3780 582 3850 loco
604 3781 681 3850 talis
698 3781 859 3874 dyocesis
880 3778 920 3879 [l0
940 3779 985 3850 tt
1006 3778 1058 3879 b],
1081 3793 1165 3866 etc,
1192 3778 1619 3873 (empmmanturcomicc
1635 3801 1861 3873 cumcogna·

423 3878 573 3947 minibus
588 3877 811 3970 scopulorum
830 3886 864 3949 et
880 3879 1037 3973 dyoccses
1054 3879 1289 3975 eorumdem),
1309 3890 1376 3949 tam
1388 3879 1544 3970 graviter
1558 3889 1594 3950 et
1608 3889 1677 3948 tam
1691 3879 1862 3973 multipli-

423 3979 510 4047 citer
529 3977 563 4045 in
583 3976 729 4046 crimine
749 3998 811 4047 seu
831 3979 921 4048 lacto
947 3977 1136 4071 dampnate
1158 3975 1292 4047 beresis
1312 3976 1529 4068 deliquistis,
1551 3980 1643 4048 sicut
1670 3977 1800 4048 lectum
1824 3989 1862 4048 et

424 4075 608 4145 recitatum
626 4086 680 4144 est
699 4074 801 4145 vobis
825 4075 1093 4166 intelligibiliter
1115 4074 1151 4144 iu
1176 4071 1334 4165 vulgari,
1356 4074 1489 4146 idcirco
1509 4094 1574 4145 nos
1598 4073 1722 4167 prelati
1746 4075 1862 4168 inqui·

423 4171 552 4244 sitores
583 4184 618 4242 et
643 4172 875 4243 commissarii
903 4173 1056 4262 delegati
1086 4193 1150 4243 vos
1188 4193 1311 4243 omnes
1339 4184 1376 4243 et
1404 4172 1585 4265 singulos,
1622 4183 1727 4266 prout
1755 4172 1860 4244 nobis

425 4269 590 4354 subestis,
614 4270 729 4340 redire
747 4271 920 4355 volentes,
948 4273 1039 4340 sicut
1058 4269 1230 4357 asseritis,
1251 4269 1295 4340 ad
1316 4268 1471 4340 Ecclesie
1492 4273 1676 4357 unitatem,
1698 4270 1860 4361 abjurata

423 4366 586 4460 primitus
608 4388 669 4459 per
689 4388 753 4438 vos
774 4389 867 4438 nunc
886 4388 1002 4439 coram
1025 4368 1126 4439 nobis
1147 4368 1181 4436 in
1198 4367 1329 4458 juditio
1349 4367 1444 4438 omni
1466 4366 1583 4439 heresi
1601 4369 1859 4461 cujuscumque

423 4475 518 4535 secte
544 4464 757 4557 dampnate,
783 4477 819 4535 et
847 4468 991 4558 prestito
1010 4465 1054 4535 ad
1087 4475 1206 4535 sancta
1235 4464 1297 4535 Dei
1326 4465 1517 4557 Evangelia
1538 4467 1742 4557 juramento
1761 4467 1858 4559 quod

424 4561 590 4655 parebitis
615 4563 773 4632 eteritis
799 4563 1007 4635 obedientes
1027 4562 1232 4655 simpliciter
1261 4563 1435 4633 mandatis
1462 4564 1590 4635 nostris
1616 4573 1652 4634 et
1678 4563 1858 4649 Ecclesis,

424 4658 641 4730 absolvimus
667 4660 861 4730 secundum
882 4661 1028 4740 lormam
1055 4660 1208 4731 Ecclesie
1233 4660 1278 4730 ab
1304 4661 1681 4733 excommunicationis
1703 4661 1859 4733 vinculis

423 4757 553 4847 quibus
579 4758 685 4826 eratis
712 4757 807 4849 ligati
840 4770 983 4851 propter
998 4757 1118 4851 culpas
1137 4779 1225 4851 quas
1243 4759 1394 4830 confessi
1416 4758 1500 4829 estis
1527 4759 1563 4829 in
1584 4759 1716 4850 Juditio
1736 4780 1803 4831 vos
1821 4762 1859 4830 in

425 4853 515 4924 lacto
533 4875 595 4924 sen
620 4855 927 4930 criminaberesis
951 4857 1187 4941 commisisse,
1219 4856 1249 4926 si
1277 4866 1393 4926 tamen
1412 4855 1459 4927 de
1477 4857 1584 4928 corde
1610 4857 1705 4929 bono
1724 4867 1760 4928 et
1788 4854 1861 4929 lide

423 4971 493 5022 non
516 4949 597 5020 ficta
618 4952 791 5023 redieritis
818 4953 862 5023 ad
884 4952 1038 5025 Ecclesie
1062 4953 1250 5040 unitatem,
1280 4962 1316 5024 et
1334 4956 1366 5023 si
1391 4954 1547 5045 injuncta
1567 4954 1670 5027 vobis
1691 4954 1860 5026 mandata

424 5048 673 5138 servaveritis;
700 5060 735 5120 et
760 5050 843 5143 quia
867 5051 902 5120 in
922 5051 1032 5122 Deum
1056 5064 1091 5122 et
1114 5061 1269 5122 sanctam
1296 5050 1441 5122 matrem
1470 5051 1660 5126 Ecclesiam
1688 5052 1862 5148 predictis
