4612 6404
276 828 304 886 6.
325 828 369 884 Dc
383 829 467 884 modo
482 828 663 885 examinandi
678 836 708 884 et
721 828 917 902 interrogandi
929 828 1078 902 Beqaiuos
1090 828 1236 903 predictos
1240 863 1596 882 ···········
1637 826 1690 884 177

278 901 305 956 l.
326 899 550 971 Interrogatoria
564 902 680 972 propria
694 900 728 956 ad
745 900 893 973 Bequiuos
908 901 1037 957 moderni
1055 900 1194 973 temporis
1201 934 1421 952 .......
1486 936 1493 949 .
1520 935 1529 950 .
1557 936 1564 951 .
1590 933 1600 952 .
1639 899 1692 954 177

277 971 304 1028 S:
324 970 464 1027 Doctrina
476 988 529 1027 seu
545 972 698 1028 instructio
711 981 810 1029 contra
823 972 963 1029 astuciam
974 972 1155 1028 etmalioiam
1169 970 1283 1026 illorum
1292 968 1343 1040 qui
1358 968 1489 1039 requisiti
1504 968 1606 1024 nolunt

366 1042 515 1097 veritatem
531 1043 560 1097 io
573 1043 681 1113 juditio
696 1045 840 1100 confiteri.
881 1077 1600 1099 .....................
1640 1038 1696 1100 181

278 1113 303 1170 9.
325 1112 429 1168 Forma
444 1115 536 1185 prime
553 1116 696 1170 sententie
702 1148 1600 1170 ..........................
1640 1111 1694 1168 181

260 1184 303 1240 10.
325 1183 429 1239 Forma
443 1186 562 1240 alterius
577 1187 718 1242 sententie
733 1186 1040 1242 excommunicationis
1054 1191 1154 1240 contra
1168 1183 1262 1240 taliter
1277 1187 1491 1237 contumacem.
1519 1220 1526 1235 .
1555 1222 1562 1234 .
1592 1220 1599 1235 .
1639 1181 1694 1239 185

260 1255 304 1310 11.
325 1255 482 1312 Instructio
503 1263 602 1311 contra
622 1256 719 1313 dolum
744 1265 772 1312 et
791 1257 931 1313 fallaciam
952 1257 1065 1312 illorum
1085 1255 1135 1327 qui
1160 1254 1261 1311 nolunt
1280 1253 1405 1309 clareat
1428 1250 1536 1317 lucide,
1559 1259 1606 1309 set

365 1327 501 1398 ambigue
515 1335 544 1382 et
558 1328 682 1383 obscure
696 1335 725 1384 et
741 1330 768 1384 in
784 1329 924 1399 equivoco
940 1345 987 1384 res
1008 1327 1114 1383 ondere
1123 1361 1597 1380 ..............
1638 1322 1692 1381 186

261 1397 302 1452 11.
326 1397 369 1452 De
385 1399 507 1454 transitu
530 1399 626 1454 fratris
641 1398 718 1454 Petri
731 1398 874 1456 Johaunis
888 1416 974 1470 quem
1033 1398 1114 1471 quini
1133 1404 1162 1453 et
1177 1396 1306 1468 Bequine
1328 1394 1358 1449 iu
1374 1395 1437 1450 suis
1453 1394 1605 1450 conventi-

366 1470 441 1524 culis
455 1478 630 1524 venerantur
643 1476 672 1525 et
686 1471 788 1543 sepius
802 1471 902 1542 legunt
915 1472 961 1526 vel
976 1471 1032 1541 legi
1047 1469 1169 1525 audiunt
1175 1504 1599 1523 .............
1641 1465 1693 1522 187

260 1536 298 1593 V.
314 1537 358 1593 De
373 1540 493 1612 perfidia
506 1538 525 1594 J
528 1540 666 1596 udeorum
672 1576 1599 1597 ...........................
1640 1537 1694 1594 188

279 1610 304 1664 1.
326 1609 465 1681 Sequitur
479 1609 514 1665 de
530 1610 648 1682 perfidia
662 1611 682 1667 J
684 1613 823 1669 udeorum
838 1621 938 1669 contra
953 1613 1038 1668 fidem
1053 1611 1277 1668 christianorum
1284 1645 1601 1664 ..........
1641 1608 1695 1665 108

276 1681 304 1737 1.
325 1680 369 1736 De
385 1681 470 1736 modo
485 1699 538 1737 001
553 1683 608 1737 ritu
624 1700 709 1754 quem
724 1684 741 1738 J
745 1684 810 1739 odei
825 1686 856 1740 iu
871 1684 1081 1757 rejudaysando
1095 1698 1253 1738 conversos
1266 1681 1422 1736 observant
1427 1718 1601 1734 ......
1640 1677 1695 1736 188

278 1751 304 1808 3.
324 1751 547 1823 Interrogatoria
561 1755 697 1825 specialia
710 1754 746 1809 ad
760 1754 778 1808 J
781 1755 871 1810 udeos
885 1763 914 1810 01
930 1755 1129 1828 rejudayzatos
1136 1789 1601 1809 ..............
1641 1750 1695 1807 183

280 1823 306 1879 1.
327 1823 371 1878 De
386 1823 556 1949 Ι1111010111111
574 1825 721 1880 blasfemia
735 1825 896 1882 iudeorum
914 1834 1015 1883 contra
1035 1826 1182 1881 Christum
1205 1830 1234 1879 et
1247 1824 1333 1879 fidem
1347 1824 1413 1894 ejus
1427 1831 1456 1876 et
1469 1819 1607 1894 populum
1641 1892 1695 1948 Μ

367 1897 556 1951 cristianum
560 1930 1601 1953 ..............................

263 1962 311 2019 VI.
328 1965 372 2020 Dc
386 1967 486 2021 sortile
509 1968 533 2021 is
547 1974 576 2021 et
590 1967 695 2022 divinis
710 1976 739 2023 et
753 1969 968 2025 invocatoribus
984 1968 1139 2023 demonum
1146 2001 1600 2023 ..............
1640 1962 1695 2018 133

279 2036 304 2090 1.
327 2036 464 2108 Sequitur
482 1984 517 2091 10
533 2039 679 2109 sortilegis
693 2047 722 2094 et
735 2040 841 2095 divinis
855 2049 883 2095 et
897 2040 1112 2095 invocatoribus
1126 2039 1281 2093 demonum
1289 2073 1599 2091 ..........
1639 2033 1692 2090 191

277 2107 304 2162 1.
325 2107 548 2179 interrogatoria
562 2109 596 2162 ad
617 2111 770 2181 sortilegos
785 2121 814 2166 et
827 2111 941 2166 divinos
956 2119 985 2168 et
998 2111 1180 2165 invocatores
1195 2110 1352 2164 demonum
1358 2146 1491 2162 .....
1521 2153 1524 2159 .
1556 2145 1563 2160 .
1592 2146 1599 2160 .
1639 2105 1693 2162 191

263 2176 328 2233 Vll.
345 2179 482 2250 Sequitur
497 2180 531 2233 de
547 2180 632 2235 modo
647 2190 676 2235 et
689 2183 781 2237 forma
795 2182 946 2254 abjurandi
960 2183 1084 2237 heresim
1101 2183 1129 2236 in
1146 2181 1252 2264 juditio
1256 2216 1600 2235 ...........
1640 2177 1693 2234 193

280 2252 304 2305 1.
326 2250 369 2304 De
384 2252 469 2305 modo
483 2258 512 2305 et
525 2252 616 2306 forma
631 2254 776 2307 communi
796 2253 947 2324 abJurandi
966 2253 1089 2309 heresim
1105 2252 1253 2322 injuditio
1257 2288 1522 2306 .........
1523 2288 1529 2294 -
1558 2287 1564 2300 ·
1593 2289 1599 2301 .
1640 2248 1693 2305 193

277 2322 304 2377 1.
326 2321 430 2377 Μο010
445 2323 590 2376 scribendi
605 2324 815 2393 abjurationem
831 2341 881 2396 per
896 2326 1038 2380 notarium
1059 2326 1086 2378 iu
1107 2324 1163 2378 fine
1178 2323 1371 2378 confessionis
1377 2357 1599 2377 .......
1639 2319 1693 2376 191

279 2392 306 2449 3.
326 2392 430 2448 Modus
445 2394 637 2448 concludendi
650 2401 679 2449 01
694 2395 839 2450 scribendi
856 2397 883 2450 in
899 2397 955 2450 fine
971 2394 1164 2451 confessionis
1176 2394 1324 2465 judicialis
1328 2430 1599 2447 .........
1640 2391 1693 2448 191

279 2464 306 2518 1.
327 2463 432 2519 Modus
445 2464 561 2534 quidam
578 2465 691 2520 brevior
705 2467 850 2521 scribendi
863 2468 1074 2537 abjurationem
1080 2501 1601 2521 ...............
1641 2462 1694 2519 195

280 2535 306 2589 5.
327 2533 431 2590 Modus
447 2536 581 2607 proprius
595 2537 746 2605 abjurandi
761 2545 870 2592 sectam
886 2545 914 2593 01
928 2539 1054 2593 heresim
1069 2536 1273 2592 Valdensium.
1308 2572 1601 2589 .........
1641 2532 1694 2591 196

279 2604 306 2660 0.
327 2605 432 2661 Μο010
468 2607 583 2677 roprius
596 2606 747 2677 abJurandi
762 2618 869 2663 sectam
887 2617 917 2664 et
930 2610 1056 2664 heresim
1078 2607 1406 2679 Pseudo-apostolorum
1415 2642 1601 2660 ......
1641 2604 1694 2662 196

278 2677 304 2731 l.
326 2676 431 2731 Modus
446 2624 560 2733 3101100
573 2679 723 2749 abjurandi
739 2689 846 2734 sectam
863 2680 1018 2751 predictam
1025 2715 1599 2733 .................
1640 2675 1694 2732 198

279 2747 305 2803 8.
328 2747 431 2803 Modus
447 2751 581 2820 proprius
595 2750 745 2873 abjurandi
759 2751 884 2805 heresim
900 2750 1095 2823 Bequinorum
1102 2785 1599 2804 ...............
1641 2746 1694 2803 198

280 2819 305 2874 9.
327 2818 431 2874 Modus
446 2820 597 2891 abJurandi
640 2821 778 2876 udeorurn
798 2825 847 2892 qni
866 2823 1039 2894 deprehensi
1058 2830 1127 2876 sunt
1148 2827 1177 2874 01
1196 2819 1324 2875 confessi
1345 2836 1377 2874 00
1397 2825 1496 2874 contra
1520 2818 1605 2873 fidem

369 2892 538 2946 catholicam
556 2894 710 2945 enormiter
725 2892 881 2965 deliquisse
890 2929 1601 2948 .....................
1642 2889 1695 2946 199

263 2961 305 3015 10.
328 2960 432 3016 Modus
445 2962 594 3032 abjurandi
614 2963 726 3017 illorum
742 2967 791 3034 qui
815 2968 948 3020 conversi
968 2984 984 3019 a
1008 2963 1126 3036 perfidia
1147 2962 1164 3017 J
1170 2962 1308 3018 udeorum
1329 2961 1365 3016 ad
1385 2961 1471 3016 fidem
1486 2959 1607 3017 catholi-

368 3049 430 3087 cam
447 3034 594 3087 redierunt
609 3035 644 3087 ad
665 3035 804 3090 vomitum
820 3035 837 3089 J
842 3036 974 3091 udaismi.
993 3072 1603 3091 ..................
1645 3031 1697 3087 300

263 3104 306 3157 11.
327 3102 431 3158 Modus
445 3104 595 3173 abjurandi
611 3106 718 3160 scisma
734 3106 893 3162 Greeorum
901 3143 1603 3161 .....................
1645 3102 1697 3157 390

263 3173 305 3228 11.
327 3173 432 3230 Modus
446 3176 597 3245 abjurandi
613 3185 722 3246 pestem
740 3185 768 3232 et
782 3196 908 3234 errorem
927 3179 1139 3249 sortilegiorum
1160 3185 1209 3232 aut
1230 3176 1439 3231 divinationum
1457 3181 1486 3230 et
1506 3176 1609 3230 incau-

368 3248 509 3300 tationum
524 3246 690 3309 demonum,
708 3251 831 3304 maxime
847 3251 895 3306 ubi
912 3257 1026 3322 saperet
1040 3250 1164 3304 heresim
1180 3256 1280 3303 contra
1299 3250 1448 3303 veritatem
1463 3263 1497 3302 ac
1517 3245 1609 3319 pieta-

368 3327 425 3371 tem
441 3320 610 3371 sacramenti
627 3318 808 3375 Eueharistie
828 3323 872 3375 vel
895 3322 1030 3393 baptismi
1045 3338 1097 3375 seu
1121 3321 1243 3374 aliorum
1267 3327 1532 3381 sacramentorum,
1559 3324 1609 3373 aut

368 3389 415 3442 nbi
432 3391 459 3442 in
476 3391 655 3443 invocatione
670 3390 826 3446 demonum
841 3393 1026 3447 exhiberetur
1046 3400 1095 3446 aut
1119 3392 1199 3445 fieret
1218 3392 1392 3446 sacrificium
1413 3392 1457 3444 vel
1473 3391 1605 3445 immola·

367 3460 1532 3534 1100011011111111101101111110110101101110001110011110100011111111οῐ1.
1559 3503 1565 3516 .
1595 3502 1602 3515 .
1644 3460 1694 3515 301

264 3530 306 3585 13.
328 3528 467 3586 Doctrina
481 3548 534 3586 seu
555 3533 707 3587 instructio
725 3534 846 3602 qualiter
861 3536 899 3588 sit
912 3535 1056 3604 agendum
1074 3534 1109 3587 de
1125 3533 1257 3604 personis
1280 3540 1330 3588 aut
1349 3549 1415 3588 cum
1431 3533 1565 3603 personis
1579 3534 1608 3586 in

365 3603 470 3671 juditio
486 3604 658 3658 confessatis
673 3613 722 3658 111
737 3604 822 3658 etiam
841 3605 876 3659 de
900 3605 957 3659 illis
980 3622 1036 3675 que
1056 3609 1141 3660 citate
1158 3611 1187 3658 et
1205 3612 1341 3675 suspecte
1358 3603 1459 3658 nolunt
1477 3604 1608 3658 confiteri

370 3674 515 3743 injuditio
533 3676 680 3729 veritatem
689 3713 1494 3730 ........................
1518 3673 1530 3726 ’.
1559 3713 1566 3727 .
1595 3715 1601 3727 .
1645 3673 1695 3730 301

263 3744 304 3798 11.
327 3743 431 3798 Forma
442 3747 625 3799 instrumenti
639 3746 1013 3817 obligationisfideJussorie
1022 3745 1164 3801 cautionis
1177 3746 1302 3815 alicujus
1312 3745 1440 3801 confessi
1451 3744 1605 3800 relaxandi.
1646 3744 1698 3803 301

264 3816 306 3870 15.
328 3813 431 3870 Forma
446 3818 563 3871 alterius
577 3816 759 3886 fidejussoria
773 3820 917 3891 cautiopis
932 3820 1056 3888 alicujus
1072 3834 1128 3871 nou
1144 3817 1273 3871 confessi
1290 3817 1433 3871 relaxandi
1438 3854 1604 3872 ......
1647 3815 1699 3874 303

264 3886 306 3942 10.
328 3885 435 3940 Littera
450 3888 605 3942 Clementis
621 3905 693 3959 pape
707 3888 783 3942 Illlti
801 3912 806 3943 ι
823 3889 896 3944 Cum
911 3889 1050 3944 adversus
1066 3889 1221 3943 hereticam
1240 3890 1410 3959 pravitatem
1419 3926 1602 3942 ......
1647 3888 1699 3943 301

265 3957 308 4011 ll.
329 3956 435 4012 Littera
450 3959 607 4012 Clementis
623 3977 693 4030 pape
709 3959 785 4014 llllti
804 3984 809 4014 :
828 3960 874 4015 Ad
889 3960 1057 4032 extirpanda
1064 3997 1605 4014 ................
1647 3958 1699 4014 310

266 4027 308 4082 18.
330 4027 436 4083 Littera
451 4029 582 4084 Niclrolai
599 4047 670 4101 pape
684 4030 760 4085 illiti
779 4054 784 4084 :
802 4030 857 4087 Pre
872 4035 985 4087 cunctis
990 4070 1605 4086 ..................
1648 4027 1700 4085 319

266 4098 308 4154 19.
324 4098 431 4154 Littera
446 4103 661 4156 rorumissionis
671 4105 821 4172 potestatis
831 4103 996 4174 providendi
1009 4102 1366 4172 desexinquisitoribusiu
1379 4118 1467 4172 regno
1478 4100 1608 4156 Francia.
1648 4100 1699 4156 311

264 4168 309 4223 10.
333 4170 434 4225 Fortun
450 4188 500 4225 seu
519 4172 622 4225 modus
637 4175 789 4243 abjurandi
805 4175 928 4229 heresim
945 4178 973 4230 in
986 4174 1092 4245 juditio
1099 4212 1606 4228 ...............
1649 4172 1699 4227 315

265 4237 337 4295 Vlll
353 4242 395 4296 De
411 4251 489 4296 secta
509 4244 621 4297 illorum
636 4248 686 4314 qui
701 4246 848 4301 sedicunt
863 4263 929 4301 esse
944 4247 978 4300 de
993 4246 1092 4300 ordina
1107 4245 1315 4316 Apostolorum
1332 4251 1360 4299 et
1374 4250 1510 4299 asserunt
1524 4259 1555 4297 00
1572 4250 1612 4299 te·

301 4329 369 4366 nere
392 4314 477 4367 vitam
504 4315 692 4384 apostolicam
715 4324 744 4371 et
766 4318 960 4387 evangelicam
977 4323 1185 4388 paupertatem,
1211 4316 1325 4386 quando
1350 4324 1378 4370 ct
1406 4315 1550 4386 quomedo
1566 4317 1610 4368 in·

302 4386 410 4454 ceperit
430 4392 457 4437 et
479 4387 527 4454 qui
545 4387 661 4439 fuerunt
683 4388 847 4442 inventores
870 4390 952 4458 ejus,
977 4389 1055 4442 etde
1079 4388 1226 4442 erroribus
1247 4388 1323 4442 dicte
1345 4394 1440 4454 secte,
1467 4394 1497 4441 ut
1519 4387 1612 4440 sciant

285 4465 453 4590 flatilia
469 4457 1308 4600 101,10111000.1011111001.
1315 4496 1606 4511 ·········
1649 4456 1699 4582 {ll

282 4597 310 4649 1.
331 4597 416 4651 Nunc
432 4599 467 4650 de
483 4602 546 4652 suis
562 4600 709 4654 erroribus
725 4610 753 4653 et
768 4548 890 4672 predictll
903 4601 1024 4656 Gerardi
1042 4600 1172 4670 magistri
1195 4603 1242 4655 sui
1259 4609 1288 4654 ct
1308 4601 1476 4671 sequacium
1496 4614 1612 4653 eorum-

372 4669 437 4722 dem
453 4677 665 4740 eonsequenter
670 4709 1606 4726 ...........................
1648 4670 1700 4728 336

285 4739 309 4794 3.
334 4739 497 4793 Mandatum
513 4741 621 4794 domiui
636 4740 793 4797 Clementis
808 4760 880 4823 pape
896 4741 939 4795 vu
951 4742 1092 4797 adversus
1108 4742 1262 4797 Dulcinum
1267 4779 1606 4796 ...........
1649 4741 1701 4797 310

285 4809 310 4864 1.
333 4809 436 4865 Modus
452 4812 614 4881 inquirendi
630 4820 658 4865 et
672 4814 852 4868 examinandi
859 4848 1607 4869 ......................
1650 4815 1701 4870 313

286 4881 311 4935 5.
333 4880 436 4936 Modus
452 4883 603 4951 abjurandi
619 4883 744 4937 heresim
753 4921 1606 4939 .........................
1649 4886 1700 4941 316

284 4950 311 5006 0.
334 4951 437 5005 Modus
453 4953 597 5007 scribendi
613 4955 825 5023 abjurationem
841 4972 892 5025 per
906 4957 1062 5010 notarium.
1101 4994 1606 5009 ...............
1649 4956 1701 5013 318

285 5023 310 5075 l.
335 5021 435 5076 Forma
450 5040 502 5078 seu
520 5025 622 5078 naudus
637 5025 815 5079 conveniens
830 5025 981 5095 abJurandi
998 5027 1124 5080 heresim
1140 5028 1167 5079 in
1180 5025 1287 5096 juditio
1294 5066 1607 5081 ..........
1650 5028 1702 5083 319

285 5094 311 5147 8.
334 5092 438 5148 Littera
454 5095 561 5150 directa
576 5095 609 5149 ad
628 5101 723 5165 partes
740 5095 887 5168 Hyspanie
900 5102 1001 5152 contra
1016 5104 1175 5153 sectatores
1190 5095 1304 5152 Dulcini
1313 5138 1606 5154 .........
1651 5098 1703 5154 350
