4574 6404
435 635 502 703 166
720 648 883 701 vulcarca
910 647 1150 714 tttQtttstmottts
1178 650 1341 702 1111111111οΕ
1366 650 1578 702 pulvinaria.

432 813 529 905 pium
543 819 578 878 et
599 807 775 901 publicum
795 808 1063 903 peragendum).
1085 809 1183 893 ltem,
1203 809 1297 900 qu'od
1317 811 1438 880 visitet
1456 808 1605 901 quilibet
1618 808 1725 879 semel
1746 809 1871 879 limina

431 908 549 978 Sancti
566 905 685 976 Jacobi
701 906 851 999 apostoli
869 905 1121 998 Compostelle3
1144 907 1241 991 item,
1262 906 1368 977 Beate
1382 907 1491 976 Maria
1509 906 1553 976 de
1567 907 1665 998 Rupe
1682 910 1868 995 amatoris,

433 1016 468 1074 et
490 1005 535 1075 de
556 1002 665 1074 Podio
685 1002 884 1089 Aniciensi,
912 1014 947 1074 31
971 1003 1017 1074 de
1040 1003 1138 1074 Valle
1165 1003 1293 1086 viridi,
1319 1015 1355 1074 et
1378 1005 1423 1074 de
1446 1003 1587 1074 Tabulis
1612 1005 1646 1073 13
1667 1004 1870 1098 Μ3313333,

432 1101 579 1182 331333,
602 1101 701 1172 etde
724 1100 920 1171 Serinbano
945 1122 1054 1194 prope
1080 1101 1257 1189 Bitterim;
1279 1102 1376 1188 item,
1404 1101 1521 1172 Sancti
1539 1101 1720 1173 Guillermi
1741 1102 1787 1173 de
1806 1103 1870 1173 de·

432 1211 550 1282 serto,
572 1198 687 1268 Sancti
711 1197 823 1288 Egidii
845 1199 880 1266 in
900 1199 1103 1280 Provincia,
1125 1199 1240 1269 Sancti
1260 1198 1351 1269 Petri
1371 1200 1417 1270 de
1436 1199 1553 1270 Monte
1574 1200 1719 1290 majori,
1741 1199 1871 1272 Sancte

432 1297 568 1367 Martbe
594 1296 628 1364 in
654 1295 893 1382 Tbarascone,
921 1296 1047 1366 Sancte
1072 1297 1181 1367 Maria
1207 1296 1414 1387 Magdalene
1437 1296 1530 1389 apud
1563 1297 1726 1369 Sanctum
1751 1297 1867 1368 lllaxi·

432 1395 588 1476 minum,
609 1393 726 1463 Sancti
746 1393 891 1464 Antonii
909 1394 1140 1477 Viennensis,
1162 1394 1278 1464 Sancti
1306 1393 1479 1464 Marcialis
1499 1404 1533 1464 et
1557 1393 1672 1464 Sancti
1694 1395 1870 1465 Leonardi

431 1492 467 1561 in
496 1490 758 1576 lemovicinio,
785 1491 901 1561 Sancti
930 1491 1086 1585 Dyonisii
1115 1502 1150 1561 et
1176 1493 1291 1563 Sancti
1314 1492 1483 1562 ludovici
1511 1505 1546 1562 31
1572 1491 1677 1562 Β3313
1699 1486 1739 1587 [l⁰
1764 1490 1812 1563 92
1832 1489 1867 1590 a]

430 1589 538 1660 lllarie
564 1590 609 1660 de
635 1588 785 1659 Carnoto
812 1589 846 1656 in
875 1589 1041 1671 Francia,
1069 1589 1186 1659 Sancti
1210 1590 1371 1660 Severini
1400 1589 1434 1659 in
1458 1589 1674 1680 Burdegala,
1698 1601 1733 1660 et
1760 1589 1870 1661 Beate

430 1687 539 1757 Maria
562 1688 607 1756 de
624 1686 768 1772 Solaco,
789 1687 915 1756 Sancte
940 1686 1033 1757 Fidis
1057 1687 1102 1757 de
1124 1685 1293 1773 Concbis,
1315 1687 1430 1756 Sancti
1450 1686 1546 1756 Pauli
1571 1686 1811 1758 Narbonensis
1831 1698 1869 1758 et

430 1785 547 1855 Sancti
567 1784 741 1854 Vincentii
768 1783 813 1854 de
838 1782 987 1864 Castris,
1012 1785 1265 1855 testimoniales
1291 1785 1336 1856 de
1361 1784 1509 1876 singulis
1531 1785 1617 1855 locis
1643 1796 1867 1877 reportantes

433 1883 566 1952 litteras
586 1882 723 1953 illorum
744 1883 804 1973 qui
825 1881 990 1973 predictis
1010 1883 1094 1953 locis
1113 1883 1307 1974 prefuerint
1326 1881 1421 1974 quod
1441 1882 1742 1975 peregrinationes
1767 1903 1868 1952 sanc·

434 1991 545 2050 torum
575 1990 609 2049 et
629 1980 849 2051 visitationes
869 1980 1094 2050 ecclesiarum
1121 1981 1388 2072 compleverunt
1409 1991 1644 2067 memoratas3
1668 1980 1866 2073 predictas-

431 2099 501 2169 que
529 2077 828 2170 peregrinationes
854 2099 917 2148 seu
948 2077 1168 2148 visitationes
1197 2079 1312 2149 lacere
1341 2077 1510 2170 incipiant
1539 2078 1627 2147 inlra
1658 2099 1865 2149 menscma

431 2175 511 2245 data
532 2178 747 2268 presentium
774 2177 1012 2267 computando
1031 2197 1224 2268 earumque
1250 2176 1478 2268 completioni
1504 2175 1672 2247 continue
1699 2174 1869 2246 insistant

432 2272 498 2345 sub
523 2273 644 2343 debito
669 2285 705 2343 et
731 2276 861 2343 virtute
879 2295 898 2343 3
917 2294 956 2342 33
977 2274 1111 2366 33331111
1126 2274 1331 2363 juramenti.
1351 2273 1506 2365 Singulis
1527 2293 1613 2344 vero
1638 2273 1764 2343 diebus
1792 2273 1863 2344 do·

432 2370 570 2441 minicia
587 2381 621 2440 et
641 2371 777 2440 13311313
798 2371 938 2441 missam
954 2370 1208 2465 parrochialem
1229 2371 1374 2441 audiant
1391 2392 1436 2442 ex
1457 2371 1593 2462 integro
1607 2382 1643 2442 et
1661 2391 1867 2442 sermonem

431 2468 490 2560 qui
511 2465 570 2538 liet
591 2469 626 2537 in
649 2469 733 2539 locis
760 2469 795 2537 in
821 2469 951 2559 quibus
975 2470 1126 2556 luerint,
1150 2470 1216 2539 nisi
1239 2469 1394 2560 legitime
1414 2469 1557 2539 valeant
1575 2471 1761 2557 excusari3
1783 2467 1866 2540 offi-

430 2565 565 2657 ciisque
586 2565 736 2659 publicis
761 2566 1044 2658 quibuscumque
1066 2588 1131 2638 suo
1151 2567 1208 2637 vel
1229 2567 1373 2637 31133133
1393 2564 1534 2637 nomine
1559 2587 1629 2638 non
1655 2567 1863 2658 iungantur.

431 2663 468 2733 ln
495 2664 661 2734 Adventu
688 2663 827 2735 Domini
855 2665 889 2734 in
917 2664 997 2735 cibo
1023 2665 1319 2756 quadragesimali
1344 2665 1519 2755 jejunent.
1549 2664 1712 2734 Preterea
1742 2684 1866 2756 perse·

430 2773 583 2852 quantur
620 2761 812 2848 hereticos,
849 2762 1056 2849 credentes,
1094 2765 1271 2846 lautores,
1305 2774 1541 2855 receptatores
1579 2774 1615 2833 et
1656 2762 1866 2833 defensores

430 2880 573 2944 eorum,
595 2857 773 2951 iidemque
798 2859 1005 2930 catholicam
1029 2872 1064 2930 et
1090 2881 1258 2953 personas
1284 2860 1558 2945 ecclesiasticas,
1588 2871 1623 2930 31
1645 2861 1724 2950 jura
1746 2859 1865 2931 ecele-

429 2957 591 3040 siastica,
612 2971 648 3027 31
667 2957 913 3049 inquisitores,
934 2969 970 3028 et
989 2955 1142 3028 ollicium
1164 2957 1402 3050 inquisitionis
1420 2957 1575 3029 heretice
1596 2957 1778 3050 pravitatis
1800 2977 1865 3051 333

430 3055 566 3124 viribus
594 3065 768 3124 tueantur.
796 3055 867 3124 1133
894 3066 1010 3127 autem
1036 3056 1152 3126 omnia
1180 3056 1246 3126 sibi
1275 3055 1515 3145 injunximus,
1539 3065 1673 3126 retenta
1701 3054 1805 3125 nobis
1829 3064 1866 3126 31

430 3153 558 3231 3331313
581 3150 751 3223 incilicia
772 3153 1009 3244 inquisitionis
1025 3153 1289 3224 suecessoribus
1311 3153 1464 3245 plenaria
1486 3163 1660 3244 potestate
1678 3151 1861 3240 addendi,

429 3249 676 3333 diminuendi,
695 3251 953 3328 commutandi,
982 3251 1186 3342 mitigandi,
1214 3272 1255 3321 33
1281 3253 1385 3321 etiarn
1410 3251 1611 3321 remittendi
1641 3251 1676 3319 in
1704 3249 1863 3342 predicta

431 3348 621 3439 penitentia
647 3348 724 3419 sive
754 3369 864 3442 pena,
887 3349 914 3417 si
945 3360 980 3419 et
1008 3349 1303 3440 quandocumque
1331 3348 1431 3419 nobis
1458 3349 1513 3418 vel
1541 3352 1592 3418 eis
1614 3351 1728 3417 visum
1756 3347 1864 3418 133311

429 3445 641 3516 iaciendum.

476 3542 572 3613 Circa
595 3546 762 3636 premissa
783 3544 1036 3614 attendendum
1069 3545 1236 3635 estquod
1260 3540 1300 3640 [l⁰
1320 3542 1365 3615 92
1385 3541 1442 3642 bl,
1467 3553 1610 3637 pensata
1628 3544 1799 3636 qualitate
1828 3554 1864 3614 et

429 3642 625 3733 quantitate
646 3643 787 3731 majoris
809 3643 863 3712 vel
896 3643 1040 3712 minoris
1058 3643 1176 3712 delicti
1203 3653 1238 3712 31
1262 3643 1465 3712 conditione
1486 3662 1715 3734 personarum
1745 3641 1861 3712 delin-

428 3740 630 3830 quentium,
653 3752 689 3809 et
711 3739 789 3809 aliis
814 3741 1112 3826 circumstanciis,
1142 3743 1270 3831 poterit
1292 3740 1336 3810 de
1359 3740 1525 3833 predictis
1554 3739 1757 3830 penitentiis
1781 3740 1862 3809 sive

428 3837 528 3928 penis
543 3837 627 3906 addi
646 3837 703 3907 vel
723 3837 894 3923 diminui,
918 3849 1022 3930 prout
1040 3837 1242 3908 discretioni
1258 3837 1476 3930 inquisitoris
1490 3836 1605 3906 visum
1622 3837 1728 3906 luerit
1748 3836 1861 3928 magis

427 3935 622 4026 expediens
648 3946 683 4005 et
713 3935 930 4005 conveniens
960 3934 1084 4005 honori
1113 3934 1218 4006 ollicii
1249 3935 1486 4026 inquisitionis
1511 3946 1546 4004 et
1573 3934 1728 4005 Ecclesia
1754 3945 1791 4005 et
1813 3933 1860 4004 ad

426 4029 682 4102 edificationem
706 4031 1312 4125 33331131333333311313133111311
1335 4033 1368 4102 in
1391 4042 1592 4124 posterum,
1619 4044 1654 4101 et
1683 4032 1860 4102 cautelam

426 4150 470 4199 ne
490 4130 616 4200 similia
634 4140 886 4223 attemptentur
908 4140 943 4201 et
959 4131 1084 4201 ceteris
1107 4131 1309 4201 1333333113
1326 4129 1543 4222 exemplum.

423 4382 484 4447 46.
510 4382 640 4448 Modus
655 4399 741 4448 vcro
756 4384 1018 4449 reconsiliandi
1035 4384 1198 4465 aliquam
1224 4384 1506 4448 universitatem
1529 4400 1593 4447 seu
1615 4384 1861 4449 communita·

463 4497 537 4555 tam
554 4489 711 4570 31133133
726 4492 901 4566 civitatis,
914 4490 1017 4568 ville,
1035 4508 1099 4556 seu
1119 4491 1328 4572 castrique
1348 4507 1386 4555 sa
1404 4490 1613 4571 opposuerit
1627 4491 1860 4570 inquisitori-

463 4598 532 4661 bus
547 4605 583 4661 31
598 4614 723 4662 corum
740 4600 853 4664 3111313
868 4599 1002 4679 3313311
1019 4614 1099 4663 3333
1114 4597 1212 4662 talis.

470 4814 669 4886 Convocata
684 4818 804 4907 itaque
816 4815 1048 4887 universitate
1064 4815 1218 4886 civitatis
1232 4837 1295 4886 333
1315 4815 1575 4897 communitatis
1594 4815 1743 4904 alicujus
1772 4815 1859 4887 ville

423 4932 485 4981 333
505 4913 610 4984 333131
629 4934 709 4983 cum
732 4934 820 4983 voce
841 4913 1004 5006 preconis
1018 4914 1072 4984 vel
1093 4913 1163 4984 alio
1182 4913 1309 5001 modo,
1332 4916 1424 4984 sicut
1439 4912 1564 4983 melius
1584 4910 1858 5003 inquisitoribus

424 5008 540 5079 visum
562 5010 667 5081 luerit
688 5010 907 5098 laciendum,
929 5014 966 5082 in
985 5011 1043 5081 die
1061 5013 1106 5082 ad
1127 5010 1193 5083 boc
1210 5021 1339 5083 statuta
1355 5021 1391 5081 et
1408 5010 1443 5080 in
1465 5011 1541 5081 loco
1562 5009 1791 5101 preordinato
1810 5009 1856 5080 ad
