4574 6404
426 675 504 744 ast
720 687 884 740 rmcrrcs
910 686 1152 752 moursrrrorus
1179 688 1342 757 nnunrruu
1367 688 1579 741 rmvrrnrrs.

432 824 572 917 scriptis
592 822 626 891 in
643 820 740 889 illum
761 819 820 911 qui
841 820 892 889 sic
910 820 1099 911 requisitus
1115 820 1236 910 jurare
1255 821 1493 905 recusaverit,
1518 820 1584 890 uisi
1598 821 1774 911 juraverit
1795 843 1873 913 pre·

432 922 504 992 eise
529 920 645 990 statim
673 917 728 988 vel
755 917 879 987 saltem
907 917 996 986 inlra
1017 917 1110 986 illam
1140 916 1261 989 horam
1288 918 1344 989 vel
1374 917 1467 988 illam
1494 919 1588 987 diem
1612 940 1674 989 seu
1704 930 1868 1010 tempus,

433 1039 538 1110 quam
563 1016 683 1086 boram
707 1015 761 1085 vel
790 1015 883 1084 diem
911 1036 974 1084 seu
1002 1026 1139 1106 tempus
1164 1015 1303 1106 judex
1295 1019 1476 1107 inquirens
1503 1016 1548 1085 de
1568 1016 1785 1106 benignitate
1804 1038 1871 1086 seu

433 1119 588 1207 equitate
615 1114 730 1184 eidem
758 1112 994 1222 peremptorie
1022 1112 1166 1182 duxerit
1189 1111 1456 1206 prefigendum,
1484 1135 1562 1182 cum
1594 1114 1697 1184 etiam
1726 1113 1800 1182 de
1785 1135 1871 1207 Jure

426 1225 592 1284 teneatur
611 1212 728 1282 statim
754 1210 831 1279 sine
855 1210 1005 1281 termino
1032 1210 1228 1280 dilatorio
1216 1232 1335 1300 Jurare
1367 1213 1501 1303 precise
1525 1223 1560 1281 et
1584 1210 1790 1302 simpliciter
1811 1233 1869 1281 re-

428 1311 603 1402 quisitus,
631 1321 666 1378 et
692 1308 866 1378 sententia
888 1309 1264 1380 excommunicationis
1285 1309 1381 1399 prius
1406 1309 1566 1378 ordinata
1594 1320 1629 1379 et
1660 1310 1807 1378 formata
1835 1319 1872 1379 et

440 1409 506 1478 luta
528 1407 718 1496 inscriptis
740 1406 913 1474 inseratur
933 1407 967 1474 iu
990 1427 1168 1498 processu.
1190 1405 1224 1474 Si
1246 1427 1331 1476 vero
1350 1407 1558 1476 sententiam
1581 1406 1870 1476 excommunica-

438 1506 542 1576 tionis
568 1505 755 1573 iecurrerit
774 1515 808 1572 et
833 1524 909 1572 eam
932 1524 992 1596 per
1011 1503 1148 1594 aliquos
1173 1503 1249 1574 dies
1277 1504 1500 1596 pertinaciter
1519 1504 1726 1573 sustinuerit
1748 1504 1870 1575 animo

386 1606 389 1612 '
435 1603 622 1684 indurato,
644 1615 726 1670 tunc
747 1600 915 1693 repetitus
936 1602 970 1668 in
987 1600 1116 1690 juditio
1140 1602 1338 1693 requiratur
1357 1602 1385 1669 si
1406 1613 1544 1692 reputat
1563 1623 1601 1670 se
1622 1623 1699 1671 esse
1720 1623 1867 1673 excom·

433 1700 646 1769 munientum
664 1711 698 1767 et
719 1698 862 1787 ligatum
885 1697 1040 1790 predicta
1059 1699 1255 1787 sententia,
1275 1711 1308 1767 et
1329 1699 1358 1768 si
1381 1699 1601 1792 responderit
1617 1700 1711 1790 quod
1729 1720 1798 1770 non
1816 1721 1870 1770 re·

433 1809 531 1891 putat
554 1819 593 1865 se
620 1816 698 1865 esse
727 1796 1090 1880 excommunicatum,
1121 1818 1186 1866 uec
1210 1796 1354 1886 ligatum
1383 1818 1443 1888 per
1470 1796 1598 1865 dictam
1630 1797 1866 1884 sententiam,

434 1907 516 1964 tunc
535 1895 683 1964 evidens
699 1893 765 1963 erit
784 1894 879 1983 quod
901 1893 979 1962 talis
1000 1905 1053 1962 est
1072 1905 1293 1987 contemptor
1312 1893 1465 1964 clavium
1484 1894 1637 1963 Ecclesie
1657 1896 1734 1988 ipso
1754 1895 1865 1982 lact03

432 1993 549 2062 eliste
569 2002 621 2060 est
638 2012 728 2059 unus
743 1991 912 2060 articulus
932 1991 1060 2060 erroris
1079 2003 1114 2059 et
1134 1991 1281 2074 heresis,
1302 1994 1336 2059 in
1354 2014 1425 2082 quo
1442 1991 1521 2082 quis
1542 1992 1769 2084 pertinaciter
1789 2014 1869 2084 per·

433 2110 604 2160 serenans
620 2087 798 2158 hereticus
813 2102 866 2157 est
882 2089 1099 2175 censendus3
1118 2100 1151 2157 et
1170 2100 1237 2158 tam
1256 2089 1438 2180 requisitio
1453 2089 1539 2158 lacta
1559 2111 1666 2181 super
1678 2088 1744 2159 hoc
1759 2111 1868 2181 quam

434 2187 616 2298 responsio
645 2185 755 2279 ipsius
782 2185 956 2255 inseratur
981 2187 1015 2254 in
1037 2207 1226 2278 processu,
1249 2198 1283 2255 et
1304 2187 1449 2256 ulterius
1476 2199 1598 2256 contra
1625 2187 1727 2256 talem
1754 2208 1869 2279 quon·

433 2296 505 2354 tum
526 2284 604 2353 de
590 2304 672 2374 Jure
701 2284 806 2352 fuerit
833 2283 1062 2376 procedatur,
1087 2284 1298 2353 monendo
1290 2306 1403 2377 ipsum
1429 2285 1597 2354 canonice
1616 2297 1650 2353 et
1669 2285 1868 2357 exortando

434 2380 695 2475 perhemptorie
712 2381 807 2472 quod
825 2401 844 2449 a
862 2381 1019 2473 predicto
1034 2401 1153 2451 errore
1170 2392 1205 2450 et
1224 2381 1338 2450 heresi
1357 2381 1513 2451 resiliat
1505 2403 1691 2475 ipsumque
1711 2382 1866 2472 abjuret,

422 2479 587 2570 alioquin
607 2500 652 2548 ex
673 2490 755 2547 tuuc
776 2478 872 2547 velut
893 2477 1068 2548 hereticus
1083 2478 1300 2589 judicabitur
1322 2473 1380 2574 [1⁰
1384 2476 1453 2549 teu
1477 2474 1511 2576 a]
1534 2492 1569 2549 et
1587 2478 1868 2571 condempnabi-

434 2591 489 2646 tur
515 2588 551 2646 et
578 2588 741 2667 tanquam
774 2575 852 2645 talis
880 2575 1133 2666 relinquetur
1126 2599 1160 2645 ιιι
1185 2576 1314 2666 juditio
1342 2579 1439 2646 curie
1458 2577 1639 2646 secularis.
1665 2576 1867 2647 Notandum

432 2677 536 2745 etiam
557 2675 652 2765 quod
681 2674 725 2743 ad
754 2673 1037 2744 convincendum
1064 2674 1141 2764 ejus
1161 2674 1348 2759 maliciam,
1372 2685 1409 2742 ut
1438 2675 1547 2763 magis
1574 2684 1741 2767 appareat
1768 2695 1870 2745 error

432 2774 510 2861 ejus
525 2783 559 2842 et
575 2772 619 2840 ad
637 2769 901 2860 justificandum
919 2792 1119 2863 processum
1136 2783 1256 2842 contra
1273 2772 1391 2856 talem,
1415 2775 1543 2864 poterit
1558 2773 1682 2840 iterum
1695 2772 1777 2841 lerri
1797 2772 1868 2860 alia

433 2889 525 2939 nova
552 2871 725 2939 sententia
747 2868 1123 2939 excommunicationis
1151 2871 1185 2937 iu
1215 2869 1354 2961 scriptis
1383 2880 1503 2940 contra
1523 2869 1674 2938 eundem
1700 2881 1868 2961 tanquam

422 2977 551 3038 contre
573 2967 670 3034 illurn
701 2966 763 3058 qui
783 2978 836 3036 est
855 2977 1045 3037 contumax
1065 2969 1100 3035 iu
1123 2986 1227 3036 causa
1249 2965 1356 3048 fidei,
1379 2988 1442 3058 pro
1464 2987 1507 3036 eo
1527 2966 1692 3035 videlicet
1710 2967 1792 3058 quie
1809 2969 1870 3059 ju·

432 3085 510 3135 rare
527 3063 731 3156 simpliciter
748 3077 783 3133 et
799 3065 936 3156 precise
951 3084 991 3132 ac
1006 3066 1110 3132 etiam
1133 3065 1346 3156 respondere
1369 3064 1413 3133 de
1433 3063 1500 3132 hiis
1518 3085 1588 3155 que
1604 3063 1649 3132 ad
1668 3061 1774 3133 fidem
1792 3087 1869 3159 per-

434 3163 564 3245 tinent,
588 3182 724 3230 necnon
745 3161 909 3250 abjurare
927 3181 1133 3253 expressum
1155 3182 1310 3232 errorem
1332 3173 1366 3231 et
1385 3160 1536 3230 heresim
1569 3161 1794 3253 pertinaciter
1811 3184 1867 3233 re·

424 3271 555 3340 cusat,
578 3261 614 3326 in
635 3257 701 3328 boo
719 3258 794 3368 ipso
813 3258 996 3328 manileste
1012 3279 1135 3349 parere
1152 3259 1432 3349 subterfugiens,
1453 3280 1522 3328 non
1543 3261 1659 3327 minus
1679 3280 1785 3368 quam
1809 3259 1870 3330 ille

430 3358 492 3466 qui
507 3354 611 3426 etium
631 3356 718 3425 alias
738 3356 864 3425 citatus
879 3356 1133 3426 contumaciter
1150 3378 1189 3426 se
1204 3356 1385 3442 absentat,
1405 3367 1439 3425 et
1458 3356 1526 3425 lata
1546 3357 1722 3425 sententia
1741 3369 1869 3428 contro

433 3454 546 3546 ipsum
569 3455 751 3548 intimetur
769 3452 883 3523 eidem
905 3465 940 3522 et
959 3452 1133 3523 intimatio
1154 3453 1344 3538 scribatur,
1368 3453 1462 3545 quod
1484 3453 1587 3522 etiam
1609 3474 1655 3522 ex
1676 3453 1741 3524 ista
1761 3475 1869 3525 causa

434 3552 512 3620 talis
527 3551 747 3620 contumacie
767 3550 801 3618 in
821 3570 926 3619 causa
948 3548 1057 3619 fidei
1048 3569 1125 3643 rpse
1145 3554 1470 3621 excommunicatus
1490 3550 1664 3635 existens,
1686 3553 1717 3620 si
1736 3552 1869 3622 dictam

424 3646 808 3718 excommunicationis
825 3647 1036 3717 seutentiam
1056 3648 1145 3717 ultra
1161 3669 1292 3717 annum
1314 3648 1523 3718 sustinuerit
1543 3649 1660 3717 animo
1682 3649 1868 3741 pertinaci,

433 3766 477 3814 ex
501 3756 581 3814 tunc
599 3746 695 3815 velut
713 3739 890 3815 hereticus
906 3744 980 3813 de
967 3766 1047 3835 Jure
1062 3744 1205 3815 debebit
1221 3757 1255 3815 et
1275 3747 1402 3856 poterit
1421 3744 1686 3837 condempnari
1705 3747 1869 3839 Amplius
1913 3820 1920 3837 ,

430 3856 547 3913 autem
569 3843 760 3912 notandum
783 3841 951 3933 estquod
971 3854 1091 3912 contra
1114 3844 1217 3912 talem
1240 3844 1367 3935 poterit
1392 3843 1532 3946 procedi
1554 3842 1598 3911 ad
1624 3843 1868 3955 recipiendum

433 3951 539 4010 testes
554 3942 582 4009 si
608 3940 667 4031 qui
690 3940 819 4009 luerint
838 3952 960 4009 contra
982 3939 1094 4031 ipsum
1117 3940 1296 4010 ueletiam
1318 3940 1396 4010 talis
1415 3935 1519 4009 artari
1537 3962 1597 4009 seu
1621 3942 1784 4032 restringi
1807 3963 1868 4035 po·

435 4038 514 4106 terit
536 4042 570 4105 in
592 4039 705 4120 dieta,
725 4037 779 4107 vel
800 4037 914 4107 alias
906 4058 942 4104 m
961 4057 1101 4107 carcere
1119 4058 1182 4107 seu
1200 4038 1369 4149 vinculis,
1389 4038 1443 4107 vel
1462 4038 1565 4106 etiam
1584 4040 1800 4128 questionari
1823 4042 1868 4110 de

421 4137 578 4205 consilio
600 4135 813 4227 peritorum,
837 4146 940 4227 prout
959 4134 1109 4224 qualitas
1128 4136 1272 4225 negocii,
1286 4146 1320 4205 et
1342 4156 1491 4227 persone
1509 4136 1670 4205 condicio
1689 4141 1867 4228 exegerit,

424 4245 469 4301 ut
490 4234 619 4302 veritas
639 4244 795 4303 eruatur.

618 4483 651 4546 9.
675 4483 809 4549 Forma
830 4492 954 4550 eutem
975 4487 1091 4566 prime
1113 4488 1296 4551 sententie
1317 4488 1452 4567 poterit
1473 4503 1553 4550 esse
1574 4486 1674 4550 talis.

479 4726 562 4797 Cum
581 4739 617 4796 tu
640 4727 717 4798 talis
736 4727 781 4798 de
805 4726 864 4797 tali
888 4727 965 4799 loco
984 4742 1106 4821 captus
1126 4729 1182 4800 vel
1206 4732 1335 4800 citatus
1354 4729 1461 4800 lueris
1488 4743 1651 4822 tanquam
1679 4744 1867 4825 suspectus

430 4836 466 4895 et
484 4825 686 4894 dillamatus
700 4838 742 4895 et
759 4836 943 4922 accusatus
962 4847 1025 4896 seu
1049 4826 1186 4898 delatus
1205 4828 1250 4898 de
1270 4828 1448 4898 erroribus
1468 4839 1504 4898 et
1522 4828 1747 4937 opinionibus
1766 4849 1865 4901 erro·

432 4923 508 4992 neis
524 4922 781 5013 Bequiuorum,
803 4924 863 5014 qui
884 4944 923 4993 se
942 4924 1066 4994 dicunt
1085 4925 1208 4995 fratres
1228 4946 1401 5017 pauperes
1419 4925 1464 4995 de
1482 4926 1584 4995 tertio
1603 4923 1728 4996 urdine
1746 4925 1867 4998 Sancti

423 5018 625 5104 francisci,
647 5020 741 5111 quud
762 5042 900 5092 errores
918 5033 954 5090 et
971 5021 1155 5116 opiniones
1175 5043 1344 5094 erroneus
1365 5017 1407 5116 [l0
1429 5020 1498 5094 tea
1519 5018 1556 5120 b]
1581 5034 1701 5094 tenent
1719 5035 1755 5093 et
1772 5023 1867 5115 dog

969 5660 1361 6016 a

959 6004 963 6015 ι
