<?xml version="1.0" encoding="UTF-8"?>
<!DOCTYPE html PUBLIC "-//W3C//DTD XHTML 1.0 Transitional//EN"
    "http://www.w3.org/TR/xhtml1/DTD/xhtml1-transitional.dtd">
<html xmlns="http://www.w3.org/1999/xhtml" xml:lang="en" lang="en">
 <head>
  <title>
</title>
<meta http-equiv="Content-Type" content="text/html;charset=utf-8" />
  <meta name='ocr-system' content='tesseract 3.04.00' />
  <meta name='ocr-capabilities' content='ocr_page ocr_carea ocr_par ocr_line ocrx_word'/>
</head>
<body>
  <div class='ocr_page' id='page_1' title='image "./practicainquisi00douagoog_0237.png"; bbox 0 0 4612 6404; ppageno 0'>
   <div class='ocr_carea' id='block_1_1' title="bbox 429 666 1573 747">
    <p class='ocr_par' dir='ltr' id='par_1_1' title="bbox 429 666 1573 747">
     <span class='ocr_line' id='line_1_1' title="bbox 429 666 1573 747; baseline -0.003 -11"><span class='ocrx_word' id='word_1_1' title='bbox 429 666 502 736; x_wconf 78' lang='lat'><strong>270</strong></span> <span class='ocrx_word' id='word_1_2' title='bbox 715 681 880 735; x_wconf 82' lang='lat' dir='ltr'><strong>rnncrtcn</strong></span> <span class='ocrx_word' id='word_1_3' title='bbox 904 681 1146 747; x_wconf 84' lang='lat' dir='ltr'><strong>momsrrrurus</strong></span> <span class='ocrx_word' id='word_1_4' title='bbox 1172 679 1336 734; x_wconf 81' lang='lat' dir='ltr'><strong>nmmum</strong></span> <span class='ocrx_word' id='word_1_5' title='bbox 1360 681 1573 733; x_wconf 78' lang='lat' dir='ltr'><strong>emmaus.</strong></span> 
     </span>
    </p>
   </div>
   <div class='ocr_carea' id='block_1_2' title="bbox 430 837 1875 4942">
    <p class='ocr_par' dir='ltr' id='par_1_2' title="bbox 430 837 1875 4942">
     <span class='ocr_line' id='line_1_2' title="bbox 431 837 1864 934; baseline 0.001 -26"><span class='ocrx_word' id='word_1_6' title='bbox 431 843 528 934; x_wconf 89' lang='lat' dir='ltr'><strong>prius</strong></span> <span class='ocrx_word' id='word_1_7' title='bbox 555 840 697 910; x_wconf 88' lang='lat' dir='ltr'><strong>lactum.</strong></span> <span class='ocrx_word' id='word_1_8' title='bbox 723 839 829 923; x_wconf 87' lang='lat' dir='ltr'><strong>Item,</strong></span> <span class='ocrx_word' id='word_1_9' title='bbox 852 837 975 908; x_wconf 89' lang='lat' dir='ltr'><strong>dicunt</strong></span> <span class='ocrx_word' id='word_1_10' title='bbox 999 839 1096 931; x_wconf 91' lang='lat' dir='ltr'><strong>quod</strong></span> <span class='ocrx_word' id='word_1_11' title='bbox 1122 838 1173 908; x_wconf 91' lang='lat' dir='ltr'><strong>illi</strong></span> <span class='ocrx_word' id='word_1_12' title='bbox 1199 849 1352 931; x_wconf 88' lang='lat' dir='ltr'><strong>quatuor</strong></span> <span class='ocrx_word' id='word_1_13' title='bbox 1378 839 1503 908; x_wconf 82' lang='lat' dir='ltr'><strong>iratres</strong></span> <span class='ocrx_word' id='word_1_14' title='bbox 1527 838 1681 909; x_wconf 88' lang='lat' dir='ltr'><strong>Minores</strong></span> <span class='ocrx_word' id='word_1_15' title='bbox 1708 840 1770 931; x_wconf 91' lang='lat' dir='ltr'><strong>qni</strong></span> <span class='ocrx_word' id='word_1_16' title='bbox 1794 842 1864 911; x_wconf 87' lang='lat' dir='ltr'><strong>sub</strong></span> 
     </span>
     <span class='ocr_line' id='line_1_3' title="bbox 430 935 1863 1030; baseline 0.001 -22"><span class='ocrx_word' id='word_1_17' title='bbox 430 958 525 1008; x_wconf 87' lang='lat' dir='ltr'><strong>anuo</strong></span> <span class='ocrx_word' id='word_1_18' title='bbox 543 938 679 1008; x_wconf 87' lang='lat' dir='ltr'><strong>Domini</strong></span> <span class='ocrx_word' id='word_1_19' title='bbox 698 936 762 1006; x_wconf 76' lang='lat' dir='ltr'><strong>M0.</strong></span> <span class='ocrx_word' id='word_1_20' title='bbox 779 935 879 1006; x_wconf 68' lang='lat' dir='ltr'><strong>tw.</strong></span> <span class='ocrx_word' id='word_1_21' title='bbox 895 937 1030 1006; x_wconf 75' lang='lat' dir='ltr'><strong>xvttr.</strong></span> <span class='ocrx_word' id='word_1_22' title='bbox 1047 938 1141 1030; x_wconf 92' lang='lat' dir='ltr'><strong>apud</strong></span> <span class='ocrx_word' id='word_1_23' title='bbox 1160 936 1349 1006; x_wconf 77' lang='lat' dir='ltr'>Massiliam</span> <span class='ocrx_word' id='word_1_24' title='bbox 1366 957 1428 1030; x_wconf 87' lang='lat' dir='ltr'><strong>per</strong></span> <span class='ocrx_word' id='word_1_25' title='bbox 1441 936 1684 1028; x_wconf 70' lang='lat' dir='ltr'><strong>inquisitorem</strong></span> <span class='ocrx_word' id='word_1_26' title='bbox 1704 937 1863 1009; x_wconf 74' lang='lat' dir='ltr'><strong>heretice</strong></span> 
     </span>
     <span class='ocr_line' id='line_1_4' title="bbox 433 1033 1865 1128; baseline 0.002 -25"><span class='ocrx_word' id='word_1_27' title='bbox 433 1036 634 1128; x_wconf 88' lang='lat' dir='ltr'><strong>pravitatis,</strong></span> <span class='ocrx_word' id='word_1_28' title='bbox 662 1038 725 1128; x_wconf 92' lang='lat' dir='ltr'><strong>qui</strong></span> <span class='ocrx_word' id='word_1_29' title='bbox 747 1035 852 1105; x_wconf 87' lang='lat' dir='ltr'><strong>etiam</strong></span> <span class='ocrx_word' id='word_1_30' title='bbox 874 1046 949 1105; x_wconf 91' lang='lat' dir='ltr'><strong>erat</strong></span> <span class='ocrx_word' id='word_1_31' title='bbox 972 1035 1018 1105; x_wconf 89' lang='lat' dir='ltr'><strong>de</strong></span> <span class='ocrx_word' id='word_1_32' title='bbox 1040 1036 1165 1106; x_wconf 86' lang='lat' dir='ltr'><strong>ordine</strong></span> <span class='ocrx_word' id='word_1_33' title='bbox 1185 1035 1341 1104; x_wconf 82' lang='lat' dir='ltr'><strong>Fratrum</strong></span> <span class='ocrx_word' id='word_1_34' title='bbox 1371 1033 1567 1116; x_wconf 89' lang='lat' dir='ltr'><strong>Minorum,</strong></span> <span class='ocrx_word' id='word_1_35' title='bbox 1595 1036 1740 1105; x_wconf 87' lang='lat' dir='ltr'><strong>luerunt</strong></span> <span class='ocrx_word' id='word_1_36' title='bbox 1764 1036 1865 1107; x_wconf 82' lang='lat' dir='ltr'><strong>velut</strong></span> 
     </span>
     <span class='ocr_line' id='line_1_5' title="bbox 433 1131 1865 1226; baseline 0.001 -24"><span class='ocrx_word' id='word_1_37' title='bbox 433 1132 576 1202; x_wconf 89' lang='lat' dir='ltr'><strong>heretici</strong></span> <span class='ocrx_word' id='word_1_38' title='bbox 599 1132 847 1225; x_wconf 88' lang='lat' dir='ltr'><strong>condempnati</strong></span> <span class='ocrx_word' id='word_1_39' title='bbox 869 1153 916 1202; x_wconf 85' lang='lat' dir='ltr'><strong>ex</strong></span> <span class='ocrx_word' id='word_1_40' title='bbox 940 1131 1007 1203; x_wconf 94' lang='lat' dir='ltr'><strong>hoc</strong></span> <span class='ocrx_word' id='word_1_41' title='bbox 1032 1145 1070 1202; x_wconf 90' lang='lat' dir='ltr'><strong>ut</strong></span> <span class='ocrx_word' id='word_1_42' title='bbox 1095 1134 1162 1226; x_wconf 91' lang='lat' dir='ltr'><strong>ipsi</strong></span> <span class='ocrx_word' id='word_1_43' title='bbox 1188 1133 1332 1217; x_wconf 88' lang='lat' dir='ltr'><strong>dicunt,</strong></span> <span class='ocrx_word' id='word_1_44' title='bbox 1362 1131 1445 1223; x_wconf 88' lang='lat' dir='ltr'><strong>quia</strong></span> <span class='ocrx_word' id='word_1_45' title='bbox 1471 1132 1637 1202; x_wconf 83' lang='lat' dir='ltr'><strong>volebant</strong></span> <span class='ocrx_word' id='word_1_46' title='bbox 1657 1154 1806 1203; x_wconf 81' lang='lat' dir='ltr'><strong>serrare</strong></span> <span class='ocrx_word' id='word_1_47' title='bbox 1829 1146 1865 1204; x_wconf 86' lang='lat' dir='ltr'><strong>et</strong></span> 
     </span>
     <span class='ocr_line' id='line_1_6' title="bbox 432 1229 1863 1323; baseline 0.001 -24"><span class='ocrx_word' id='word_1_48' title='bbox 432 1242 553 1300; x_wconf 88' lang='lat' dir='ltr'><strong>tenere</strong></span> <span class='ocrx_word' id='word_1_49' title='bbox 579 1232 764 1323; x_wconf 90' lang='lat' dir='ltr'><strong>puritatem</strong></span> <span class='ocrx_word' id='word_1_50' title='bbox 787 1240 823 1300; x_wconf 87' lang='lat' dir='ltr'><strong>et</strong></span> <span class='ocrx_word' id='word_1_51' title='bbox 842 1231 1023 1301; x_wconf 86' lang='lat' dir='ltr'><strong>veritatem</strong></span> <span class='ocrx_word' id='word_1_52' title='bbox 1044 1243 1079 1301; x_wconf 90' lang='lat' dir='ltr'><strong>et</strong></span> <span class='ocrx_word' id='word_1_53' title='bbox 1099 1242 1337 1323; x_wconf 82' lang='lat' dir='ltr'><strong>paupertatem</strong></span> <span class='ocrx_word' id='word_1_54' title='bbox 1358 1230 1451 1299; x_wconf 90' lang='lat' dir='ltr'><strong>dicte</strong></span> <span class='ocrx_word' id='word_1_55' title='bbox 1468 1229 1600 1321; x_wconf 85' lang='lat' dir='ltr'><strong>llegule</strong></span> <span class='ocrx_word' id='word_1_56' title='bbox 1616 1230 1735 1300; x_wconf 88' lang='lat' dir='ltr'><strong>Sancti</strong></span> <span class='ocrx_word' id='word_1_57' title='bbox 1753 1230 1863 1301; x_wconf 84' lang='lat' dir='ltr'><strong>Fran·</strong></span> 
     </span>
     <span class='ocr_line' id='line_1_7' title="bbox 431 1327 1865 1421; baseline -0.001 -23"><span class='ocrx_word' id='word_1_58' title='bbox 431 1328 537 1411; x_wconf 88' lang='lat' dir='ltr'><strong>cisci,</strong></span> <span class='ocrx_word' id='word_1_59' title='bbox 558 1341 593 1398; x_wconf 90' lang='lat' dir='ltr'><strong>et</strong></span> <span class='ocrx_word' id='word_1_60' title='bbox 612 1330 695 1420; x_wconf 87' lang='lat' dir='ltr'><strong>quia</strong></span> <span class='ocrx_word' id='word_1_61' title='bbox 714 1328 880 1398; x_wconf 88' lang='lat' dir='ltr'><strong>nolebant</strong></span> <span class='ocrx_word' id='word_1_62' title='bbox 905 1331 1105 1399; x_wconf 88' lang='lat' dir='ltr'><strong>consentire</strong></span> <span class='ocrx_word' id='word_1_63' title='bbox 1131 1329 1167 1397; x_wconf 95' lang='lat' dir='ltr'><strong>in</strong></span> <span class='ocrx_word' id='word_1_64' title='bbox 1191 1328 1403 1399; x_wconf 83' lang='lat' dir='ltr'><strong>laxationem</strong></span> <span class='ocrx_word' id='word_1_65' title='bbox 1424 1328 1567 1418; x_wconf 89' lang='lat' dir='ltr'><strong>regule,</strong></span> <span class='ocrx_word' id='word_1_66' title='bbox 1595 1349 1661 1398; x_wconf 89' lang='lat' dir='ltr'><strong>nec</strong></span> <span class='ocrx_word' id='word_1_67' title='bbox 1692 1327 1746 1421; x_wconf 83' lang='lat' dir='ltr'><strong>(l)</strong></span> <span class='ocrx_word' id='word_1_68' title='bbox 1776 1330 1865 1399; x_wconf 88' lang='lat' dir='ltr'><strong>reci·</strong></span> 
     </span>
     <span class='ocr_line' id='line_1_8' title="bbox 433 1425 1865 1518; baseline 0.001 -23"><span class='ocrx_word' id='word_1_69' title='bbox 433 1446 518 1518; x_wconf 92' lang='lat' dir='ltr'><strong>pere</strong></span> <span class='ocrx_word' id='word_1_70' title='bbox 533 1426 831 1517; x_wconf 74' lang='lat' dir='ltr'><strong>dispensationem</strong></span> <span class='ocrx_word' id='word_1_71' title='bbox 847 1425 995 1518; x_wconf 86' lang='lat' dir='ltr'><strong>predicti</strong></span> <span class='ocrx_word' id='word_1_72' title='bbox 1010 1427 1142 1497; x_wconf 90' lang='lat' dir='ltr'><strong>domini</strong></span> <span class='ocrx_word' id='word_1_73' title='bbox 1162 1447 1251 1517; x_wconf 90' lang='lat' dir='ltr'><strong>pape</strong></span> <span class='ocrx_word' id='word_1_74' title='bbox 1269 1425 1392 1495; x_wconf 87' lang='lat' dir='ltr'><strong>iactam</strong></span> <span class='ocrx_word' id='word_1_75' title='bbox 1410 1447 1516 1518; x_wconf 89' lang='lat' dir='ltr'><strong>super</strong></span> <span class='ocrx_word' id='word_1_76' title='bbox 1531 1425 1611 1509; x_wconf 90' lang='lat' dir='ltr'><strong>illa,</strong></span> <span class='ocrx_word' id='word_1_77' title='bbox 1628 1447 1695 1495; x_wconf 92' lang='lat' dir='ltr'><strong>nec</strong></span> <span class='ocrx_word' id='word_1_78' title='bbox 1710 1425 1780 1495; x_wconf 91' lang='lat' dir='ltr'><strong>sihi</strong></span> <span class='ocrx_word' id='word_1_79' title='bbox 1799 1447 1865 1497; x_wconf 89' lang='lat' dir='ltr'><strong>nec</strong></span> 
     </span>
     <span class='ocr_line' id='line_1_9' title="bbox 434 1523 1865 1616; baseline 0.001 -24"><span class='ocrx_word' id='word_1_80' title='bbox 434 1523 512 1592; x_wconf 90' lang='lat' dir='ltr'><strong>aliis</strong></span> <span class='ocrx_word' id='word_1_81' title='bbox 530 1544 637 1615; x_wconf 90' lang='lat' dir='ltr'><strong>super</strong></span> <span class='ocrx_word' id='word_1_82' title='bbox 655 1523 723 1594; x_wconf 89' lang='lat' dir='ltr'><strong>hoc</strong></span> <span class='ocrx_word' id='word_1_83' title='bbox 741 1523 900 1606; x_wconf 85' lang='lat' dir='ltr'><strong>obedire,</strong></span> <span class='ocrx_word' id='word_1_84' title='bbox 918 1525 1059 1593; x_wconf 86' lang='lat' dir='ltr'><strong>luerunt</strong></span> <span class='ocrx_word' id='word_1_85' title='bbox 1073 1524 1320 1616; x_wconf 91' lang='lat' dir='ltr'><strong>condempnati</strong></span> <span class='ocrx_word' id='word_1_86' title='bbox 1339 1523 1470 1612; x_wconf 83' lang='lat' dir='ltr'><strong>injuste</strong></span> <span class='ocrx_word' id='word_1_87' title='bbox 1487 1544 1554 1615; x_wconf 92' lang='lat' dir='ltr'><strong>pru</strong></span> <span class='ocrx_word' id='word_1_88' title='bbox 1572 1524 1724 1594; x_wconf 85' lang='lat' dir='ltr'><strong>veritate</strong></span> <span class='ocrx_word' id='word_1_89' title='bbox 1742 1524 1865 1616; x_wconf 81' lang='lat' dir='ltr'><strong>regule</strong></span> 
     </span>
     <span class='ocr_line' id='line_1_10' title="bbox 436 1619 1865 1713; baseline 0.001 -24"><span class='ocrx_word' id='word_1_90' title='bbox 436 1622 644 1710; x_wconf 74' lang='lat' dir='ltr'><strong>evangelice</strong></span> <span class='ocrx_word' id='word_1_91' title='bbox 669 1621 913 1707; x_wconf 81' lang='lat' dir='ltr'><strong>detendenoa;</strong></span> <span class='ocrx_word' id='word_1_92' title='bbox 934 1630 969 1691; x_wconf 91' lang='lat' dir='ltr'><strong>et</strong></span> <span class='ocrx_word' id='word_1_93' title='bbox 995 1622 1074 1692; x_wconf 90' lang='lat' dir='ltr'><strong>ideo</strong></span> <span class='ocrx_word' id='word_1_94' title='bbox 1099 1622 1220 1690; x_wconf 91' lang='lat' dir='ltr'><strong>dicunt</strong></span> <span class='ocrx_word' id='word_1_95' title='bbox 1244 1620 1340 1713; x_wconf 90' lang='lat' dir='ltr'><strong>ipsos</strong></span> <span class='ocrx_word' id='word_1_96' title='bbox 1363 1641 1433 1690; x_wconf 94' lang='lat' dir='ltr'><strong>non</strong></span> <span class='ocrx_word' id='word_1_97' title='bbox 1458 1619 1566 1690; x_wconf 84' lang='lat' dir='ltr'><strong>luisse</strong></span> <span class='ocrx_word' id='word_1_98' title='bbox 1588 1621 1786 1705; x_wconf 86' lang='lat' dir='ltr'><strong>hereticus,</strong></span> <span class='ocrx_word' id='word_1_99' title='bbox 1811 1634 1865 1693; x_wconf 85' lang='lat' dir='ltr'><strong>set</strong></span> 
     </span>
     <span class='ocr_line' id='line_1_11' title="bbox 434 1713 1866 1814; baseline 0.001 -27"><span class='ocrx_word' id='word_1_100' title='bbox 434 1717 625 1788; x_wconf 89' lang='lat' dir='ltr'><strong>catholicos</strong></span> <span class='ocrx_word' id='word_1_101' title='bbox 644 1731 679 1789; x_wconf 87' lang='lat' dir='ltr'><strong>et</strong></span> <span class='ocrx_word' id='word_1_102' title='bbox 704 1713 746 1812; x_wconf 76' lang='lat' dir='ltr'><strong>[ll</strong></span> <span class='ocrx_word' id='word_1_103' title='bbox 765 1715 834 1786; x_wconf 87' lang='lat' dir='ltr'><strong>tt5</strong></span> <span class='ocrx_word' id='word_1_104' title='bbox 853 1713 888 1814; x_wconf 87' lang='lat' dir='ltr'><strong>a]</strong></span> <span class='ocrx_word' id='word_1_105' title='bbox 913 1740 992 1788; x_wconf 88' lang='lat' dir='ltr'><strong>esse</strong></span> <span class='ocrx_word' id='word_1_106' title='bbox 1016 1719 1176 1788; x_wconf 90' lang='lat' dir='ltr'><strong>martires</strong></span> <span class='ocrx_word' id='word_1_107' title='bbox 1200 1719 1394 1809; x_wconf 87' lang='lat' dir='ltr'><strong>gloriosos,</strong></span> <span class='ocrx_word' id='word_1_108' title='bbox 1422 1718 1649 1810; x_wconf 90' lang='lat' dir='ltr'><strong>ipsorumque</strong></span> <span class='ocrx_word' id='word_1_109' title='bbox 1674 1720 1866 1812; x_wconf 80' lang='lat' dir='ltr'><strong>implorant</strong></span> 
     </span>
     <span class='ocr_line' id='line_1_12' title="bbox 434 1816 1866 1908; baseline 0.001 -23"><span class='ocrx_word' id='word_1_110' title='bbox 434 1817 611 1886; x_wconf 88' lang='lat' dir='ltr'><strong>orationes</strong></span> <span class='ocrx_word' id='word_1_111' title='bbox 630 1827 665 1886; x_wconf 91' lang='lat' dir='ltr'><strong>et</strong></span> <span class='ocrx_word' id='word_1_112' title='bbox 687 1817 854 1907; x_wconf 90' lang='lat' dir='ltr'><strong>sullragia</strong></span> <span class='ocrx_word' id='word_1_113' title='bbox 874 1817 967 1908; x_wconf 89' lang='lat' dir='ltr'><strong>apud</strong></span> <span class='ocrx_word' id='word_1_114' title='bbox 988 1816 1111 1886; x_wconf 85' lang='lat' dir='ltr'><strong>Deum</strong></span> <span class='ocrx_word' id='word_1_115' title='bbox 1134 1817 1242 1899; x_wconf 91' lang='lat' dir='ltr'><strong>item,</strong></span> <span class='ocrx_word' id='word_1_116' title='bbox 1265 1816 1362 1884; x_wconf 91' lang='lat' dir='ltr'><strong>multi</strong></span> <span class='ocrx_word' id='word_1_117' title='bbox 1383 1837 1428 1885; x_wconf 82' lang='lat' dir='ltr'><strong>ex</strong></span> <span class='ocrx_word' id='word_1_118' title='bbox 1445 1817 1498 1885; x_wconf 91' lang='lat' dir='ltr'><strong>eis</strong></span> <span class='ocrx_word' id='word_1_119' title='bbox 1517 1817 1638 1886; x_wconf 91' lang='lat' dir='ltr'><strong>dicunt</strong></span> <span class='ocrx_word' id='word_1_120' title='bbox 1656 1838 1696 1886; x_wconf 91' lang='lat' dir='ltr'><strong>se</strong></span> <span class='ocrx_word' id='word_1_121' title='bbox 1719 1818 1866 1887; x_wconf 88' lang='lat' dir='ltr'><strong>credere</strong></span> 
     </span>
     <span class='ocr_line' id='line_1_13' title="bbox 435 1914 1867 2006; baseline 0.001 -24"><span class='ocrx_word' id='word_1_122' title='bbox 435 1934 497 1982; x_wconf 89' lang='lat' dir='ltr'><strong>eos</strong></span> <span class='ocrx_word' id='word_1_123' title='bbox 519 1935 597 1983; x_wconf 89' lang='lat' dir='ltr'><strong>esse</strong></span> <span class='ocrx_word' id='word_1_124' title='bbox 623 1935 693 1984; x_wconf 94' lang='lat' dir='ltr'><strong>non</strong></span> <span class='ocrx_word' id='word_1_125' title='bbox 714 1917 860 1984; x_wconf 88' lang='lat' dir='ltr'><strong>minoris</strong></span> <span class='ocrx_word' id='word_1_126' title='bbox 887 1914 999 1984; x_wconf 90' lang='lat' dir='ltr'><strong>meriti</strong></span> <span class='ocrx_word' id='word_1_127' title='bbox 1029 1915 1121 2006; x_wconf 90' lang='lat' dir='ltr'><strong>apud</strong></span> <span class='ocrx_word' id='word_1_128' title='bbox 1149 1915 1257 1983; x_wconf 88' lang='lat' dir='ltr'><strong>Deum</strong></span> <span class='ocrx_word' id='word_1_129' title='bbox 1281 1934 1385 2005; x_wconf 90' lang='lat' dir='ltr'><strong>quam</strong></span> <span class='ocrx_word' id='word_1_130' title='bbox 1412 1926 1551 1983; x_wconf 90' lang='lat' dir='ltr'><strong>sanctos</strong></span> <span class='ocrx_word' id='word_1_131' title='bbox 1575 1915 1803 1984; x_wconf 76' lang='lat' dir='ltr'><strong>laurentium</strong></span> <span class='ocrx_word' id='word_1_132' title='bbox 1831 1925 1867 1984; x_wconf 87' lang='lat' dir='ltr'><strong>et</strong></span> 
     </span>
     <span class='ocr_line' id='line_1_14' title="bbox 434 2009 1870 2104; baseline 0.001 -26"><span class='ocrx_word' id='word_1_133' title='bbox 434 2009 656 2081; x_wconf 76' lang='lat' dir='ltr'><strong>vincentium</strong></span> <span class='ocrx_word' id='word_1_134' title='bbox 678 2013 851 2081; x_wconf 87' lang='lat' dir='ltr'><strong>martires.</strong></span> <span class='ocrx_word' id='word_1_135' title='bbox 872 2010 976 2098; x_wconf 89' lang='lat' dir='ltr'><strong>Item,</strong></span> <span class='ocrx_word' id='word_1_136' title='bbox 999 2013 1140 2104; x_wconf 92' lang='lat' dir='ltr'><strong>qnidam</strong></span> <span class='ocrx_word' id='word_1_137' title='bbox 1162 2034 1207 2082; x_wconf 83' lang='lat' dir='ltr'><strong>ex</strong></span> <span class='ocrx_word' id='word_1_138' title='bbox 1234 2012 1319 2103; x_wconf 92' lang='lat' dir='ltr'><strong>ipsis</strong></span> <span class='ocrx_word' id='word_1_139' title='bbox 1343 2012 1464 2080; x_wconf 91' lang='lat' dir='ltr'><strong>dicunt</strong></span> <span class='ocrx_word' id='word_1_140' title='bbox 1489 2012 1583 2103; x_wconf 91' lang='lat' dir='ltr'><strong>quod</strong></span> <span class='ocrx_word' id='word_1_141' title='bbox 1608 2013 1644 2080; x_wconf 90' lang='lat' dir='ltr'><strong>in</strong></span> <span class='ocrx_word' id='word_1_142' title='bbox 1672 2012 1758 2104; x_wconf 87' lang='lat' dir='ltr'><strong>ipsis</strong></span> <span class='ocrx_word' id='word_1_143' title='bbox 1780 2012 1870 2081; x_wconf 58' lang='lat' dir='ltr'><strong>litt«</strong></span> 
     </span>
     <span class='ocr_line' id='line_1_15' title="bbox 436 2107 1868 2202; baseline 0.002 -27"><span class='ocrx_word' id='word_1_144' title='bbox 436 2107 603 2178; x_wconf 85' lang='lat' dir='ltr'><strong>iratribus</strong></span> <span class='ocrx_word' id='word_1_145' title='bbox 620 2110 813 2179; x_wconf 84' lang='lat' dir='ltr'><strong>Minoribus</strong></span> <span class='ocrx_word' id='word_1_146' title='bbox 833 2110 897 2178; x_wconf 90' lang='lat' dir='ltr'><strong>init</strong></span> <span class='ocrx_word' id='word_1_147' title='bbox 917 2109 1074 2180; x_wconf 85' lang='lat' dir='ltr'><strong>Christus</strong></span> <span class='ocrx_word' id='word_1_148' title='bbox 1093 2115 1218 2180; x_wconf 90' lang='lat' dir='ltr'><strong>iterum</strong></span> <span class='ocrx_word' id='word_1_149' title='bbox 1239 2109 1469 2201; x_wconf 81' lang='lat' dir='ltr'><strong>spiritualiter</strong></span> <span class='ocrx_word' id='word_1_150' title='bbox 1487 2107 1677 2180; x_wconf 81' lang='lat' dir='ltr'><strong>crucifixus</strong></span> <span class='ocrx_word' id='word_1_151' title='bbox 1697 2120 1868 2202; x_wconf 91' lang='lat' dir='ltr'><strong>tanquam</strong></span> 
     </span>
     <span class='ocr_line' id='line_1_16' title="bbox 435 2205 1868 2300; baseline 0.002 -28"><span class='ocrx_word' id='word_1_152' title='bbox 435 2207 470 2272; x_wconf 94' lang='lat' dir='ltr'><strong>in</strong></span> <span class='ocrx_word' id='word_1_153' title='bbox 492 2205 577 2273; x_wconf 70' lang='grc' dir='ltr'><strong>1111οῐ</strong></span> <span class='ocrx_word' id='word_1_154' title='bbox 589 2206 741 2277; x_wconf 90' lang='lat' dir='ltr'><strong>brachiis</strong></span> <span class='ocrx_word' id='word_1_155' title='bbox 758 2208 886 2299; x_wconf 86' lang='lat' dir='ltr'><strong>crucis,</strong></span> <span class='ocrx_word' id='word_1_156' title='bbox 904 2219 939 2276; x_wconf 92' lang='lat' dir='ltr'><strong>et</strong></span> <span class='ocrx_word' id='word_1_157' title='bbox 956 2218 1142 2300; x_wconf 85' lang='lat' dir='ltr'><strong>paupertas</strong></span> <span class='ocrx_word' id='word_1_158' title='bbox 1156 2206 1280 2276; x_wconf 86' lang='lat' dir='ltr'><strong>Christi</strong></span> <span class='ocrx_word' id='word_1_159' title='bbox 1298 2216 1333 2275; x_wconf 91' lang='lat' dir='ltr'><strong>et</strong></span> <span class='ocrx_word' id='word_1_160' title='bbox 1351 2208 1422 2278; x_wconf 90' lang='lat' dir='ltr'><strong>vita</strong></span> <span class='ocrx_word' id='word_1_161' title='bbox 1439 2209 1517 2298; x_wconf 87' lang='lat' dir='ltr'><strong>ejus</strong></span> <span class='ocrx_word' id='word_1_162' title='bbox 1536 2208 1600 2277; x_wconf 91' lang='lat' dir='ltr'><strong>luit</strong></span> <span class='ocrx_word' id='word_1_163' title='bbox 1619 2207 1656 2276; x_wconf 89' lang='lat' dir='ltr'><strong>in</strong></span> <span class='ocrx_word' id='word_1_164' title='bbox 1677 2208 1762 2299; x_wconf 89' lang='lat' dir='ltr'><strong>ipsis</strong></span> <span class='ocrx_word' id='word_1_165' title='bbox 1780 2229 1868 2278; x_wconf 90' lang='lat' dir='ltr'><strong>con·</strong></span> 
     </span>
     <span class='ocr_line' id='line_1_17' title="bbox 436 2303 1872 2397; baseline 0.003 -27"><span class='ocrx_word' id='word_1_166' title='bbox 436 2303 638 2395; x_wconf 80' lang='lat' dir='ltr'><strong>dampnata.</strong></span> <span class='ocrx_word' id='word_1_167' title='bbox 660 2305 769 2391; x_wconf 90' lang='lat' dir='ltr'><strong>llem,</strong></span> <span class='ocrx_word' id='word_1_168' title='bbox 791 2305 912 2375; x_wconf 88' lang='lat' dir='ltr'><strong>dicunt</strong></span> <span class='ocrx_word' id='word_1_169' title='bbox 935 2307 1029 2397; x_wconf 93' lang='lat' dir='ltr'><strong>quod</strong></span> <span class='ocrx_word' id='word_1_170' title='bbox 1055 2307 1083 2375; x_wconf 91' lang='lat' dir='ltr'><strong>si</strong></span> <span class='ocrx_word' id='word_1_171' title='bbox 1112 2307 1266 2397; x_wconf 88' lang='lat' dir='ltr'><strong>prelatus</strong></span> <span class='ocrx_word' id='word_1_172' title='bbox 1289 2304 1454 2375; x_wconf 92' lang='lat' dir='ltr'><strong>dominus</strong></span> <span class='ocrx_word' id='word_1_173' title='bbox 1479 2325 1567 2396; x_wconf 86' lang='lat' dir='ltr'><strong>papa</strong></span> <span class='ocrx_word' id='word_1_174' title='bbox 1595 2304 1778 2375; x_wconf 85' lang='lat' dir='ltr'><strong>mandavit</strong></span> <span class='ocrx_word' id='word_1_175' title='bbox 1805 2314 1872 2375; x_wconf 88' lang='lat' dir='ltr'><strong>aut</strong></span> 
     </span>
     <span class='ocr_line' id='line_1_18' title="bbox 436 2402 1872 2496; baseline 0.002 -28"><span class='ocrx_word' id='word_1_176' title='bbox 436 2402 646 2487; x_wconf 89' lang='lat' dir='ltr'><strong>consentiit,</strong></span> <span class='ocrx_word' id='word_1_177' title='bbox 668 2415 729 2472; x_wconf 90' lang='lat' dir='ltr'><strong>aut</strong></span> <span class='ocrx_word' id='word_1_178' title='bbox 747 2405 923 2473; x_wconf 84' lang='lat' dir='ltr'><strong>consentit</strong></span> <span class='ocrx_word' id='word_1_179' title='bbox 940 2403 1035 2495; x_wconf 90' lang='lat' dir='ltr'><strong>quod</strong></span> <span class='ocrx_word' id='word_1_180' title='bbox 1056 2405 1204 2495; x_wconf 88' lang='lat' dir='ltr'><strong>predicti</strong></span> <span class='ocrx_word' id='word_1_181' title='bbox 1222 2402 1307 2471; x_wconf 61' lang='grc' dir='ltr'><strong>1111οι</strong></span> <span class='ocrx_word' id='word_1_182' title='bbox 1325 2404 1450 2473; x_wconf 82' lang='lat' dir='ltr'><strong>iratres</strong></span> <span class='ocrx_word' id='word_1_183' title='bbox 1470 2402 1623 2473; x_wconf 82' lang='lat' dir='ltr'><strong>Minores</strong></span> <span class='ocrx_word' id='word_1_184' title='bbox 1648 2404 1780 2472; x_wconf 79' lang='lat' dir='ltr'><strong>inerint</strong></span> <span class='ocrx_word' id='word_1_185' title='bbox 1805 2424 1872 2496; x_wconf 89' lang='lat' dir='ltr'><strong>per</strong></span> 
     </span>
     <span class='ocr_line' id='line_1_19' title="bbox 437 2497 1872 2593; baseline 0.005 -29"><span class='ocrx_word' id='word_1_186' title='bbox 437 2497 678 2588; x_wconf 87' lang='lat' dir='ltr'><strong>inquisitorem</strong></span> <span class='ocrx_word' id='word_1_187' title='bbox 698 2502 795 2569; x_wconf 84' lang='lat' dir='ltr'><strong>velut</strong></span> <span class='ocrx_word' id='word_1_188' title='bbox 810 2499 954 2570; x_wconf 87' lang='lat' dir='ltr'><strong>heretici</strong></span> <span class='ocrx_word' id='word_1_189' title='bbox 970 2501 1232 2592; x_wconf 88' lang='lat' dir='ltr'><strong>condempnati,</strong></span> <span class='ocrx_word' id='word_1_190' title='bbox 1250 2521 1297 2570; x_wconf 81' lang='lat' dir='ltr'><strong>ex</strong></span> <span class='ocrx_word' id='word_1_191' title='bbox 1313 2499 1380 2570; x_wconf 92' lang='lat' dir='ltr'><strong>hoc</strong></span> <span class='ocrx_word' id='word_1_192' title='bbox 1396 2501 1471 2593; x_wconf 89' lang='lat' dir='ltr'><strong>ipse</strong></span> <span class='ocrx_word' id='word_1_193' title='bbox 1488 2501 1599 2570; x_wconf 86' lang='lat' dir='ltr'><strong>lactus</strong></span> <span class='ocrx_word' id='word_1_194' title='bbox 1618 2510 1671 2570; x_wconf 89' lang='lat' dir='ltr'><strong>est</strong></span> <span class='ocrx_word' id='word_1_195' title='bbox 1688 2499 1872 2571; x_wconf 89' lang='lat' dir='ltr'><strong>hereticus</strong></span> 
     </span>
     <span class='ocr_line' id='line_1_20' title="bbox 435 2597 1871 2691; baseline 0.003 -27"><span class='ocrx_word' id='word_1_196' title='bbox 435 2608 471 2664; x_wconf 89' lang='lat' dir='ltr'><strong>et</strong></span> <span class='ocrx_word' id='word_1_197' title='bbox 491 2598 602 2686; x_wconf 89' lang='lat' dir='ltr'><strong>major</strong></span> <span class='ocrx_word' id='word_1_198' title='bbox 619 2601 724 2666; x_wconf 89' lang='lat' dir='ltr'><strong>etiam</strong></span> <span class='ocrx_word' id='word_1_199' title='bbox 746 2598 836 2668; x_wconf 90' lang='lat' dir='ltr'><strong>inter</strong></span> <span class='ocrx_word' id='word_1_200' title='bbox 851 2597 953 2676; x_wconf 82' lang='lat' dir='ltr'><strong>alios.</strong></span> <span class='ocrx_word' id='word_1_201' title='bbox 975 2619 1054 2667; x_wconf 91' lang='lat' dir='ltr'><strong>cum</strong></span> <span class='ocrx_word' id='word_1_202' title='bbox 1074 2599 1219 2670; x_wconf 87' lang='lat' dir='ltr'><strong>deberet</strong></span> <span class='ocrx_word' id='word_1_203' title='bbox 1237 2599 1312 2690; x_wconf 87' lang='lat' dir='ltr'><strong>ipse</strong></span> <span class='ocrx_word' id='word_1_204' title='bbox 1326 2599 1418 2668; x_wconf 90' lang='lat' dir='ltr'><strong>sicut</strong></span> <span class='ocrx_word' id='word_1_205' title='bbox 1435 2609 1540 2691; x_wconf 89' lang='lat' dir='ltr'><strong>caput</strong></span> <span class='ocrx_word' id='word_1_206' title='bbox 1559 2598 1712 2668; x_wconf 80' lang='lat' dir='ltr'><strong>Ecclesia</strong></span> <span class='ocrx_word' id='word_1_207' title='bbox 1731 2600 1871 2691; x_wconf 80' lang='lat' dir='ltr'><strong>perlec-</strong></span> 
     </span>
     <span class='ocr_line' id='line_1_21' title="bbox 437 2693 1873 2788; baseline 0.003 -28"><span class='ocrx_word' id='word_1_208' title='bbox 437 2693 567 2762; x_wconf 86' lang='lat' dir='ltr'><strong>tionem</strong></span> <span class='ocrx_word' id='word_1_209' title='bbox 593 2696 831 2788; x_wconf 84' lang='lat' dir='ltr'><strong>evangelicam</strong></span> <span class='ocrx_word' id='word_1_210' title='bbox 859 2695 1072 2782; x_wconf 79' lang='lat' dir='ltr'><strong>defendere,</strong></span> <span class='ocrx_word' id='word_1_211' title='bbox 1098 2708 1134 2766; x_wconf 89' lang='lat' dir='ltr'><strong>et</strong></span> <span class='ocrx_word' id='word_1_212' title='bbox 1158 2697 1260 2783; x_wconf 88' lang='lat' dir='ltr'><strong>ideo,</strong></span> <span class='ocrx_word' id='word_1_213' title='bbox 1291 2708 1328 2765; x_wconf 94' lang='lat' dir='ltr'><strong>ut</strong></span> <span class='ocrx_word' id='word_1_214' title='bbox 1354 2697 1492 2782; x_wconf 91' lang='lat' dir='ltr'><strong>dicunt,</strong></span> <span class='ocrx_word' id='word_1_215' title='bbox 1522 2697 1680 2788; x_wconf 90' lang='lat' dir='ltr'><strong>papalem</strong></span> <span class='ocrx_word' id='word_1_216' title='bbox 1711 2696 1873 2788; x_wconf 84' lang='lat' dir='ltr'><strong>perdidit</strong></span> 
     </span>
     <span class='ocr_line' id='line_1_22' title="bbox 437 2793 1870 2889; baseline 0.003 -31"><span class='ocrx_word' id='word_1_217' title='bbox 437 2803 644 2881; x_wconf 82' lang='lat' dir='ltr'><strong>potestatem</strong></span> <span class='ocrx_word' id='word_1_218' title='bbox 665 2813 730 2864; x_wconf 87' lang='lat' dir='ltr'><strong>nec</strong></span> <span class='ocrx_word' id='word_1_219' title='bbox 744 2814 824 2864; x_wconf 92' lang='lat' dir='ltr'><strong>eum</strong></span> <span class='ocrx_word' id='word_1_220' title='bbox 842 2793 990 2863; x_wconf 90' lang='lat' dir='ltr'><strong>credunt</strong></span> <span class='ocrx_word' id='word_1_221' title='bbox 1009 2816 1088 2864; x_wconf 88' lang='lat' dir='ltr'><strong>esse</strong></span> <span class='ocrx_word' id='word_1_222' title='bbox 1104 2815 1228 2889; x_wconf 91' lang='lat' dir='ltr'><strong>papam</strong></span> <span class='ocrx_word' id='word_1_223' title='bbox 1244 2803 1280 2863; x_wconf 89' lang='lat' dir='ltr'><strong>et</strong></span> <span class='ocrx_word' id='word_1_224' title='bbox 1297 2794 1392 2885; x_wconf 92' lang='lat' dir='ltr'><strong>quod</strong></span> <span class='ocrx_word' id='word_1_225' title='bbox 1411 2816 1480 2865; x_wconf 94' lang='lat' dir='ltr'><strong>uon</strong></span> <span class='ocrx_word' id='word_1_226' title='bbox 1500 2805 1553 2864; x_wconf 88' lang='lat' dir='ltr'><strong>est</strong></span> <span class='ocrx_word' id='word_1_227' title='bbox 1573 2797 1608 2864; x_wconf 93' lang='lat' dir='ltr'><strong>ei</strong></span> <span class='ocrx_word' id='word_1_228' title='bbox 1624 2794 1870 2864; x_wconf 70' lang='lat' dir='ltr'><strong>obediendu-</strong></span> 
     </span>
     <span class='ocr_line' id='line_1_23' title="bbox 437 2887 1873 2986; baseline 0.005 -33"><span class='ocrx_word' id='word_1_229' title='bbox 437 2887 472 2956; x_wconf 93' lang='lat' dir='ltr'><strong>in</strong></span> <span class='ocrx_word' id='word_1_230' title='bbox 497 2887 617 2980; x_wconf 85' lang='lat' dir='ltr'><strong>aliquo</strong></span> <span class='ocrx_word' id='word_1_231' title='bbox 643 2913 663 2962; x_wconf 91' lang='lat' dir='ltr'><strong>a</strong></span> <span class='ocrx_word' id='word_1_232' title='bbox 688 2890 878 2986; x_wconf 86' lang='lat' dir='ltr'><strong>fidelibus,</strong></span> <span class='ocrx_word' id='word_1_233' title='bbox 898 2902 933 2960; x_wconf 87' lang='lat' dir='ltr'><strong>et</strong></span> <span class='ocrx_word' id='word_1_234' title='bbox 955 2893 1050 2982; x_wconf 91' lang='lat' dir='ltr'><strong>qnod</strong></span> <span class='ocrx_word' id='word_1_235' title='bbox 1077 2913 1123 2962; x_wconf 85' lang='lat' dir='ltr'><strong>ex</strong></span> <span class='ocrx_word' id='word_1_236' title='bbox 1148 2903 1230 2960; x_wconf 93' lang='lat' dir='ltr'><strong>tunc</strong></span> <span class='ocrx_word' id='word_1_237' title='bbox 1256 2893 1395 2963; x_wconf 90' lang='lat' dir='ltr'><strong>vacavit</strong></span> <span class='ocrx_word' id='word_1_238' title='bbox 1421 2901 1579 2985; x_wconf 90' lang='lat' dir='ltr'><strong>papatus.</strong></span> <span class='ocrx_word' id='word_1_239' title='bbox 1610 2892 1717 2978; x_wconf 90' lang='lat' dir='ltr'><strong>item,</strong></span> <span class='ocrx_word' id='word_1_240' title='bbox 1742 2892 1873 2962; x_wconf 90' lang='lat' dir='ltr'><strong>dicunt</strong></span> 
     </span>
     <span class='ocr_line' id='line_1_24' title="bbox 437 2984 1874 3087; baseline 0.003 -33"><span class='ocrx_word' id='word_1_241' title='bbox 437 2986 531 3076; x_wconf 91' lang='lat' dir='ltr'><strong>quod</strong></span> <span class='ocrx_word' id='word_1_242' title='bbox 546 3008 668 3060; x_wconf 87' lang='lat' dir='ltr'><strong>omnes</strong></span> <span class='ocrx_word' id='word_1_243' title='bbox 682 2990 731 3058; x_wconf 92' lang='lat' dir='ltr'><strong>illi</strong></span> <span class='ocrx_word' id='word_1_244' title='bbox 747 2989 894 3082; x_wconf 89' lang='lat' dir='ltr'><strong>Bequini</strong></span> <span class='ocrx_word' id='word_1_245' title='bbox 911 2989 1105 3080; x_wconf 82' lang='lat' dir='ltr'><strong>vulgariter</strong></span> <span class='ocrx_word' id='word_1_246' title='bbox 1118 2984 1330 3087; x_wconf 87' lang='lat' dir='ltr'><strong>a[p]pellati,</strong></span> <span class='ocrx_word' id='word_1_247' title='bbox 1343 2989 1404 3082; x_wconf 93' lang='lat' dir='ltr'><strong>qui</strong></span> <span class='ocrx_word' id='word_1_248' title='bbox 1420 3012 1460 3060; x_wconf 89' lang='lat' dir='ltr'><strong>se</strong></span> <span class='ocrx_word' id='word_1_249' title='bbox 1478 2991 1572 3082; x_wconf 88' lang='lat' dir='ltr'><strong>ipsos</strong></span> <span class='ocrx_word' id='word_1_250' title='bbox 1583 2989 1719 3060; x_wconf 85' lang='lat' dir='ltr'><strong>Fratres</strong></span> <span class='ocrx_word' id='word_1_251' title='bbox 1730 2989 1874 3083; x_wconf 87' lang='lat' dir='ltr'><strong>Paupe-</strong></span> 
     </span>
     <span class='ocr_line' id='line_1_25' title="bbox 438 3082 1873 3183; baseline 0.004 -33"><span class='ocrx_word' id='word_1_252' title='bbox 438 3103 494 3152; x_wconf 90' lang='lat' dir='ltr'><strong>res</strong></span> <span class='ocrx_word' id='word_1_253' title='bbox 509 3083 554 3154; x_wconf 91' lang='lat' dir='ltr'><strong>de</strong></span> <span class='ocrx_word' id='word_1_254' title='bbox 572 3088 763 3179; x_wconf 90' lang='lat' dir='ltr'><strong>penitentia</strong></span> <span class='ocrx_word' id='word_1_255' title='bbox 778 3087 823 3158; x_wconf 89' lang='lat' dir='ltr'><strong>de</strong></span> <span class='ocrx_word' id='word_1_256' title='bbox 841 3089 949 3158; x_wconf 86' lang='lat' dir='ltr'><strong>tercio</strong></span> <span class='ocrx_word' id='word_1_257' title='bbox 963 3088 1087 3157; x_wconf 92' lang='lat' dir='ltr'><strong>ordine</strong></span> <span class='ocrx_word' id='word_1_258' title='bbox 1101 3087 1216 3156; x_wconf 92' lang='lat' dir='ltr'><strong>Sancti</strong></span> <span class='ocrx_word' id='word_1_259' title='bbox 1233 3086 1405 3158; x_wconf 71' lang='lat' dir='ltr'><strong>francisci</strong></span> <span class='ocrx_word' id='word_1_260' title='bbox 1420 3082 1642 3183; x_wconf 88' lang='lat' dir='ltr'><strong>a[p]pellant,</strong></span> <span class='ocrx_word' id='word_1_261' title='bbox 1660 3087 1771 3178; x_wconf 88' lang='lat' dir='ltr'><strong>quiin</strong></span> <span class='ocrx_word' id='word_1_262' title='bbox 1790 3087 1873 3156; x_wconf 89' lang='lat' dir='ltr'><strong>istis</strong></span> 
     </span>
     <span class='ocr_line' id='line_1_26' title="bbox 439 3180 1869 3278; baseline 0.005 -30"><span class='ocrx_word' id='word_1_263' title='bbox 439 3180 550 3250; x_wconf 91' lang='lat' dir='ltr'><strong>tribus</strong></span> <span class='ocrx_word' id='word_1_264' title='bbox 569 3185 670 3255; x_wconf 89' lang='lat' dir='ltr'><strong>annis</strong></span> <span class='ocrx_word' id='word_1_265' title='bbox 695 3185 987 3278; x_wconf 88' lang='lat' dir='ltr'><strong>precedentibus,</strong></span> <span class='ocrx_word' id='word_1_266' title='bbox 1010 3185 1174 3256; x_wconf 88' lang='lat' dir='ltr'><strong>videlicet</strong></span> <span class='ocrx_word' id='word_1_267' title='bbox 1192 3184 1237 3254; x_wconf 91' lang='lat' dir='ltr'><strong>ab</strong></span> <span class='ocrx_word' id='word_1_268' title='bbox 1256 3206 1350 3255; x_wconf 92' lang='lat' dir='ltr'><strong>auno</strong></span> <span class='ocrx_word' id='word_1_269' title='bbox 1370 3184 1507 3255; x_wconf 80' lang='lat' dir='ltr'><strong>llormm</strong></span> <span class='ocrx_word' id='word_1_270' title='bbox 1528 3186 1589 3257; x_wconf 75' lang='lat' dir='ltr'><strong>M0.</strong></span> <span class='ocrx_word' id='word_1_271' title='bbox 1607 3184 1708 3256; x_wconf 69' lang='lat' dir='ltr'>GOC‘.</span> <span class='ocrx_word' id='word_1_272' title='bbox 1728 3185 1869 3255; x_wconf 61' lang='lat' dir='ltr'><strong>xvttte.</strong></span> 
     </span>
     <span class='ocr_line' id='line_1_27' title="bbox 437 3278 1871 3377; baseline 0.003 -31"><span class='ocrx_word' id='word_1_273' title='bbox 437 3278 545 3354; x_wconf 79' lang='lat' dir='ltr'><strong>citra,</strong></span> <span class='ocrx_word' id='word_1_274' title='bbox 568 3283 709 3355; x_wconf 88' lang='lat' dir='ltr'><strong>luerunt</strong></span> <span class='ocrx_word' id='word_1_275' title='bbox 729 3304 792 3377; x_wconf 91' lang='lat' dir='ltr'><strong>per</strong></span> <span class='ocrx_word' id='word_1_276' title='bbox 811 3283 978 3372; x_wconf 88' lang='lat' dir='ltr'><strong>juditium</strong></span> <span class='ocrx_word' id='word_1_277' title='bbox 1004 3282 1214 3376; x_wconf 87' lang='lat' dir='ltr'><strong>prelatorum</strong></span> <span class='ocrx_word' id='word_1_278' title='bbox 1235 3293 1269 3352; x_wconf 90' lang='lat' dir='ltr'><strong>et</strong></span> <span class='ocrx_word' id='word_1_279' title='bbox 1295 3283 1541 3374; x_wconf 90' lang='lat' dir='ltr'><strong>inquisitorum</strong></span> <span class='ocrx_word' id='word_1_280' title='bbox 1567 3283 1720 3353; x_wconf 87' lang='lat' dir='ltr'><strong>heretice</strong></span> <span class='ocrx_word' id='word_1_281' title='bbox 1745 3283 1871 3375; x_wconf 87' lang='lat' dir='ltr'><strong>pravi·</strong></span> 
     </span>
     <span class='ocr_line' id='line_1_28' title="bbox 438 3378 1873 3474; baseline 0.003 -30"><span class='ocrx_word' id='word_1_282' title='bbox 438 3378 521 3445; x_wconf 87' lang='lat' dir='ltr'><strong>tatis</strong></span> <span class='ocrx_word' id='word_1_283' title='bbox 541 3380 636 3451; x_wconf 82' lang='lat' dir='ltr'><strong>velut</strong></span> <span class='ocrx_word' id='word_1_284' title='bbox 655 3380 800 3452; x_wconf 89' lang='lat' dir='ltr'><strong>heretici</strong></span> <span class='ocrx_word' id='word_1_285' title='bbox 813 3381 1062 3473; x_wconf 87' lang='lat' dir='ltr'><strong>condempnati</strong></span> <span class='ocrx_word' id='word_1_286' title='bbox 1082 3381 1116 3449; x_wconf 91' lang='lat' dir='ltr'><strong>iu</strong></span> <span class='ocrx_word' id='word_1_287' title='bbox 1137 3381 1318 3474; x_wconf 87' lang='lat' dir='ltr'><strong>provincia</strong></span> <span class='ocrx_word' id='word_1_288' title='bbox 1337 3381 1574 3465; x_wconf 87' lang='lat' dir='ltr'><strong>Narbonensi,</strong></span> <span class='ocrx_word' id='word_1_289' title='bbox 1595 3381 1762 3452; x_wconf 87' lang='lat' dir='ltr'><strong>videlicet</strong></span> <span class='ocrx_word' id='word_1_290' title='bbox 1780 3379 1873 3448; x_wconf 91' lang='lat' dir='ltr'><strong>Nar·</strong></span> 
     </span>
     <span class='ocr_line' id='line_1_29' title="bbox 439 3473 1873 3573; baseline 0.001 -30"><span class='ocrx_word' id='word_1_291' title='bbox 439 3473 554 3560; x_wconf 89' lang='lat' dir='ltr'><strong>boue,</strong></span> <span class='ocrx_word' id='word_1_292' title='bbox 576 3482 611 3548; x_wconf 90' lang='lat' dir='ltr'><strong>in</strong></span> <span class='ocrx_word' id='word_1_293' title='bbox 638 3479 903 3573; x_wconf 86' lang='lat' dir='ltr'><strong>Capitestagno,</strong></span> <span class='ocrx_word' id='word_1_294' title='bbox 924 3477 1080 3548; x_wconf 88' lang='lat' dir='ltr'><strong>Bitterris</strong></span> <span class='ocrx_word' id='word_1_295' title='bbox 1099 3491 1134 3548; x_wconf 93' lang='lat' dir='ltr'><strong>et</strong></span> <span class='ocrx_word' id='word_1_296' title='bbox 1158 3478 1251 3570; x_wconf 86' lang='lat' dir='ltr'><strong>apud</strong></span> <span class='ocrx_word' id='word_1_297' title='bbox 1276 3479 1476 3562; x_wconf 86' lang='lat' dir='ltr'><strong>Lodovam,</strong></span> <span class='ocrx_word' id='word_1_298' title='bbox 1494 3491 1530 3548; x_wconf 89' lang='lat' dir='ltr'><strong>et</strong></span> <span class='ocrx_word' id='word_1_299' title='bbox 1553 3479 1587 3548; x_wconf 95' lang='lat' dir='ltr'><strong>in</strong></span> <span class='ocrx_word' id='word_1_300' title='bbox 1608 3479 1752 3571; x_wconf 75' lang='lat' dir='ltr'><strong>dyocesi</strong></span> <span class='ocrx_word' id='word_1_301' title='bbox 1774 3475 1873 3568; x_wconf 79' lang='lat' dir='ltr'><strong>Aga·</strong></span> 
     </span>
     <span class='ocr_line' id='line_1_30' title="bbox 439 3571 1873 3670; baseline 0.004 -30"><span class='ocrx_word' id='word_1_302' title='bbox 439 3571 570 3661; x_wconf 89' lang='lat' dir='ltr'><strong>theusi,</strong></span> <span class='ocrx_word' id='word_1_303' title='bbox 587 3586 622 3646; x_wconf 88' lang='lat' dir='ltr'><strong>el</strong></span> <span class='ocrx_word' id='word_1_304' title='bbox 635 3578 728 3670; x_wconf 87' lang='lat' dir='ltr'><strong>apud</strong></span> <span class='ocrx_word' id='word_1_305' title='bbox 746 3576 926 3647; x_wconf 77' lang='lat' dir='ltr'><strong>lunellum</strong></span> <span class='ocrx_word' id='word_1_306' title='bbox 943 3576 1200 3667; x_wconf 87' lang='lat' dir='ltr'><strong>Magalonensis</strong></span> <span class='ocrx_word' id='word_1_307' title='bbox 1213 3576 1389 3670; x_wconf 80' lang='lat' dir='ltr'><strong>dyocesis,</strong></span> <span class='ocrx_word' id='word_1_308' title='bbox 1406 3577 1466 3668; x_wconf 91' lang='lat' dir='ltr'><strong>qui</strong></span> <span class='ocrx_word' id='word_1_309' title='bbox 1482 3577 1672 3647; x_wconf 88' lang='lat' dir='ltr'><strong>credebant</strong></span> <span class='ocrx_word' id='word_1_310' title='bbox 1690 3577 1873 3669; x_wconf 88' lang='lat' dir='ltr'><strong>predictos</strong></span> 
     </span>
     <span class='ocr_line' id='line_1_31' title="bbox 441 3668 1875 3767; baseline 0.003 -29"><span class='ocrx_word' id='word_1_311' title='bbox 441 3668 527 3738; x_wconf 71' lang='grc' dir='ltr'><strong>1111Μ</strong></span> <span class='ocrx_word' id='word_1_312' title='bbox 546 3674 670 3745; x_wconf 89' lang='lat' dir='ltr'><strong>iratres</strong></span> <span class='ocrx_word' id='word_1_313' title='bbox 687 3675 839 3745; x_wconf 86' lang='lat' dir='ltr'><strong>Minores</strong></span> <span class='ocrx_word' id='word_1_314' title='bbox 860 3695 938 3744; x_wconf 91' lang='lat' dir='ltr'><strong>esse</strong></span> <span class='ocrx_word' id='word_1_315' title='bbox 957 3685 1096 3746; x_wconf 92' lang='lat' dir='ltr'><strong>sanctos</strong></span> <span class='ocrx_word' id='word_1_316' title='bbox 1117 3686 1289 3767; x_wconf 74' lang='lat' dir='ltr'><strong>martyres</strong></span> <span class='ocrx_word' id='word_1_317' title='bbox 1312 3687 1347 3744; x_wconf 89' lang='lat' dir='ltr'><strong>et</strong></span> <span class='ocrx_word' id='word_1_318' title='bbox 1368 3675 1560 3745; x_wconf 88' lang='lat' dir='ltr'><strong>credebant</strong></span> <span class='ocrx_word' id='word_1_319' title='bbox 1584 3687 1619 3744; x_wconf 88' lang='lat' dir='ltr'><strong>et</strong></span> <span class='ocrx_word' id='word_1_320' title='bbox 1648 3674 1815 3743; x_wconf 88' lang='lat' dir='ltr'><strong>tenebant</strong></span> <span class='ocrx_word' id='word_1_321' title='bbox 1832 3682 1875 3743; x_wconf 85' lang='lat' dir='ltr'><strong>et</strong></span> 
     </span>
     <span class='ocr_line' id='line_1_32' title="bbox 439 3766 1875 3868; baseline 0.003 -31"><span class='ocrx_word' id='word_1_322' title='bbox 439 3769 640 3842; x_wconf 88' lang='lat' dir='ltr'><strong>sentiebant</strong></span> <span class='ocrx_word' id='word_1_323' title='bbox 658 3774 748 3843; x_wconf 90' lang='lat' dir='ltr'><strong>sicot</strong></span> <span class='ocrx_word' id='word_1_324' title='bbox 768 3773 835 3866; x_wconf 90' lang='lat' dir='ltr'><strong>ipsi</strong></span> <span class='ocrx_word' id='word_1_325' title='bbox 854 3772 899 3842; x_wconf 89' lang='lat' dir='ltr'><strong>de</strong></span> <span class='ocrx_word' id='word_1_326' title='bbox 922 3784 1126 3865; x_wconf 88' lang='lat' dir='ltr'><strong>paupertate</strong></span> <span class='ocrx_word' id='word_1_327' title='bbox 1147 3766 1188 3868; x_wconf 77' lang='grc' dir='ltr'><strong>[Ιο</strong></span> <span class='ocrx_word' id='word_1_328' title='bbox 1210 3768 1278 3839; x_wconf 84' lang='grc'><strong>115</strong></span> <span class='ocrx_word' id='word_1_329' title='bbox 1297 3767 1333 3867; x_wconf 77' lang='lat' dir='ltr'><strong>b]</strong></span> <span class='ocrx_word' id='word_1_330' title='bbox 1356 3772 1558 3863; x_wconf 89' lang='lat' dir='ltr'><strong>evangelica</strong></span> <span class='ocrx_word' id='word_1_331' title='bbox 1579 3785 1614 3842; x_wconf 90' lang='lat' dir='ltr'><strong>et</strong></span> <span class='ocrx_word' id='word_1_332' title='bbox 1632 3771 1677 3841; x_wconf 89' lang='lat' dir='ltr'><strong>de</strong></span> <span class='ocrx_word' id='word_1_333' title='bbox 1695 3781 1875 3864; x_wconf 85' lang='lat' dir='ltr'><strong>potestate</strong></span> 
     </span>
     <span class='ocr_line' id='line_1_33' title="bbox 440 3868 1872 3963; baseline 0.002 -28"><span class='ocrx_word' id='word_1_334' title='bbox 440 3886 548 3958; x_wconf 91' lang='lat' dir='ltr'><strong>pape,</strong></span> <span class='ocrx_word' id='word_1_335' title='bbox 570 3870 736 3942; x_wconf 85' lang='lat' dir='ltr'><strong>videlicet</strong></span> <span class='ocrx_word' id='word_1_336' title='bbox 754 3870 848 3963; x_wconf 90' lang='lat' dir='ltr'><strong>quod</strong></span> <span class='ocrx_word' id='word_1_337' title='bbox 866 3891 942 3941; x_wconf 91' lang='lat' dir='ltr'><strong>eam</strong></span> <span class='ocrx_word' id='word_1_338' title='bbox 962 3870 1116 3961; x_wconf 89' lang='lat' dir='ltr'><strong>perdidit</strong></span> <span class='ocrx_word' id='word_1_339' title='bbox 1134 3880 1170 3940; x_wconf 89' lang='lat' dir='ltr'><strong>et</strong></span> <span class='ocrx_word' id='word_1_340' title='bbox 1188 3868 1283 3960; x_wconf 89' lang='lat' dir='ltr'><strong>qnod</strong></span> <span class='ocrx_word' id='word_1_341' title='bbox 1297 3874 1341 3940; x_wconf 89' lang='lat' dir='ltr'><strong>sit</strong></span> <span class='ocrx_word' id='word_1_342' title='bbox 1362 3871 1473 3940; x_wconf 85' lang='lat' dir='ltr'><strong>iactus</strong></span> <span class='ocrx_word' id='word_1_343' title='bbox 1490 3869 1683 3951; x_wconf 89' lang='lat' dir='ltr'><strong>hereticus,</strong></span> <span class='ocrx_word' id='word_1_344' title='bbox 1705 3881 1739 3938; x_wconf 91' lang='lat' dir='ltr'><strong>et</strong></span> <span class='ocrx_word' id='word_1_345' title='bbox 1758 3871 1872 3938; x_wconf 88' lang='lat' dir='ltr'><strong>ctiam</strong></span> 
     </span>
     <span class='ocr_line' id='line_1_34' title="bbox 441 3965 1873 4061; baseline 0.003 -29"><span class='ocrx_word' id='word_1_346' title='bbox 441 3966 562 4056; x_wconf 91' lang='lat' dir='ltr'><strong>prelati</strong></span> <span class='ocrx_word' id='word_1_347' title='bbox 588 3980 623 4037; x_wconf 87' lang='lat' dir='ltr'><strong>et</strong></span> <span class='ocrx_word' id='word_1_348' title='bbox 648 3969 873 4061; x_wconf 88' lang='lat' dir='ltr'><strong>inquisitores</strong></span> <span class='ocrx_word' id='word_1_349' title='bbox 892 3973 954 4060; x_wconf 90' lang='lat' dir='ltr'><strong>qni</strong></span> <span class='ocrx_word' id='word_1_350' title='bbox 981 3968 1094 4040; x_wconf 88' lang='lat' dir='ltr'><strong>dictos</strong></span> <span class='ocrx_word' id='word_1_351' title='bbox 1113 3969 1237 4037; x_wconf 85' lang='lat' dir='ltr'><strong>iratres</strong></span> <span class='ocrx_word' id='word_1_352' title='bbox 1265 3971 1438 4061; x_wconf 88' lang='lat' dir='ltr'><strong>persecuti</strong></span> <span class='ocrx_word' id='word_1_353' title='bbox 1463 3967 1604 4036; x_wconf 88' lang='lat' dir='ltr'><strong>luerunt</strong></span> <span class='ocrx_word' id='word_1_354' title='bbox 1627 3989 1672 4036; x_wconf 83' lang='lat' dir='ltr'><strong>ex</strong></span> <span class='ocrx_word' id='word_1_355' title='bbox 1699 3965 1765 4036; x_wconf 90' lang='lat' dir='ltr'><strong>hoc</strong></span> <span class='ocrx_word' id='word_1_356' title='bbox 1786 3967 1873 4036; x_wconf 86' lang='lat' dir='ltr'><strong>iacti</strong></span> 
     </span>
     <span class='ocr_line' id='line_1_35' title="bbox 438 4063 1874 4158; baseline 0.002 -27"><span class='ocrx_word' id='word_1_357' title='bbox 438 4075 520 4131; x_wconf 92' lang='lat' dir='ltr'><strong>sunt</strong></span> <span class='ocrx_word' id='word_1_358' title='bbox 538 4063 704 4154; x_wconf 88' lang='lat' dir='ltr'><strong>heretici;</strong></span> <span class='ocrx_word' id='word_1_359' title='bbox 725 4077 760 4137; x_wconf 87' lang='lat' dir='ltr'><strong>et</strong></span> <span class='ocrx_word' id='word_1_360' title='bbox 778 4066 873 4158; x_wconf 92' lang='lat' dir='ltr'><strong>quod</strong></span> <span class='ocrx_word' id='word_1_361' title='bbox 896 4066 1053 4136; x_wconf 91' lang='lat' dir='ltr'><strong>doctrina</strong></span> <span class='ocrx_word' id='word_1_362' title='bbox 1075 4066 1189 4135; x_wconf 89' lang='lat' dir='ltr'><strong>iratris</strong></span> <span class='ocrx_word' id='word_1_363' title='bbox 1204 4064 1293 4134; x_wconf 89' lang='lat' dir='ltr'><strong>Petri</strong></span> <span class='ocrx_word' id='word_1_364' title='bbox 1313 4065 1480 4135; x_wconf 80' lang='lat' dir='ltr'><strong>Iohannis</strong></span> <span class='ocrx_word' id='word_1_365' title='bbox 1494 4063 1585 4134; x_wconf 91' lang='lat' dir='ltr'><strong>Olivi</strong></span> <span class='ocrx_word' id='word_1_366' title='bbox 1603 4077 1673 4133; x_wconf 89' lang='lat' dir='ltr'><strong>tota</strong></span> <span class='ocrx_word' id='word_1_367' title='bbox 1688 4075 1763 4132; x_wconf 89' lang='lat' dir='ltr'><strong>erat</strong></span> <span class='ocrx_word' id='word_1_368' title='bbox 1781 4084 1874 4134; x_wconf 84' lang='lat' dir='ltr'><strong>vera</strong></span> 
     </span>
     <span class='ocr_line' id='line_1_36' title="bbox 437 4161 1873 4256; baseline 0.001 -26"><span class='ocrx_word' id='word_1_369' title='bbox 437 4172 472 4230; x_wconf 89' lang='lat' dir='ltr'><strong>et</strong></span> <span class='ocrx_word' id='word_1_370' title='bbox 489 4161 682 4252; x_wconf 90' lang='lat' dir='ltr'><strong>catholica,</strong></span> <span class='ocrx_word' id='word_1_371' title='bbox 704 4177 739 4235; x_wconf 91' lang='lat' dir='ltr'><strong>et</strong></span> <span class='ocrx_word' id='word_1_372' title='bbox 762 4165 857 4256; x_wconf 87' lang='lat' dir='ltr'><strong>quod</strong></span> <span class='ocrx_word' id='word_1_373' title='bbox 882 4165 1029 4234; x_wconf 87' lang='lat' dir='ltr'><strong>ecclesia</strong></span> <span class='ocrx_word' id='word_1_374' title='bbox 1048 4163 1216 4246; x_wconf 90' lang='lat' dir='ltr'><strong>carnalis,</strong></span> <span class='ocrx_word' id='word_1_375' title='bbox 1238 4163 1403 4234; x_wconf 88' lang='lat' dir='ltr'><strong>videlicet</strong></span> <span class='ocrx_word' id='word_1_376' title='bbox 1422 4163 1574 4232; x_wconf 83' lang='lat' dir='ltr'><strong>Romana</strong></span> <span class='ocrx_word' id='word_1_377' title='bbox 1594 4161 1768 4247; x_wconf 83' lang='lat' dir='ltr'><strong>Ecclesia,</strong></span> <span class='ocrx_word' id='word_1_378' title='bbox 1791 4173 1873 4232; x_wconf 86' lang='lat' dir='ltr'><strong>erat</strong></span> 
     </span>
     <span class='ocr_line' id='line_1_37' title="bbox 437 4257 1872 4352; baseline 0.003 -27"><span class='ocrx_word' id='word_1_379' title='bbox 437 4257 583 4329; x_wconf 89' lang='lat' dir='ltr'><strong>Babilon</strong></span> <span class='ocrx_word' id='word_1_380' title='bbox 609 4265 775 4333; x_wconf 85' lang='lat' dir='ltr'><strong>meretrix</strong></span> <span class='ocrx_word' id='word_1_381' title='bbox 801 4283 927 4352; x_wconf 70' lang='lat' dir='ltr'><strong>mtzgna</strong></span> <span class='ocrx_word' id='word_1_382' title='bbox 954 4261 1166 4331; x_wconf 91' lang='lat' dir='ltr'><strong>destruenda</strong></span> <span class='ocrx_word' id='word_1_383' title='bbox 1193 4273 1228 4330; x_wconf 89' lang='lat' dir='ltr'><strong>et</strong></span> <span class='ocrx_word' id='word_1_384' title='bbox 1247 4261 1451 4346; x_wconf 90' lang='lat' dir='ltr'><strong>deicienda,</strong></span> <span class='ocrx_word' id='word_1_385' title='bbox 1474 4261 1564 4330; x_wconf 90' lang='lat' dir='ltr'><strong>sicut</strong></span> <span class='ocrx_word' id='word_1_386' title='bbox 1583 4261 1666 4330; x_wconf 93' lang='lat' dir='ltr'><strong>olim</strong></span> <span class='ocrx_word' id='word_1_387' title='bbox 1686 4258 1872 4329; x_wconf 90' lang='lat' dir='ltr'><strong>destructa</strong></span> 
     </span>
     <span class='ocr_line' id='line_1_38' title="bbox 437 4357 1869 4452; baseline 0 -28"><span class='ocrx_word' id='word_1_388' title='bbox 437 4357 501 4425; x_wconf 84' lang='lat' dir='ltr'><strong>luit</strong></span> <span class='ocrx_word' id='word_1_389' title='bbox 528 4378 706 4450; x_wconf 86' lang='lat' dir='ltr'><strong>synagoga</strong></span> <span class='ocrx_word' id='word_1_390' title='bbox 726 4360 848 4430; x_wconf 81' lang='lat' dir='ltr'><strong>ludeo·</strong></span> <span class='ocrx_word' id='word_1_391' title='bbox 861 4382 941 4445; x_wconf 89' lang='lat' dir='ltr'><strong>um,</strong></span> <span class='ocrx_word' id='word_1_392' title='bbox 965 4360 1153 4452; x_wconf 91' lang='lat' dir='ltr'><strong>incipiente</strong></span> <span class='ocrx_word' id='word_1_393' title='bbox 1178 4359 1334 4428; x_wconf 78' lang='lat' dir='ltr'><strong>ecclesia·</strong></span> <span class='ocrx_word' id='word_1_394' title='bbox 1347 4358 1536 4451; x_wconf 90' lang='lat' dir='ltr'><strong>primitiva.</strong></span> <span class='ocrx_word' id='word_1_395' title='bbox 1557 4357 1677 4444; x_wconf 86' lang='lat' dir='ltr'><strong>Tales,</strong></span> <span class='ocrx_word' id='word_1_396' title='bbox 1695 4359 1869 4446; x_wconf 87' lang='lat' dir='ltr'><strong>inquam,</strong></span> 
     </span>
     <span class='ocr_line' id='line_1_39' title="bbox 436 4449 1873 4551; baseline 0.001 -27"><span class='ocrx_word' id='word_1_397' title='bbox 436 4454 604 4545; x_wconf 83' lang='lat' dir='ltr'><strong>Mequini‚</strong></span> <span class='ocrx_word' id='word_1_398' title='bbox 625 4458 788 4550; x_wconf 90' lang='lat' dir='ltr'><strong>quamvis</strong></span> <span class='ocrx_word' id='word_1_399' title='bbox 806 4449 960 4551; x_wconf 90' lang='lat' dir='ltr'><strong>predicta</strong></span> <span class='ocrx_word' id='word_1_400' title='bbox 980 4461 1097 4527; x_wconf 93' lang='lat' dir='ltr'><strong>omnia</strong></span> <span class='ocrx_word' id='word_1_401' title='bbox 1115 4458 1300 4527; x_wconf 88' lang='lat' dir='ltr'><strong>crederent</strong></span> <span class='ocrx_word' id='word_1_402' title='bbox 1319 4467 1354 4526; x_wconf 91' lang='lat' dir='ltr'><strong>et</strong></span> <span class='ocrx_word' id='word_1_403' title='bbox 1371 4456 1619 4541; x_wconf 79' lang='lat' dir='ltr'><strong>defenderent,</strong></span> <span class='ocrx_word' id='word_1_404' title='bbox 1642 4455 1805 4535; x_wconf 88' lang='lat' dir='ltr'><strong>luerunt,</strong></span> <span class='ocrx_word' id='word_1_405' title='bbox 1830 4469 1873 4525; x_wconf 92' lang='lat' dir='ltr'><strong>ut</strong></span> 
     </span>
     <span class='ocr_line' id='line_1_40' title="bbox 437 4551 1873 4648; baseline 0.001 -27"><span class='ocrx_word' id='word_1_406' title='bbox 437 4553 578 4647; x_wconf 82' lang='lat' dir='ltr'><strong>dicunt,</strong></span> <span class='ocrx_word' id='word_1_407' title='bbox 599 4556 848 4648; x_wconf 90' lang='lat' dir='ltr'><strong>condempnati</strong></span> <span class='ocrx_word' id='word_1_408' title='bbox 867 4556 996 4645; x_wconf 84' lang='lat' dir='ltr'><strong>injuste</strong></span> <span class='ocrx_word' id='word_1_409' title='bbox 1012 4568 1047 4625; x_wconf 94' lang='lat' dir='ltr'><strong>et</strong></span> <span class='ocrx_word' id='word_1_410' title='bbox 1065 4576 1128 4648; x_wconf 91' lang='lat' dir='ltr'><strong>pro</strong></span> <span class='ocrx_word' id='word_1_411' title='bbox 1145 4556 1294 4624; x_wconf 86' lang='lat' dir='ltr'><strong>veritate</strong></span> <span class='ocrx_word' id='word_1_412' title='bbox 1312 4553 1554 4635; x_wconf 74' lang='lat' dir='ltr'><strong>defendenda,</strong></span> <span class='ocrx_word' id='word_1_413' title='bbox 1576 4567 1611 4622; x_wconf 90' lang='lat' dir='ltr'><strong>et</strong></span> <span class='ocrx_word' id='word_1_414' title='bbox 1635 4574 1704 4623; x_wconf 92' lang='lat' dir='ltr'><strong>non</strong></span> <span class='ocrx_word' id='word_1_415' title='bbox 1724 4551 1873 4623; x_wconf 86' lang='lat' dir='ltr'><strong>luerunt</strong></span> 
     </span>
     <span class='ocr_line' id='line_1_41' title="bbox 438 4649 1868 4740; baseline 0.001 -21"><span class='ocrx_word' id='word_1_416' title='bbox 438 4649 580 4721; x_wconf 90' lang='lat' dir='ltr'><strong>heretici</strong></span> <span class='ocrx_word' id='word_1_417' title='bbox 601 4665 654 4723; x_wconf 91' lang='lat' dir='ltr'><strong>set</strong></span> <span class='ocrx_word' id='word_1_418' title='bbox 673 4654 856 4738; x_wconf 88' lang='lat' dir='ltr'><strong>catholici,</strong></span> <span class='ocrx_word' id='word_1_419' title='bbox 878 4665 914 4723; x_wconf 88' lang='lat' dir='ltr'><strong>ct</strong></span> <span class='ocrx_word' id='word_1_420' title='bbox 933 4654 1055 4723; x_wconf 90' lang='lat' dir='ltr'><strong>dicunt</strong></span> <span class='ocrx_word' id='word_1_421' title='bbox 1079 4675 1139 4723; x_wconf 92' lang='lat' dir='ltr'><strong>eos</strong></span> <span class='ocrx_word' id='word_1_422' title='bbox 1159 4673 1237 4722; x_wconf 90' lang='lat' dir='ltr'><strong>esse</strong></span> <span class='ocrx_word' id='word_1_423' title='bbox 1257 4672 1373 4722; x_wconf 91' lang='lat' dir='ltr'><strong>coram</strong></span> <span class='ocrx_word' id='word_1_424' title='bbox 1398 4653 1468 4721; x_wconf 88' lang='lat' dir='ltr'><strong>lleo</strong></span> <span class='ocrx_word' id='word_1_425' title='bbox 1496 4651 1653 4720; x_wconf 87' lang='lat' dir='ltr'><strong>martires</strong></span> <span class='ocrx_word' id='word_1_426' title='bbox 1677 4650 1868 4740; x_wconf 88' lang='lat' dir='ltr'><strong>gloriosos.</strong></span> 
     </span>
     <span class='ocr_line' id='line_1_42' title="bbox 436 4747 1872 4843; baseline 0.002 -27"><span class='ocrx_word' id='word_1_427' title='bbox 436 4748 540 4834; x_wconf 86' lang='lat' dir='ltr'><strong>item,</strong></span> <span class='ocrx_word' id='word_1_428' title='bbox 561 4751 683 4822; x_wconf 90' lang='lat' dir='ltr'><strong>dicunt</strong></span> <span class='ocrx_word' id='word_1_429' title='bbox 701 4752 795 4843; x_wconf 91' lang='lat' dir='ltr'><strong>quod</strong></span> <span class='ocrx_word' id='word_1_430' title='bbox 816 4751 968 4822; x_wconf 82' lang='lat' dir='ltr'><strong>Ecclesia</strong></span> <span class='ocrx_word' id='word_1_431' title='bbox 990 4751 1051 4821; x_wconf 88' lang='lat' dir='ltr'><strong>Dei</strong></span> <span class='ocrx_word' id='word_1_432' title='bbox 1072 4751 1188 4821; x_wconf 91' lang='lat' dir='ltr'><strong>adhuc</strong></span> <span class='ocrx_word' id='word_1_433' title='bbox 1205 4761 1431 4841; x_wconf 81' lang='lat' dir='ltr'><strong>recognoscet</strong></span> <span class='ocrx_word' id='word_1_434' title='bbox 1449 4749 1544 4842; x_wconf 93' lang='lat' dir='ltr'><strong>quod</strong></span> <span class='ocrx_word' id='word_1_435' title='bbox 1562 4750 1618 4818; x_wconf 90' lang='lat' dir='ltr'><strong>isti</strong></span> <span class='ocrx_word' id='word_1_436' title='bbox 1638 4748 1723 4816; x_wconf 74' lang='lat' dir='ltr'><strong>tltt⁰=</strong></span> <span class='ocrx_word' id='word_1_437' title='bbox 1741 4747 1872 4819; x_wconf 83' lang='lat' dir='ltr'><strong>iratres</strong></span> 
     </span>
     <span class='ocr_line' id='line_1_43' title="bbox 435 4845 1873 4942; baseline 0.001 -26"><span class='ocrx_word' id='word_1_438' title='bbox 435 4846 588 4918; x_wconf 91' lang='lat' dir='ltr'><strong>Minores</strong></span> <span class='ocrx_word' id='word_1_439' title='bbox 613 4861 649 4920; x_wconf 92' lang='lat' dir='ltr'><strong>et</strong></span> <span class='ocrx_word' id='word_1_440' title='bbox 680 4849 764 4920; x_wconf 93' lang='lat' dir='ltr'><strong>dicti</strong></span> <span class='ocrx_word' id='word_1_441' title='bbox 788 4848 934 4941; x_wconf 89' lang='lat' dir='ltr'><strong>Bequini</strong></span> <span class='ocrx_word' id='word_1_442' title='bbox 962 4849 1022 4942; x_wconf 92' lang='lat' dir='ltr'><strong>qui</strong></span> <span class='ocrx_word' id='word_1_443' title='bbox 1050 4849 1190 4919; x_wconf 87' lang='lat' dir='ltr'><strong>inerunt</strong></span> <span class='ocrx_word' id='word_1_444' title='bbox 1215 4848 1313 4918; x_wconf 85' lang='lat' dir='ltr'><strong>velut</strong></span> <span class='ocrx_word' id='word_1_445' title='bbox 1341 4847 1483 4918; x_wconf 90' lang='lat' dir='ltr'><strong>heretici</strong></span> <span class='ocrx_word' id='word_1_446' title='bbox 1508 4845 1754 4939; x_wconf 89' lang='lat' dir='ltr'><strong>condempnati</strong></span> <span class='ocrx_word' id='word_1_447' title='bbox 1783 4857 1873 4917; x_wconf 89' lang='lat' dir='ltr'><strong>sunt</strong></span> 
     </span>
    </p>
   </div>
   <div class='ocr_carea' id='block_1_3' title="bbox 472 5041 865 5145">
    <p class='ocr_par' dir='ltr' id='par_1_3' title="bbox 472 5041 865 5145">
     <span class='ocr_line' id='line_1_44' title="bbox 472 5041 865 5145; baseline -0.003 -15"><span class='ocrx_word' id='word_1_448' title='bbox 472 5078 509 5145; x_wconf 92' lang='lat' dir='ltr'><strong>(l)</strong></span> <span class='ocrx_word' id='word_1_449' title='bbox 530 5082 554 5134; x_wconf 79' lang='lat' dir='ltr'><strong>Is</strong></span> <span class='ocrx_word' id='word_1_450' title='bbox 570 5041 642 5132; x_wconf 86' lang='lat' dir='ltr'><strong>daris</strong></span> <span class='ocrx_word' id='word_1_451' title='bbox 657 5078 683 5131; x_wconf 88' lang='lat' dir='ltr'><strong>le</strong></span> <span class='ocrx_word' id='word_1_452' title='bbox 698 5077 865 5132; x_wconf 88' lang='lat' dir='ltr'><strong>manuscrit.</strong></span> 
     </span>
    </p>
   </div>
   <div class='ocr_carea' id='block_1_4' title="bbox 0 0 2324 6404">
    <p class='ocr_par' dir='ltr' id='par_1_4' title="bbox 0 0 2324 6404">
     <span class='ocr_line' id='line_1_45' title="bbox 0 0 2324 6404; baseline 0 0"><span class='ocrx_word' id='word_1_453' title='bbox 0 0 2324 6404; x_wconf 95' lang='lat' dir='ltr'><strong> </strong></span> 
     </span>
    </p>
   </div>
  </div>
 </body>
</html>
