4612 6404
431 634 501 707 777
776 648 779 653 ·
1086 651 1206 704 7770770.

535 779 640 865 Medus
655 778 837 851 supplicandi
851 786 880 835 et
901 778 1017 852 petendi
1038 778 1251 835 absolutionem
1272 794 1290 833 a
1311 777 1455 833 sententia
1469 776 1780 833 excommunicationis

535 866 858 978 utltlttlunn
873 887 1045 993 07007.
1059 886 1471 1047 snnannnnn
1485 886 1634 974 77007
1649 887 1774 975 air:
1816 848 1869 978 itt

430 994 474 1050 77.
495 992 599 1050 Forma
614 992 823 1065 pronunciandi
836 1008 926 1065 super
939 993 1020 1049 libris
1034 992 1196 1048 Judeorum
1210 992 1261 1065 qui
1299 989 1400 1047 almuti
1414 989 1593 1063 appellantur
1598 1028 1775 1047 ......
1817 990 1870 1048 tto

986 1183 1164 1258 QUnan
1185 1180 1309 1246 PARS.

464 1340 607 1413 Prologus
621 1349 651 1397 ct
665 1342 769 1397 divisio
782 1350 884 1413 quarte
896 1345 985 1415 partis
991 1378 1774 1399 .......................
1816 1339 1869 1466 (gd

430 1411 453 1468 7.
467 1411 640 1468 Commissio
656 1414 744 1469 officii
757 1414 955 1484 inquisitionis
961 1449 1772 1471 ........................
1814 1412 1828 1466 7
1851 1412 1869 1467 7

473 1485 500 1540 7.
515 1482 646 1551 Quodam
664 1485 885 1540 committuntur
908 1482 1128 1558 inquisitoribus
1142 1487 1221 1558 quod
1235 1486 1271 1542 ad
1287 1503 1321 1541 ea
1343 1483 1530 1556 suscipienda
1542 1491 1572 1538 et
1594 1485 1681 1539 etiam
1704 1498 1775 1538 exe-

556 1555 671 1627 quenda
685 1561 821 1611 tenentur
834 1573 871 1611 077
886 1565 1023 1630 precepto
1040 1558 1202 1614 obedientie
1220 1556 1377 1630 apostolice
1395 1555 1475 1612 sedis
1479 1591 1774 1610 .........
1816 1553 1869 1609 777

464 1625 492 1682 7.
509 1625 639 1693 Quodam
660 1628 881 1683 committuntur
895 1630 1118 1699 inquisitoribus
1133 1628 1211 1700 quod
1228 1628 1264 1685 ad
1284 1645 1318 1683 ea
1333 1625 1502 1699 exequenda
1515 1633 1652 1682 tenentur
1666 1640 1722 1681 non
1741 1640 1779 1680 ex

553 1707 698 1769 precepto,
716 1705 762 1753 set
776 1715 811 1753 ex
827 1698 952 1781 simplici
966 1702 1101 1756 mandato
1106 1734 1771 1756 ....................
1816 1695 1869 1751 7777

465 1767 492 1824 3.
507 1768 637 1836 Quadam
652 1771 873 1825 committuntur
886 1772 1107 1842 inquisitoribus
1123 1771 1200 1844 quod
1219 1771 1255 1827 ad
1271 1786 1371 1826 eorum
1388 1769 1589 1825 executionem
1603 1784 1662 1824 non
1676 1774 1779 1823 tenen-

555 1846 603 1894 tur
618 1856 671 1894 nec
683 1857 720 1895 ex
734 1849 880 1913 precepto,
898 1858 953 1897 nec
968 1860 1004 1898 ex
1019 1842 1153 1899 mandato
1158 1877 1772 1898 ..................
1815 1838 1869 1895 775

432 1909 471 1966 11.
485 1910 504 1965 J
508 1910 640 1966 nridictio
657 1927 709 1966 seu
726 1920 855 1983 potestas
869 1914 957 1969 officii
972 1915 1170 1986 inquisitionis
1175 1947 1772 1970 ..................
1816 1909 1870 1966 775

484 1983 510 2037 7.
525 1982 658 2037 Altitudo
673 1983 761 2037 olficii
775 1985 973 2054 inquisitionis
979 2019 1771 2040 .......................
1816 1980 1870 2036 776

482 2054 511 2110 2.
525 2052 689 2124 Longitudo
704 2055 790 2109 olficii
805 2056 1001 2125 inquisitionis
1003 2089 1772 2120 .......................
1817 2050 1870 2107 776

483 2125 509 2180 3.
525 2123 710 2179 Ρ7ο70007700
730 2141 783 2181 000
799 2127 929 2182 soliditas
944 2128 1031 2183 0777077
1046 2128 1269 2199 inquisitionis..
1298 2175 1303 2184 .
1334 2160 1769 2181 .............
1814 2121 1869 2178 776

512 2194 1782 2268 A)Excommunicatioinquisitorumlortiorceterisexcommunicationibusinquatuor.

554 2268 581 2335 a)
598 2264 727 2349 Possunt
740 2284 844 2339 cogere
859 2277 1018 2341 potestates
1033 2287 1086 2326 sen
1106 2282 1234 2326 rectores
1248 2270 1284 2325 ad
1300 2268 1495 2324 banniendum
1504 2282 1646 2339 personas
1659 2280 1779 2320 excom·
1816 2335 1869 2392 ¹76

593 2347 832 2393 municatasase
839 2375 1771 2396 ...........................

555 2407 579 2478 77)
603 2407 731 2464 Possunt
752 2411 885 2466 similiter
908 2428 1013 2483 cogere
1035 2419 1194 2485 potestates
1208 2429 1261 2468 sen
1277 2419 1405 2467 rectores
1423 2409 1459 2464 ad
1473 2407 1690 2465 confiscandum
1705 2407 1780 2463 bona

587 2481 903 2537 excommunicatorum
918 2500 935 2538 a
949 2500 982 2539 se
989 2516 1772 2539 .......................
1816 2478 1870 2534 777

552 2553 576 2618 0)
593 2549 725 2676 Possunt1
735 2555 924 2623 persistentes
940 2572 1107 2626 perannum
1121 2557 1150 2610 in
1165 2553 1464 2610 excommunicatione
1478 2568 1532 2608 sua
1545 2559 1681 2621 tanquam
1695 2548 1780 2603 bere·
1816 2621 1869 2675 m

585 2624 659 2676 ticos
677 2625 705 2676 'u
728 2623 803 2678 icare
808 2658 1774 2682 ............................

550 2693 578 2760 d)
595 2639 725 2748 Possirnt
739 2698 991 2752 excommunicare
1006 2714 1107 2753 omnes
1121 2699 1327 2770 participantes
1342 2703 1371 2751 et
1385 2696 1633 2750 communicantes
1647 2707 1715 2748 cnm
1730 2706 1782 2746 ex·

586 2765 809 2821 communicatis
828 2785 844 2821 a
859 2784 891 2822 se
898 2800 1775 2825 ..........................
1817 2762 1870 2819 778

516 2833 549 2897 Β)
568 2833 758 2890 Precellcntia
777 2839 968 2894 absolutionis
987 2841 1193 2912 inquisitorum
1197 2873 1770 2893 .................
1815 2833 1869 2889 778

514 2904 543 2970 0)
563 2905 697 2960 Potestas
716 2909 921 2977 inquisitorum
938 2911 966 2964 in
982 2911 1128 2981 puniendo
1144 2912 1228 2967 707770
1243 2918 1273 2966 07
1287 2910 1433 2966 excellens
1438 2944 1770 2962 ..........
1815 2903 1869 2961 779

548 2980 574 3040 α)
594 2975 724 3032 Possunt
740 2981 843 3049 punire
858 2982 886 3034 in
901 2997 1025 3052 persona
1028 3015 1771 3037 ......................
1815 2976 1870 3032 779

550 3049 575 3114 b)
592 3046 721 3103 Possunt
735 3053 837 3120 punire
851 3052 881 3105 in
895 3052 1057 3109 substantia
1072 3053 1214 3108 bonorum
1227 3063 1277 3108 aut
1293 3069 1402 3107 rernm.
1441 3085 1771 3105 ..........
1816 3046 1869 3103 780

550 3121 574 3184 7)
590 3116 721 3173 Possunt
734 3122 837 3191 punire
852 3122 883 3176 in
898 3123 974 3177 lama
980 3157 1770 3179 .......................
1815 3116 1867 3173 787

549 3190 577 3255 d)
594 3187 722 3245 Possunt
736 3194 838 3262 punire
853 3194 882 3248 in
898 3194 1008 3249 honore
1015 3227 1769 3250 ......................
1815 3188 1868 3245 787

549 3263 571 3327 7)
587 3259 678 3329 Vigor
693 3264 846 3332 potestatis
861 3264 947 3319 ollicii
961 3265 1157 3335 inquisitionis
1173 3267 1202 3321 in
1219 3268 1345 3336 hiisque
1360 3265 1580 3320 committuntur
1594 3260 1779 3333 inquisitori·

585 3332 640 3385 000
654 3334 823 3403 exequenda
833 3337 918 3405 J‘nxta
933 3335 1136 3392 discretionem
1156 3346 1186 3392 07
1199 3338 1350 3393 arbitrium
1365 3333 1547 3391 eorumdem.
1586 3371 1771 3387 ......
1815 3330 1868 3388 titt

548 3402 571 3468 ))
580 3401 743 3458 Notandum
755 3405 914 3461 incidenter
928 3409 1005 3478 qnod
1016 3409 1203 3479 inquisitores
1218 3409 1344 3464 heretice
1359 3407 1508 3478 pravitatis
1519 3405 1547 3459 in
1562 3404 1692 3476 partibus
1701 3401 1776 3457 Tho·

584 3474 1251 3542 losanisetGurcassonensibusconsueverunt,
1269 3480 1411 3549 stilusque
1426 3486 1537 3531 etusus
1551 3474 1776 3545 0700770007οί-

583 3545 671 3599 770070
685 3547 719 3600 ab
735 3547 852 3602 exordio
868 3565 925 3618 quo
941 3551 1048 3621 incepit
1064 3567 1155 3621 usque
1170 3551 1200 3606 in
1213 3551 1366 3606 odiernum
1381 3550 1458 3604 diem
1472 3548 1567 3602 extitit
1581 3555 1610 3601 et
1625 3546 1754 3601 cucurrit
1769 3588 1775 3610 ‚

587 3616 635 3669 ubi
650 3625 678 3671 07
692 3618 805 3687 qnando
820 3620 977 3690 expediens
987 3628 1016 3675 et
1030 3622 1196 3677 rationabile
1211 3624 1307 3677 visum
1322 3621 1419 3684 luerit,
1430 3620 1579 3689 assignare
1591 3627 1621 3672 07
1634 3615 1777 3688 prefigere

584 3693 698 3757 tempus
712 3691 816 3758 gratie,
841 3693 1031 3761 promittendo
1047 3693 1179 3748 videlicet
1193 3693 1314 3764 gratiam
1328 3699 1358 3746 et
1373 3690 1515 3746 servando
1530 3691 1704 3760 promissam
1717 3688 1775 3742 im·

586 3760 724 3828 punitatis
738 3764 849 3830 mortis,
866 3765 992 3818 00700770
1008 3765 1070 3818 0770
1089 3764 1173 3827 70077,
1189 3764 1266 3819 exilii
1286 3771 1315 3817 et
1330 3762 1547 3818 confiscationis
1563 3760 1736 3816 bonorum..
1765 3798 1772 3813 .
1816 3756 1871 3814 ist

460 3830 484 3883 7.
502 3827 634 3884 [antitodo
651 3831 737 3885 oifioii
754 3833 949 3902 inquisitionis
954 3869 1768 3892 ........................
1813 3828 1870 3885 785

509 3899 546 3969 Α)
562 3899 624 3966 Qus
638 3910 666 3956 07
680 3902 708 3955 70
725 3918 799 3972 quos
815 3912 939 3976 possunt
952 3906 1138 3976 inquisitores
1142 3939 1770 3960 ...................
1814 3898 1871 3956 785

546 3972 720 4096 7017000007
735 3975 922 4044 inquisitores
936 3976 1091 4047 procedere
1101 3977 1131 4031 70
1145 3976 1247 4034 eodem
1262 3976 1416 4039 simulne}
1431 3975 1595 4046 separatim.
1605 3979 1655 4028 aut
1669 3972 1775 4043 singu·
1815 4041 1869 4097 ¹86

593 4053 679 4098 arnter
686 4080 1770 4103 ...............................

550 4116 573 4180 o)
591 4115 718 4170 Possunt
734 4117 888 4186 procedere
901 4125 1001 4173 contra
1014 4135 1215 4191 quoscumque
1224 4118 1378 4180 hereticos,
1388 4124 1438 4172 ant
1447 4116 1483 4171 de
1495 4118 1635 4188 pravitate
1649 4114 1778 4168 heretica

586 4188 755 4257 culpabiles,
767 4189 812 4241 vel
826 4195 992 4259 suspectos,
1008 4206 1060 4245 sen
1076 4190 1161 4245 etiam
1170 4189 1340 4258 diffamatos,
1356 4197 1385 4243 et
1398 4196 1497 4243 contra
1512 4193 1715 4259 receptatores,
1727 4183 1778 4238 de-

582 4258 714 4312 70000700
729 4266 777 4313 007
791 4258 919 4314 70070700
938 4276 1039 4315 eorum
1046 4294 1770 4315 .....................
1815 4254 1871 4311 786

547 4328 569 4400 7)
588 4327 715 4384 Possunt
730 4329 916 4399 inquisitores
931 4332 1068 4386 omnibus
1082 4338 1112 4386 et
1126 4332 1251 4402 singulis
1259 4332 1295 4386 00
1312 4330 1450 4402 predictis
1459 4329 1553 4385 redire
1568 4326 1734 4383 volentibus
1742 4324 1779 4381 ad

582 4399 712 4454 Ecclesie
733 4403 870 4455 unitatem
885 4402 1078 4457 absolutionis
1093 4404 1266 4458 beneticinm
1282 4403 1438 4473 impartiri.
1479 4436 1772 4454 .........
1817 4396 1873 4454 786

546 4472 574 4538 0)
591 4471 636 4525 Ad
657 4471 846 4540 judicandum
872 4473 1015 4528 hereticos
1030 4475 1191 4529 obstinatos
1205 4475 1250 4527 vel
1269 4474 1303 4528 ad
1320 4472 1510 4543 infligendum
1525 4486 1628 4542 penam
1644 4469 1778 4542 perpetui

583 4544 707 4597 carceris
723 4545 784 4597 0770
800 4544 874 4598 70077
886 4550 1016 4614 poterant
1030 4545 1207 4599 etdebebant
1223 4546 1291 4600 olim
1301 4544 1488 4614 inquisitores
1505 4540 1662 4614 procedere
1676 4556 1727 4611 per
1743 4555 1776 4594 se

582 4616 591 4667 i
614 4630 673 4675 sos,
689 4615 733 4667 vel
746 4614 985 4685 dyocesanorum,
1003 4616 1047 4670 vel
1062 4616 1234 4671 vicariorum
1250 4617 1381 4687 ipsorum
1394 4615 1515 4669 consilio
1522 4650 1769 4668 ........
1815 4609 1871 4666 787

547 4687 570 4750 7)
586 4632 619 4740 iii
635 4687 846 4740 examinatione
860 4688 978 4741 testium
987 4686 1092 4742 debent
1106 4687 1241 4741 adhibere
1257 4703 1357 4741 secum
1373 4685 1445 4740 duas
1454 4700 1595 4757 personas
1611 4683 1773 4754 religiosas.
1816 4680 1872 4737 788

544 4757 570 4822 l)
587 4756 714 4812 Possunt
729 4759 884 4827 requirere,
895 4765 924 4811 07
939 4757 1069 4828 requisiti
1083 4757 1352 4825 tenenturobedire‚
1368 4756 1404 4812 ad
1419 4753 1664 4811 conscribendum
1680 4753 1773 4824 depo-

584 4830 704 4883 sitiones
721 4831 840 4885 testinm
847 4861 1770 4883 ...........................
1816 4821 1873 4879 788

546 4904 572 4966 9)
591 4899 716 4954 l'ossunt
732 4901 847 4954 0070700
862 4900 981 4954 70077007
996 4900 1157 4969 exprimere
1172 4916 1229 4953 non
1245 4899 1370 4970 publice,
1386 4905 1432 4953 set
1451 4903 1563 4953 secrete
1570 4932 1770 4950 .......
1815 4892 1874 4950 788

549 4971 577 5031 77)
595 4969 722 5024 Possunt
736 4974 915 5025 committere
931 4970 1004 5024 tria:
1021 4971 1172 5025 citationes
1187 4972 1305 5025 testium
1316 5014 1322 5035 ‚
1332 4969 1560 5024 examinationes
1574 4974 1604 5023 et
1617 4966 1778 5021 denuncia-

586 5042 680 5095 tiones
695 5043 903 5095 sententiarum
912 5076 1773 5096 .........................
1818 5036 1872 5094 787
