4612 6404
436 637 506 705 312
723 649 883 702 rarorum
910 648 1150 714 raomsrrturus
1178 648 1340 701 anasum
1365 649 1577 700 ammanus.

439 813 674 901 predictorum
695 807 962 878 constitutiones
982 811 1076 899 ipsas
1095 819 1130 876 et
1156 807 1293 897 singula
1321 806 1356 874 in
1377 807 1429 875 eis
1447 817 1611 876 contenta
1637 827 1784 877 serrare
1804 828 1868 878 no-

439 910 569 978 luerint
589 908 643 977 vel
665 905 904 996 neglexerint,
927 916 1043 997 preter
1066 915 1182 974 notam
1206 904 1347 996 perjurii
1376 916 1410 973 et
1431 915 1598 996 perpetue
1612 905 1789 994 J'acturam
1814 906 1868 975 in·

438 1008 563 1092 famia,
584 1005 811 1073 ducentarum
832 1002 1051 1072 marcharum
1074 1023 1197 1094 penam
1219 1001 1374 1070 incurrat
1394 1022 1465 1093 qne
1481 1002 1773 1072 irremissibiliter
1792 1004 1868 1073 exi·

439 1115 565 1195 gantur
580 1103 625 1171 ab
641 1122 683 1171 eo
702 1112 737 1170 et
754 1103 789 1167 in
808 1100 992 1169 utilitatem
1009 1100 1204 1171 communis
1218 1100 1274 1168 cui
1296 1112 1412 1192 preest
1431 1100 1567 1190 integre
1585 1112 1865 1169 convertantur:

440 1214 475 1272 et
491 1200 737 1270 nichilominus
759 1210 795 1266 ut
819 1193 1197 1295 [utotd]perj1nus‚
1218 1209 1252 1265 et
1275 1197 1437 1282 infamis,
1458 1208 1493 1265 et
1510 1208 1676 1288 tanquam
1699 1197 1871 1270 heretico

439 1320 515 1368 rum
537 1299 649 1368 lautor
669 1309 703 1367 et
723 1296 767 1364 de
786 1293 856 1364 fide
875 1307 1080 1387 suspectus,
1102 1294 1219 1365 officio
1240 1305 1276 1364 et
1297 1294 1431 1364 honore
1450 1296 1503 1363 sui
1533 1296 1717 1385 regiminis
1737 1295 1869 1388 spolie-

442 1408 516 1482 tur,
539 1416 603 1465 nec
632 1395 776 1465 ulterius
800 1403 975 1485 potestas,
997 1394 1220 1485 capitaneus,
1242 1394 1387 1474 consul,
1409 1413 1471 1461 seu
1501 1405 1615 1462 rector
1639 1392 1815 1462 habeatnr
1835 1395 1870 1462 in

438 1494 556 1585 aliquo
573 1504 634 1562 aut
651 1493 695 1562 de
716 1503 836 1561 cetero
854 1491 898 1560 ad
918 1491 1070 1582 aliquam
1097 1491 1303 1582 dignitatem
1325 1490 1380 1559 vel
1401 1487 1555 1559 officium
1578 1490 1758 1582 publicum
1782 1490 1870 1560 olla-

439 1604 540 1661 tenos
556 1605 767 1661 assumatur.
825 1584 831 1595 '

396 1686 401 1697 '
487 1689 581 1758 ldem
602 1708 744 1779 qunque
761 1696 936 1778 potestas,
961 1686 1181 1778 capitaneus,
1199 1687 1381 1770 consules,
1401 1698 1574 1771 rectores,
1598 1686 1653 1755 vel
1670 1687 1791 1777 quivis
1810 1687 1872 1757 alii

438 1787 481 1857 ad
505 1787 660 1877 regimen
680 1784 833 1853 civitatis
853 1784 908 1852 vel
931 1785 995 1854 loci
1017 1785 1208 1876 assumpti,
1232 1785 1266 1852 in
1288 1784 1462 1876 principio
1479 1783 1533 1852 sui
1550 1784 1733 1874 regiminis
1753 1785 1789 1854 in
1810 1808 1874 1878 pu·

438 1885 550 1969 blico,
574 1904 670 1954 more
694 1882 798 1951 solito
821 1883 1043 1972 congregati,
1074 1883 1190 1952 banno
1214 1882 1366 1953 civitatis
1392 1881 1446 1950 vel
1474 1883 1539 1952 loci
1563 1893 1768 1973 supponant
1791 1894 1875 1954 tan·

437 2004 540 2074 quam
558 2003 620 2074 pro
639 1977 809 2050 maleficia
824 2000 947 2049 omnes
962 1980 1135 2049 hereticos
1152 1981 1333 2072 utriusque
1349 2001 1471 2059 sexos,
1482 1999 1708 2071 quocumque
1723 1982 1875 2052 nomine

437 2086 669 2163 censeantur,
687 2090 721 2147 et
741 2089 926 2146 teneantur
946 2079 1100 2147 bannum
1121 2077 1323 2167 hujusmodi
1343 2098 1362 2146 a
1381 2077 1455 2146 suis
1477 2077 1790 2170 predecessoribus
1809 2100 1877 2171 po·

437 2178 541 2247 situm
561 2176 781 2248 confirmare.
1458 2166 1465 2180 '

486 2275 681 2368 Pracipiant
703 2284 820 2342 autem
840 2273 935 2364 quod
957 2273 1074 2342 nullus
1094 2272 1270 2344 hereticus
1295 2274 1350 2343 vel
1372 2272 1525 2342 heretica
1545 2273 1697 2356 habitet,
1719 2273 1776 2343 vel
1798 2295 1880 2346 mo-

438 2383 552 2461 retur,
569 2384 630 2442 aut
649 2372 817 2442 subsistat
835 2371 870 2438 in
886 2371 1003 2462 aliqua
1022 2370 1165 2441 civitate
1182 2393 1244 2441 seu
1261 2371 1359 2455 loco,
1377 2371 1627 2462 juridictione,
1646 2368 1879 2444 districtione

434 2472 612 2560 ejusdem3
629 2469 887 2561 etquioomque
907 2468 1020 2560 ipsum
1040 2469 1096 2537 vel
1109 2470 1220 2560 ipsam
1233 2471 1407 2552 venerint,
1429 2469 1540 2538 libere
1557 2471 1671 2560 capiat
1686 2479 1722 2538 et
1735 2490 1876 2563 capere

436 2569 545 2660 possit
564 2571 728 2661 impune,
750 2578 784 2636 et
803 2587 927 2635 omnes
952 2587 1008 2635 res
1028 2568 1175 2636 mobiles
1198 2570 1309 2660 ipsius
1335 2566 1392 2636 vel
1412 2567 1568 2659 ipsorum
1595 2587 1703 2659 penes
1723 2587 1787 2636 eos
1808 2567 1872 2638 in·

436 2679 562 2735 ventas
583 2668 635 2735 eis
659 2664 805 2735 licenter
827 2664 984 2745 anlerre,
1003 2685 1073 2756 qoe
1092 2665 1162 2734 sint
1185 2664 1546 2757 adferentium-pleno
1564 2665 1660 2756 jure,
1682 2664 1751 2734 nisi
1771 2666 1877 2738 aule·

309 2834 320 2852 ¹
435 2776 552 2833 rentes
572 2762 774 2852 hujusmodi
795 2762 865 2831 sint
882 2762 927 2831 ad
948 2760 1014 2832 hnc
1033 2760 1186 2831 officium
1206 2762 1405 2855 specialiter
1422 2762 1596 2855 deputati.

485 2862 580 2930 ldem
609 2880 750 2952 quoque
770 2870 945 2951 potestas,
967 2859 1193 2952 capitaneus,
1216 2860 1401 2941 consules,
1429 2881 1491 2930 seu
1517 2870 1650 2943 rector,
1673 2860 1727 2928 vel
1749 2859 1878 2952 quivis

436 2957 494 3027 alii
521 2957 724 3048 hujusmodi
750 2956 838 3026 inira
863 2968 942 3027 octo
967 2958 1043 3027 dies
1073 2969 1150 3049 post
1177 2959 1357 3028 introitum
1386 2957 1566 3048 regiminis
1594 2956 1648 3026 sui
1678 2957 1876 3029 duodecim

438 3049 479 3151 [1⁰
502 3055 570 3123 l68
590 3052 625 3153 a]
646 3056 741 3125 viros
760 3054 887 3147 probos
905 3066 940 3124 et
959 3055 1149 3125 catholicos
1168 3067 1202 3125 et
1219 3057 1308 3126 duos
1324 3056 1478 3126 notarios
1497 3067 1532 3125 et
1547 3056 1638 3126 duos
1655 3055 1873 3145 servitores,

435 3154 492 3222 vel
514 3163 687 3245 quotquot
705 3151 761 3246 (l)
781 3152 910 3221 luerint
930 3153 1137 3238 necessarii,
1158 3153 1341 3223 instituere
1362 3164 1566 3238 teneantur,
1586 3173 1676 3244 quos
1695 3153 1875 3245 dyocesa-

436 3272 521 3338 nns,
550 3252 579 3320 si
605 3271 750 3344 presens
776 3249 932 3322 extiterit
958 3262 993 3320 et
1017 3251 1187 3321 interesse
1210 3250 1381 3337 voluerit,
1404 3262 1439 3320 et
1465 3253 1537 3321 duo
1561 3251 1685 3319 iratres
1703 3250 1875 3322 Predica·

436 3361 549 3418 torum
570 3360 605 3419 et
632 3348 703 3418 duo
726 3347 898 3417 illinornm
925 3349 1088 3418 ordinum
1112 3351 1155 3418 ad
1183 3348 1288 3420 hoca
1316 3349 1390 3419 suis
1415 3349 1588 3442 prioribus
1608 3362 1644 3417 et
1662 3347 1872 3440 gurdonis,

435 3447 465 3515 si
492 3458 688 3518 conventus
720 3446 767 3515 ibi
800 3445 929 3515 luerint
953 3447 1158 3517 eorumdem
1184 3447 1367 3528 ordinum,
1394 3447 1571 3539 deputati,
1593 3466 1656 3514 seu
1677 3445 1870 3543 inquisito-

436 3565 492 3616 res
509 3542 566 3640 (2)
585 3545 641 3615 vel
663 3542 849 3636 inquisitor
869 3543 1023 3614 heretice
1042 3545 1224 3636 pravitatis
1239 3544 1406 3614 duxerint
1420 3544 1616 3635 eligendos.

485 3644 638 3713 instituti
656 3641 772 3713 autem
791 3640 992 3731 hujusmodi
1011 3653 1046 3712 et
1059 3642 1160 3712 electi
1181 3642 1315 3734 possint
1329 3653 1364 3712 et
1379 3642 1530 3712 debeant
1547 3641 1720 3711 hereticos
1736 3661 1874 3734 capere

436 3752 471 3810 et
491 3763 612 3812 eorum
633 3741 724 3811 bona
746 3739 814 3808 illis
832 3741 971 3810 arilerre
988 3749 1023 3810 et
1042 3740 1156 3810 lacere
1176 3741 1320 3824 aulerri,
1338 3754 1373 3810 et
1389 3760 1575 3833 procurare
1589 3739 1657 3808 hoc
1672 3749 1741 3808 mm
1760 3739 1795 3807 in
1814 3741 1869 3810 ci·

434 3839 544 3910 vitate
560 3839 617 3910 vel
633 3840 702 3909 alio
718 3839 795 3908 loco
809 3859 914 3928 quam
933 3839 967 3906 in
986 3847 1055 3909 tota
1073 3839 1149 3928 ejus
1162 3837 1388 3928 juridictione
1401 3849 1507 3929 atque
1523 3836 1684 3906 districtu
1702 3837 1869 3929 plenarie

433 3937 633 4030 adimpleri,
655 3947 690 4007 et
709 3957 769 4007 eos
787 3935 917 4005 docere
934 3947 969 4005 et
986 3935 1066 4005 duci
1084 3935 1198 4005 lacere
1216 3935 1251 4003 in
1273 3945 1479 4026 potestatem
1495 3936 1687 4029 dyocesani
1707 3935 1763 4005 vel
1784 3936 1870 4026 ejus

433 4036 556 4105 vicarii
576 4057 639 4104 seu
656 4035 903 4127 inquisitorum
920 4033 976 4104 vel
992 4033 1224 4124 inquisitoris.

481 4132 680 4204 Teneantur
698 4144 815 4202 autem
838 4141 1047 4223 potestates,
1073 4133 1296 4222 capitaneus,
1322 4130 1485 4201 consules
1504 4152 1566 4201 seu
1587 4144 1701 4201 rector
1722 4131 1778 4201 vel
1799 4131 1863 4201 alii

431 4232 475 4301 ad
487 4230 689 4321 hujusmodi
704 4231 859 4320 regimen
874 4229 1044 4321 deputati,
1059 4228 1208 4319 quilibet
1220 4231 1255 4296 in
1269 4231 1436 4321 expensis
1448 4229 1644 4299 communis
1657 4230 1713 4299 cui
1727 4242 1864 4321 preest,

432 4329 545 4398 lacere
564 4328 645 4398 duci
664 4328 806 4398 eosdem
827 4327 999 4397 hereticos
1019 4327 1065 4395 ita
1085 4336 1205 4418 captos
1225 4347 1448 4418 quocumque
1468 4327 1690 4420 dyocesanus
1706 4327 1763 4396 vel
1784 4327 1866 4421 ejus

429 4427 583 4495 vicarius
602 4447 665 4496 seu
683 4426 908 4517 inquisitores
929 4423 1075 4517 predicti
1096 4423 1130 4492 in
1148 4424 1373 4514 juridictione
1393 4424 1448 4515 (3)
1468 4425 1524 4494 vel
1545 4425 1707 4495 districtu
1728 4424 1865 4518 dyoce-

429 4523 505 4594 sani
523 4524 678 4617 episcopi
695 4544 764 4617 seu,
775 4523 928 4594 civitatis
947 4521 1123 4592 voluerint
1140 4522 1218 4593 illos
1234 4523 1338 4608 duoi;
1360 4521 1573 4594 officialibus
1589 4544 1675 4592 vero
1694 4521 1863 4616 predictis

462 4831 498 4901 (l)
513 4830 557 4886 En
570 4832 672 4903 regard
687 4833 771 4888 dece
785 4848 926 4905 passage,
943 4848 978 4886 on
995 4831 1027 4885 lit
1041 4834 1058 4884 a
1074 4831 1100 4884 la
1116 4847 1214 4902 marga
1229 4832 1402 4897 Modiflcatio.

464 4928 501 4998 (l)
517 4928 560 4984 De
575 4931 679 4994 meme,
697 4932 818 4985 additio.

463 5026 500 5098 (3)
512 5025 556 5083 En
571 5026 674 5098 regard
689 5026 771 5081 dece
786 5042 923 5098 passage,
940 5026 996 5079 ala
1011 5040 1124 5095 mange,
1141 5026 1262 5080 additio.
