4574 6404
426 675 493 741 138
659 696 661 701 ·
709 690 871 742 annornm
898 691 1138 757 rnoutsnronrs
1167 690 1328 743 nunnrrna
1355 689 1566 741 nnnvnnrrs.

422 862 545 919 cantur
572 848 755 917 credentes
779 859 813 917 ot
835 849 936 917 antici
966 871 1108 933 eorum,
1148 872 1165 918 a
1193 851 1321 941 quibus
1348 849 1452 918 etiam
1483 849 1654 941 recipiunt
1680 861 1859 919 sustenta-

426 949 569 1017 tionem.

472 1045 524 1113 Ad
544 1044 766 1136 dyaebonum
788 1055 904 1114 autem
929 1047 1079 1135 pertinet
1100 1044 1298 1115 ministrare
1320 1056 1386 1113 tam
1411 1045 1531 1134 maj0ri
1552 1066 1655 1136 quarn
1678 1044 1858 1135 presbite-

424 1143 470 1212 ris
496 1142 692 1212 necessaria
715 1142 895 1234 corporis;
920 1164 987 1212 non
1014 1155 1128 1213 tamen
1156 1142 1259 1212 habet
1282 1154 1488 1236 potestatem
1517 1142 1685 1211 audiendi
1715 1143 1859 1212 contes-

421 1261 552 1310 siones¹
1491 1297 1496 1305 .

471 1337 569 1420 item,
592 1338 669 1407 sinc
689 1338 755 1407 alia
775 1338 883 1407 formu
907 1339 1110 1417 verborum,
1132 1359 1211 1407 cum
1230 1337 1303 1407 sola
1322 1338 1500 1422 oratione,
1523 1338 1613 1406 sicut
1633 1338 1764 1407 dictum
1786 1351 1856 1423 est,

423 1449 457 1504 et
477 1435 555 1503 sine
575 1434 760 1505 collatione
783 1456 844 1504 sen
877 1435 1063 1505 traditione
1083 1436 1231 1525 atteiq'ns
1252 1436 1300 1504 rei
1322 1434 1535 1526 corporalis,
1560 1457 1621 1526 per
1645 1437 1755 1505 solam
1779 1456 1856 1504 nra-

424 1554 530 1600 nuum
551 1533 834 1622 impositionem,
856 1533 949 1625 apnd
971 1555 1054 1616 ene,
1078 1545 1146 1602 tant
1169 1533 1323 1625 episcopi
1352 1553 1456 1623 quam
1480 1533 1686 1623 presbiteri,
1709 1545 1743 1603 et
1764 1533 1854 1626 dya-

424 1629 527 1700 cboni
549 1630 757 1700 ordinantur
773 1628 1029 1716 indifferenter,
1050 1644 1118 1699 tam
1137 1630 1225 1723 layci
1246 1642 1281 1700 et
1298 1630 1431 1723 ydiote‚
1450 1651 1553 1721 quarn
1575 1633 1679 1699 etiarn
1697 1630 1855 1715 litterati,

424 1728 616 1798 dummodo
641 1729 775 1821 probati
799 1729 895 1822 prius
916 1728 1044 1797 fuerint
1065 1729 1098 1796 in
1119 1728 1211 1797 dicta
1235 1739 1329 1798 secta
1351 1739 1385 1798 et
1410 1728 1510 1797 electi
1539 1728 1783 1821 postmodum,
1804 1729 1856 1798 si·

422 1837 480 1893 cut
497 1826 660 1916 superins
677 1838 730 1895 est
749 1847 973 1918 expressum.

471 1923 542 1993 Hec
566 1924 610 1991 de
637 1923 822 1992 ordinibus
846 1923 1071 1993 Valdensium
1100 1926 1279 1993 excecatis
1310 1924 1390 1993 ideo
1420 1935 1537 1994 notata
1567 1935 1648 1993 sunt
1669 1935 1706 1994 ut
1733 1944 1856 1993 eorum

423 2020 557 2089 fallacia
576 2032 830 2109 cognoscatur,
852 2043 920 2111 qna
943 2022 1093 2090 latentur
1112 2042 1150 2090 se
1168 2021 1312 2091 credere
1330 2041 1466 2090 sacrum
1487 2021 1646 2092 ordinem
1668 2022 1855 2114 episcopa·

424 2130 502 2200 tus,
526 2118 723 2209 presbiterii
745 2130 781 2187 et
800 2117 1055 2210 dpacbonatus.

423 2373 481 2435 36.
507 2372 640 2435 Forma
656 2374 837 2435 sententie
853 2374 1011 2452 alicujus
1027 2374 1090 2454 qui
1106 2375 1208 2452 prius
1224 2372 1414 2437 confessus
1430 2372 1499 2436 fuit
1515 2374 1558 2436 de
1573 2373 1693 2436 heresi
1708 2374 1748 2437 in
1759 2373 1856 2451 judi-

463 2481 511 2542 tio
524 2487 560 2541 et
575 2490 701 2558 postea
716 2480 921 2551 revocavit,
939 2489 975 2542 et
989 2480 1252 2544 nichilominus
1269 2481 1425 2544 testibus
1439 2489 1635 2560 superatus
1649 2488 1705 2544 est
1721 2487 1757 2543 et
1772 2495 1856 2544 oon-

462 2588 600 2660 uietus‚
617 2602 684 2650 nec
702 2588 818 2651 voluit
837 2604 875 2650 se
890 2587 1081 2651 defendere
1101 2589 1141 2652 in
1158 2590 1293 2667 juditio
1309 2598 1374 2652 aut
1388 2604 1564 2670 purgare,
1582 2588 1706 2651 obluta
1724 2587 1795 2650 sibi
1814 2604 1857 2651 ex

462 2694 804 2773 superhabundenti
823 2704 858 2758 et
873 2696 1088 2759 exuberanti
1105 2697 1358 2759 misericordie
1373 2712 1483 2775 super
1498 2696 1565 2758 boc
1580 2694 1767 2759 facultate.

470 2911 506 2978 ln
540 2912 680 2980 nomine
711 2912 871 2994 Domini,
901 2933 1017 2980 anien.
1046 2910 1218 2993 Quoniam
1242 2933 1304 2980 nos
1326 2911 1472 2981 talesne
1493 2912 1600 2995 tales,
1625 2911 1855 3002 inquisitores

423 3008 576 3077 heretice
598 3009 799 3100 pravitatis,
825 3022 860 3078 et
882 3009 981 3095 tales,
1004 3010 1038 3077 in
1059 3008 1124 3078 bac
1144 3022 1241 3101 parte
1263 3008 1340 3080 talis
1360 3009 1516 3101 episcopi
1538 3009 1771 3078 commissarii
1792 3009 1853 3078 de·

424 3106 550 3194 legati,
573 3105 780 3176 invenimus
801 3120 835 3176 et
856 3107 1012 3197 legitime
1031 3108 1065 3175 in
1085 3107 1216 3196 juditio
1237 3106 1338 3177 nobis
1358 3118 1494 3177 constat
1515 3118 1581 3175 tam
1607 3102 1647 3202 [p
1669 3105 1715 3173 76
1735 3101 1772 3202 b]
1795 3126 1858 3198 per

423 3203 680 3273 contessionem
712 3206 790 3274 talis
811 3206 853 3274 N.
876 3210 920 3274 de
943 3204 1002 3274 tali
1023 3206 1098 3276 loco
1124 3205 1257 3273 dudum
1284 3204 1407 3273 iactam
1429 3205 1463 3271 in
1480 3203 1609 3294 juditio
1629 3224 1722 3273 anno
1743 3216 1779 3272 et
1798 3203 1858 3274 die

426 3301 503 3384 tali,
529 3322 632 3391 quarn
660 3323 722 3392 per
742 3314 848 3372 testes
864 3305 1001 3394 juratos
1022 3315 1056 3373 et
1077 3314 1239 3395 receptos
1262 3303 1294 3369 in
1316 3302 1545 3393 inquisitione
1565 3322 1634 3393 que
1653 3299 1691 3369 fit
1708 3321 1857 3392 genera·

425 3397 503 3467 liter
522 3410 642 3468 contra
661 3421 783 3469 omnes
804 3401 971 3485 inlectoS‚
994 3411 1054 3470 aut
1076 3412 1235 3485 notatos,
1258 3411 1318 3468 aut
1338 3411 1523 3491 suspectos
1543 3400 1588 3469 de
1608 3398 1760 3469 heretica
1779 3418 1858 3491 pra·

425 3497 551 3583 ritate,
573 3517 676 3587 quam
705 3499 809 3566 etiam
839 3520 900 3590 per
925 3510 1001 3568 acta
1027 3510 1060 3567 et
1082 3518 1268 3589 processus
1296 3497 1538 3588 inquisitionis
1564 3496 1742 3587 ejusdem,
1762 3495 1857 3588 quod

422 3593 536 3663 dictus
564 3593 641 3662 talis
668 3595 707 3663 N.
738 3595 870 3664 dudum
898 3596 1080 3667 confessus
1106 3596 1172 3663 luit
1198 3595 1232 3663 in
1256 3594 1386 3685 juditio
1412 3615 1451 3663 se
1477 3594 1611 3664 uidisse
1636 3606 1672 3663 et
1690 3593 1857 3664 visitasse

426 3690 509 3761 talos
536 3712 576 3760 ac
603 3692 688 3761 tales
715 3691 910 3777 hereticos,
932 3706 967 3762 et
992 3694 1134 3764 eosdem
1164 3713 1260 3762 more
1290 3691 1467 3761 hereticali
1495 3693 1662 3762 adorasse
1682 3691 1717 3760 iu
1747 3690 1856 3762 domo

423 3810 485 3858 seu
508 3789 659 3880 bospitio
676 3790 858 3879 cujusdam
879 3813 1027 3884 persone
1047 3811 1151 3882 quam
1173 3791 1206 3859 iu
1226 3790 1447 3860 confessione
1467 3811 1530 3859 sna
1549 3790 1727 3877 nominat;
1749 3789 1854 3876 item,

422 3908 460 3956 se
480 3887 682 3958 interfuisse
703 3886 1013 3959 hereticationibns
1033 3889 1183 3958 duarum
1202 3907 1430 3980 personarum
1444 3909 1533 3978 quas
1548 3887 1726 3974 nominat;
1753 3886 1853 3975 item,

422 4006 460 4054 se
480 3985 672 4055 credidisse
693 3984 865 4056 hereticos
881 3987 1011 4056 babere
1027 3986 1153 4056 bonam
1170 3984 1274 4055 iidem
1297 3986 1331 4053 in
1351 4006 1419 4075 qua
1440 3996 1583 4077 possent
1602 3985 1756 4069 salvari,
1781 3997 1851 4057 etc.

422 4081 476 4175 (in
493 4081 555 4152 isto
580 4084 650 4153 loco
673 4087 931 4176 exprimuntur
947 4083 1067 4153 omnio
1085 4083 1129 4153 de
1147 4083 1268 4177 quibus
1292 4081 1469 4175 consessus
1487 4083 1598 4153 eontulit
1617 4081 1679 4152 sub
1696 4103 1857 4175 compen·

422 4180 480 4249 dio
504 4180 739 4275 singillatim).
769 4181 925 4252 Predicta
952 4202 1037 4252 vero
1061 4183 1242 4251 consessus
1272 4181 1337 4249 luit
1357 4182 1391 4248 in
1412 4181 1542 4270 juditio
1566 4179 1777 4251 constitutus
1796 4202 1856 4252 co·

424 4299 495 4347 ram
520 4279 577 4349 tali
598 4279 639 4348 N.
660 4280 888 4370 inquisitore,
909 4279 1131 4372 presentibus
1153 4279 1289 4349 notario
1307 4289 1342 4348 et
1363 4277 1535 4369 religiosis
1555 4278 1702 4348 testibus
1721 4277 1766 4348 ad
1787 4278 1856 4351 boc

422 4377 577 4459 nocane,
606 4398 674 4446 non
703 4377 859 4447 existens
887 4380 921 4448 in
950 4378 1196 4468 questionibus
1223 4398 1285 4446 seu
1316 4378 1523 4461 tormentis,
1551 4397 1669 4470 ymmo
1694 4377 1739 4446 ab
1768 4377 1856 4468 ipsis

421 4485 489 4542 tam
510 4473 587 4545 ioco
606 4495 709 4565 qoam
732 4475 914 4556 ministris,
936 4496 1039 4565 quam
1061 4475 1165 4544 etiam
1187 4487 1359 4567 ternpore,
1383 4487 1461 4566 post
1482 4486 1551 4545 tres
1572 4473 1739 4544 videlicet
1758 4473 1853 4562 dies,

422 4573 560 4662 penitus
580 4572 764 4662 elongatus
791 4586 826 4644 et
848 4574 883 4642 in
910 4573 978 4643 illis
1006 4593 1262 4666 perseverans,
1285 4573 1413 4663 elapsis
1442 4572 1665 4664 postmodum
1695 4571 1855 4666 quinque

348 4671 350 4675 ”
421 4669 559 4740 circiter
569 4671 788 4761 septimanis,
806 4672 929 4741 eadum
949 4672 1160 4754 contessatn,
1179 4671 1271 4740 sicut
1292 4691 1353 4763 per
1374 4671 1547 4740 notarium
1568 4670 1696 4762 scripta
1714 4670 1855 4740 inerant

422 4780 454 4834 ut
484 4785 643 4859 recepta,
667 4769 807 4837 luerunt
835 4769 903 4838 sihi
930 4771 1056 4839 iterum
1083 4768 1170 4838 lecta
1191 4779 1226 4838 et
1254 4768 1396 4838 recitata
1423 4768 1691 4858 intelligibiliter
1716 4767 1753 4837 in
1774 4768 1854 4837 vul-

422 4866 498 4954 gari
514 4864 546 4933 in
560 4865 689 4955 juditio
705 4867 909 4950 constituto,
928 4866 961 4936 in
979 4866 1154 4959 presentia
1168 4876 1202 4935 et
1219 4865 1419 4936 testimonio
1436 4865 1684 4958 sollempnium
1703 4859 1743 4960 [p
1757 4864 1805 4933 76
1818 4861 1851 4962 c]

422 4981 672 5052 personarum
696 4974 730 5031 et
752 4976 832 5032 tunc
852 4964 968 5034 omnio
989 4963 1199 5057 approbavit
1224 4975 1258 5033 et
1277 4961 1521 5046 confirmavit,
1543 4963 1648 5033 aede
1668 4982 1763 5034 novo
1787 4962 1851 5033 de·

423 5057 539 5150 posuit
556 5079 717 5130 asserens
738 5081 816 5130 esse
842 5082 940 5131 vera.
963 5061 1062 5142 bem,
1087 5063 1120 5128 in
1143 5060 1308 5152 predictis
1329 5063 1380 5131 sic
1399 5061 1608 5132 contessatis
1628 5058 1852 5155 postmodum

1181 5738 1409 6000 fn
