4574 6404
436 629 483 701 88
725 645 887 700 emerim
913 646 1153 714 iucursrrrorvrs
1181 645 1343 699 usuarios
1369 644 1587 699 vmvrrrrrs.

444 963 478 1024 5.
502 962 697 1026 Sententia
711 963 1102 1029 excommunicationis
1125 969 1256 1028 contra
1276 961 1521 1043 impedientes
1546 961 1701 1025 cilicium
1723 961 1881 1043 inquisi-

1095 1071 1221 1135 tionis.

494 1311 531 1380 lu
562 1312 705 1382 numine
729 1313 886 1397 Domini,
917 1334 1033 1385 amen.
1062 1311 1147 1383 Cum
1175 1313 1358 1402 negocium
1384 1309 1466 1381 fidei
1494 1309 1712 1395 orthodoxe,
1741 1313 1777 1380 in
1807 1332 1878 1404 qua

445 1409 670 1480 lundameula
706 1421 928 1483 sacrosancte
958 1410 1112 1482 Ecclesia
1138 1430 1159 1479 a
1188 1410 1333 1482 domino
1357 1408 1463 1479 lhesu
1490 1407 1626 1479 Christo
1655 1411 1767 1499 posita
1792 1421 1879 1480 suut

445 1515 479 1576 et
499 1507 647 1578 lirmiler
664 1507 832 1594 stabilita,
855 1508 972 1579 nullus
991 1507 1203 1579 christianus
1220 1507 1349 1578 debeat
1366 1505 1551 1598 impedire,
1565 1505 1628 1575 sed
1650 1507 1775 1598 pocius
1796 1507 1879 1578 totis

445 1603 580 1674 viribus
602 1626 823 1696 promovere,
841 1606 921 1678 ideo
942 1627 1007 1678 nos
1027 1605 1115 1678 tales
1142 1607 1267 1675 iratres
1291 1604 1368 1676 ord.
1390 1602 1544 1688 Predic.,
1568 1598 1609 1699 [il
1631 1599 1674 1671 i8
1694 1599 1733 1700 d]
1753 1603 1875 1697 inqui-

444 1700 570 1772 sitores
587 1702 740 1773 heretice
760 1705 944 1796 pravitatis
962 1705 998 1773 in
1019 1724 1127 1794 regno
1150 1703 1294 1773 Francis
1315 1723 1376 1793 per
1402 1702 1523 1771 sedem
1548 1700 1789 1793 apostolicam.
1805 1701 1874 1773 de·

445 1799 570 1890 putati,
603 1822 785 1872 monemus
813 1805 981 1873 canonice
1012 1801 1137 1893 semel,
1166 1801 1323 1872 secundo
1354 1811 1390 1870 et
1421 1799 1528 1869 tercio
1565 1817 1606 1868 uc
1635 1800 1874 1891 peremptorie

445 1916 568 1967 omues
588 1908 623 1968 et
643 1897 801 1989 singulos
826 1920 872 1972 nc
894 1900 987 1992 quis,
1009 1900 1262 1991 cujuscumque
1283 1897 1479 1990 potestatis,
1500 1895 1651 1987 gradus,
1673 1918 1736 1967 seu
1757 1896 1876 1988 digni·

446 1995 547 2078 talis,
568 1995 781 2068 conditionis
804 2007 865 2068 aut
887 2010 998 2067 status
1017 1996 1169 2080 existat,
1191 1994 1428 2087 inquisitionis
1452 1996 1636 2083 negocium
1659 2003 1780 2065 contra
1809 1992 1876 2064 he-

444 2091 587 2162 reticam
610 2093 833 2186 pravitatem,
854 2115 917 2166 uec
930 2095 1119 2185 juditium,
1141 2103 1202 2164 aut
1224 2092 1430 2174 sententias,
1456 2091 1511 2160 vel
1541 2112 1725 2183 processus
1751 2102 1874 2162 contra

445 2210 704 2283 quemcumque
726 2191 865 2263 habitos
892 2192 949 2263 vel
975 2191 1174 2277 habendos,
1201 2191 1334 2261 directe
1357 2189 1413 2260 vel
1435 2188 1625 2276 indirecte,
1651 2188 1791 2281 publice
1816 2190 1874 2261 vel

445 2288 594 2372 occulte,
617 2310 678 2379 per
699 2310 739 2359 se
762 2289 818 2361 vel
846 2311 908 2382 per
933 2290 1055 2373 alium,
1076 2301 1136 2359 aut
1158 2288 1244 2358 alias
1264 2307 1407 2379 quoquo
1428 2286 1533 2357 modo
1558 2286 1729 2379 impedire
1751 2307 1875 2380 presu-

446 2396 528 2454 mat.
550 2383 680 2456 Omnes
695 2398 811 2457 aulem
834 2388 912 2458 illos
932 2400 967 2457 et
985 2386 1143 2477 singulos
1161 2387 1221 2478 qui
1248 2384 1432 2475 negocium
1458 2384 1696 2477 inquisitionis
1718 2383 1876 2456 heretice

322 2500 327 2511 ’
445 2482 627 2573 pravitatis
644 2485 796 2555 scienter
816 2484 1078 2577 impediverint,
1094 2484 1150 2554 vel
1174 2483 1218 2554 de
1237 2493 1354 2553 celero
1373 2482 1567 2574 impedient
1585 2502 1728 2574 quoquo
1748 2480 1871 2568 modo,

444 2579 576 2651 directe
602 2581 659 2651 vel
685 2581 869 2667 indirecte,
900 2582 1039 2674 publice
1065 2582 1121 2652 vel
1149 2580 1306 2666 occulte,
1341 2580 1630 2674 inquisitionibus
1656 2589 1717 2650 aut
1746 2600 1872 2650 eorum

443 2675 559 2749 clhcio
576 2700 615 2749 sc
632 2680 858 2772 opponendo,
879 2701 942 2750 seu
970 2679 1021 2750 eis
1042 2701 1112 2750 non
1133 2677 1302 2771 parendo,
1325 2679 1381 2749 vel
1401 2699 1463 2769 per
1488 2699 1527 2748 se
1548 2676 1732 2765 veritatem
1761 2675 1797 2746 iu
1813 2677 1872 2768 iu·

444 2773 536 2846 dicio
554 2777 703 2848 celando
722 2799 785 2848 seu
805 2779 1072 2871 supprimendo,
1095 2777 1151 2846 vel
1172 2777 1328 2867 legitime
1347 2772 1543 2847 coulessata
1563 2774 1782 2861 revocando,
1809 2796 1874 2846 seu

441 2872 548 2943 alium
564 2874 621 2945 vel
640 2874 729 2946 alios
745 2876 791 2946 ad
809 2874 995 2947 celandum
1016 2876 1072 2947 vel
1090 2873 1337 2947 occultandum
1358 2874 1402 2945 de
1426 2893 1465 2943 se
1484 2894 1546 2943 seu
1573 2872 1619 2943 de
1636 2871 1715 2943 aliis
1735 2871 1870 2943 verita-

443 2979 511 3039 tem
526 2971 582 3040 vel
595 2972 639 3042 ad
655 2971 892 3045 revocandum
904 2974 1099 3044 couiessala
1117 2971 1331 3053 inducendo,
1350 2992 1411 3042 seu
1428 2969 1532 3041 alicui
1545 2969 1723 3043 innocenti
1739 2970 1873 3042 crimen

441 3065 1872 3163 heresisimponeudo,velquoquomodoecienterindictocrimineinvolvcndc,

441 3164 1873 3260 etquicumqueadhecaliquomodcconsilium,auxiliumscienterimpenderint

441 3262 496 3332 vel
511 3263 681 3351 levorem,
703 3279 738 3337 et
757 3267 971 3359 quicumque
991 3265 1187 3358 receperint
1202 3276 1263 3334 aut
1277 3264 1440 3335 dederint
1455 3262 1675 3357 peccuniam,
1693 3263 1786 3334 dona
1806 3284 1872 3334 seu

439 3352 483 3525 qil
504 3357 549 3428 tc
565 3358 599 3460 a]
622 3385 767 3434 munera
789 3363 944 3435 indebite
964 3384 1027 3456 pro
1048 3362 1255 3433 liberatione
1274 3360 1422 3452 alicujus
1449 3359 1634 3454 culpabilis
1656 3362 1701 3431 de
1720 3359 1872 3432 crimine

465 3459 574 3529 cresis
593 3461 785 3554 optinenda
805 3461 862 3533 vel
887 3460 1141 3553 promovenda,
1162 3482 1224 3531 seu
1247 3481 1309 3552 pro
1328 3458 1566 3531 retardatione
1584 3479 1815 3549 processuum
1836 3468 1872 3530 ct

439 3557 696 3628 sentenciarum
726 3581 790 3630 seu
827 3559 1046 3630 executionis
1082 3557 1208 3643 oificii,
1240 3557 1276 3625 in
1310 3556 1501 3648 dampnum
1541 3555 1598 3625 vel
1636 3554 1872 3648 prejudicium

440 3652 552 3743 ipsius
588 3654 695 3727 olficii
731 3656 989 3748 inquisitionis,
1021 3655 1075 3726 vel
1103 3656 1146 3726 ad
1182 3654 1247 3726 hec
1281 3654 1449 3746 premissa
1481 3676 1544 3725 seu
1574 3675 1696 3726 eorum
1728 3653 1872 3746 aliquod

439 3751 560 3842 aliquo
581 3753 686 3824 modo
708 3754 944 3846 impenderint
963 3776 1024 3824 seu
1046 3752 1200 3845 impendi
1217 3751 1483 3845 procuraverint
1498 3751 1650 3823 scienter
1668 3751 1869 3839 consilium,

438 3849 609 3919 auxilium
630 3850 686 3921 vel
702 3851 873 3931 favorem,
890 3851 955 3921 hac
971 3863 1087 3922 nostra
1106 3848 1300 3920 monitione
1312 3852 1526 3941 competenti
1546 3851 1732 3941 premissa,
1749 3847 1870 3921 auct0⁶-

439 3945 541 4017 ritate
559 3948 750 4042 apostolica
771 3969 840 4041 qua
859 3949 1036 4039 iungimus
1056 3951 1091 4016 iu
1112 3947 1180 4017 hiis
1198 3947 1338 4040 scriptis
1358 3949 1731 4028 excummunicamus,
1753 3958 1789 4017 et
1808 3968 1870 4039 pe·

438 4064 502 4113 nas
531 4045 619 4117 latas
643 4067 663 4116 a
688 4068 823 4118 canone
850 4059 971 4118 contra
1000 4046 1235 4138 impedientes
1264 4043 1418 4116 officium
1449 4043 1686 4136 inquisitionis
1715 4044 1870 4116 heretice

438 4142 621 4231 pravitatis
638 4144 826 4215 incurrisse
846 4166 890 4215 ex
912 4165 1004 4214 nunc
1026 4164 1088 4236 pro
1110 4155 1191 4212 tunc
1220 4142 1359 4234 publice
1379 4142 1634 4213 denunciamus
1659 4152 1695 4213 et
1715 4142 1870 4214 declara-

437 4259 526 4309 mus.
550 4240 630 4312 Lata
653 4243 718 4312 luit
737 4241 802 4312 hec
823 4241 996 4312 sententia
1020 4242 1054 4309 in
1077 4239 1134 4308 tali
1157 4239 1232 4310 loco
1255 4239 1406 4332 publice,
1428 4252 1576 4336 annuet
1605 4240 1663 4310 die
1690 4238 1763 4325 lali,
1789 4261 1870 4332 pre·

434 4337 594 4407 sentibus
610 4350 646 4410 et
664 4340 911 4410 assistentibus
937 4340 970 4407 in
994 4337 1133 4430 publico
1154 4358 1319 4408 sermone
1343 4337 1591 4428 inquisitorum
1617 4337 1747 4407 ibidem
1768 4337 1866 4408 curia

436 4435 542 4525 regali
564 4447 599 4506 et
624 4437 828 4508 consulibus
854 4437 1017 4529 superius
1044 4435 1247 4518 nominatis,
1271 4447 1306 4505 et
1334 4435 1522 4505 talibusne
1545 4435 1673 4507 talibus
1693 4435 1780 4505 viris
1800 4435 1869 4507 sol·

434 4529 634 4626 lempnihus
654 4533 926 4630 (emprimonlur
952 4538 990 4603 r'rt
1009 4533 1079 4604 loco
1102 4533 1165 4602 islo
1194 4533 1343 4602 oornr'no
1370 4532 1609 4625 spectabilium
1628 4554 1868 4624 personarum

432 4635 464 4696 rt
490 4630 760 4724 religiosorum,
787 4639 819 4702 el
843 4630 1083 4724 repurgetur
1109 4631 1148 4700 io
1172 4629 1246 4718 fine
1271 4656 1282 4698 :
1311 4640 1345 4700 et
1367 4630 1434 4700 alia
1465 4630 1690 4700 multitudine
1719 4630 1801 4701 cleri
1833 4643 1869 4702 et

434 4729 552 4820 populi
571 4732 812 4821 congregata).
837 4729 879 4800 Et
898 4751 964 4820 ego
991 4729 1032 4797 N.
1057 4727 1135 4798 talis
1155 4729 1311 4798 notarios
1331 4725 1436 4797 cilicii
1461 4728 1697 4820 inquisitionis
1720 4749 1866 4821 presens

433 4825 593 4910 interlui,
629 4839 665 4897 et
700 4827 745 4897 de
781 4827 946 4898 mandato
981 4826 1103 4896 talium
1139 4826 1385 4917 inquisitorum
1425 4827 1615 4919 predictam
1652 4826 1864 4896 senteutiam

431 4923 568 5015 scripsi,
588 4926 676 4995 etin
698 4924 873 5017 publicam
895 4925 1040 4996 lormam
1063 4923 1186 5015 redegi
1204 4935 1239 4994 et
1257 4924 1360 5016 signo
1382 4944 1459 4995 meo
1478 4924 1582 4995 solito
1601 4925 1755 5015 signavi.
