4574 6404
863 665 967 716 66161
993 661 1089 714 runs.
1650 642 1693 711 15

259 823 363 894 tionis
370 823 473 913 juxta
483 820 641 892 Castrum
658 821 899 908 Narbonense,
913 820 1145 915 personaliter
1161 831 1196 890 61
1215 819 1474 913 perhemptorie
1489 827 1692 912 compareat

257 941 374 991 coram
398 920 498 990 uobis
519 919 564 989 (16
584 930 678 989 16616
700 940 741 989 66
761 920 819 989 tali
840 920 943 1013 culpa
961 931 997 991 61
1015 920 1149 989 6116666
1164 918 1409 988 satisfacturus
1424 928 1460 985 et
1478 916 1691 1007 condignam

258 1017 484 1111 penitentiam
507 1028 736 1110 recepturus,
754 1038 889 1089 necnon
912 1028 1077 1110 tanquam
1098 1026 1283 1108 suspectus
1304 1015 1349 1085 de
1368 1013 1484 1084 heresi
1502 1014 1693 1085 vehemen-

259 1127 311 1186 ter
330 1135 565 1207 responsurus
586 1115 631 1185 de
651 1113 720 1184 11116
741 1125 776 1185 61
795 1115 840 1186 (16
860 1115 927 1185 hiis
947 1136 1017 1207 que
1039 1112 1215 1184 commisit
1235 1113 1270 1182 in
1299 1116 1390 1183 lacto
1410 1112 1546 1183 heresis
1569 1123 1692 1182 contra

258 1213 379 1294 fidem,
401 1213 607 1282 6116616166
627 1212 714 1282 alias
733 1213 827 1305 quod
848 1213 952 1282 luerit
970 1213 1136 1297 rationis;
1159 1222 1194 1282 et
1208 1211 1349 1303 publice
1368 1210 1564 1280 indicentes
1584 1221 1691 1302 atque

257 1311 512 1381 denunciantes
532 1331 577 1380 61(
598 1322 695 1402 parte
715 1321 832 1381 nostra
853 1310 1030 1402 quodnisi
1050 1308 1186 1379 venerit
1200 1319 1237 1379 61
1252 1308 1490 1401 comparuerit
1506 1307 1599 1377 dicta
1615 1308 1686 1391 die,

258 1409 490 1500 procedemus
510 1420 629 1477 contra
652 1407 764 1499 ipsum
788 1418 951 1499 tanquam
972 1419 1091 1477 contra
1110 1420 1351 1478 contumacem
1375 1401 1415 1501 [h
1437 1404 1457 1471 9
1477 1401 1511 1500 a]
1531 1405 1566 1473 in
1584 1424 1690 1474 causa

258 1503 340 1576 fidei
355 1526 396 1575 ac
413 1527 475 1598 pro
488 1504 604 1574 heresi
621 1505 837 1595 iugittivum,
857 1528 919 1598 per
934 1504 1309 1575 excommunicationis
1324 1502 1533 1573 sententiam
1552 1514 1586 1572 61
1603 1503 1690 1571 61166

263 1604 413 1673 61161166
432 1604 626 1673 secundum
646 1603 763 1671 stilum
783 1616 935 1673 6166661
958 1601 1063 1673 officii
1081 1601 1331 1693 inquisitionis
1349 1610 1453 1692 prout
1468 1610 1503 1670 61
1517 1612 1687 1692 quantum
1783 1691 1787 1698 Ι

260 1701 304 1771 (16
316 1702 398 1791 jure
414 1700 518 1770 luerit
534 1710 569 1770 61
587 1701 723 1790 justicia
741 1701 923 1786 suadebit,
944 1700 1052 1792 ipsius
1070 1700 1206 1769 malicia
1221 1712 1257 1770 61
1271 1697 1489 1768 contumacia
1506 1699 1688 1788 exigente,

260 1808 294 1868 et
313 1799 390 1889 ejus
409 1798 567 1868 absentia
590 1819 658 1867 uon
686 1799 867 1882 obstante;
889 1809 924 1869 et
944 1799 978 1867 in
998 1799 1137 1888 signum
1161 1818 1202 1866 ac
1230 1797 1467 1867 testimonium
1496 1797 1627 1887 recepti
1656 1807 1693 1865 et

259 1895 426 1988 completi
443 1916 506 1988 per
525 1917 588 1966 vos
604 1896 758 1966 mandati
773 1897 896 1983 nostri,
908 1895 1060 1987 sigilium
1079 1905 1234 1966 vestrum
1254 1894 1475 1988 presentibus
1490 1894 1688 1987 apponatis.

260 1993 383 2063 Datum
404 1993 574 2078 Thomas,
596 2004 631 2063 61
648 2005 778 2064 661666.
1570 2014 1574 2024 ·

263 2249 319 2311 17.
343 2248 477 2312 Forma
502 2249 642 2312 citandi
669 2249 828 2330 aliquem
854 2250 916 2328 qui
936 2247 1080 2324 aufugit
1104 2248 1148 2311 de
1175 2263 1279 2311 muro
1303 2248 1434 2328 inquo
1457 2247 1691 2311 detinebatur

298 2357 416 2419 medio
430 2365 591 2437 tempore
606 2365 648 2420 ut
662 2358 907 2436 penitentiam
920 2357 1102 2436 acciperet
1116 2372 1181 2435 pro
1195 2356 1404 2420 commissis
1420 2357 1459 2429 in
1475 2355 1570 2420 facto
1586 2355 1688 2418 here-

301 2464 352 2527 sis
366 2465 556 2543 injudicio
574 2463 803 2528 contessatis.

310 2679 426 2750 Frater
442 2680 643 2751 Beroardus
653 2682 839 2776 Gnidonis,
854 2683 931 2752 ord.
945 2682 1097 2766 predic,
1111 2682 1310 2774 inquisitor,
1324 2692 1408 2767 616,
1420 2681 1601 2773 capellano
1613 2682 1687 2772 tali,

261 2790 327 2848 etc.
341 2777 481 2847 -Cum
503 2778 581 2849 talis
596 2780 641 2849 de
661 2780 720 2849 tali
738 2780 813 2851 loco
828 2779 873 2849 (16
890 2779 1005 2849 heresi
1024 2781 1245 2864 diffamatus,
1265 2801 1400 2850 necnon
1422 2801 1483 2873 per
1503 2780 1693 2851 confessio·

262 2897 339 2945 nem
353 2877 528 2969 propriam
543 2879 666 2947 factam
685 2880 718 2945 in
734 2877 864 2968 juditio
877 2877 1062 2949 manifeste
1078 2878 1112 2947 iu
1128 2878 1276 2948 crimine
1289 2877 1423 2949 heresis
1445 2876 1549 2947 luerit
1565 2877 1690 2969 depre-

262 2973 405 3055 hensus,
420 2986 454 3043 et
471 2986 612 3066 propter
627 2974 693 3045 hoc
709 2976 928 3046 detineretur
943 2975 977 3044 in
994 2998 1094 3052 muro
1107 2976 1353 3068 inquisitorum
1365 2974 1515 3047 Thoiose
1528 2975 1691 3068 personis

262 3070 462 3162 hujusmodi
482 3073 718 3164 culpabilibus
737 3074 906 3165 deputato
925 3084 962 3141 ut
982 3074 1215 3166 penitenciam
1237 3074 1303 3144 sihi
1324 3073 1477 3143 debitam
1496 3072 1689 3164 reciperet,

261 3168 350 3239 sicut
371 3169 477 3240 moris
497 3181 569 3254 est,
590 3182 747 3262 tempore
764 3181 958 3263 oportuno,
982 3171 1126 3264 prestito
1144 3172 1189 3241 ab
1209 3171 1332 3242 eodem
1349 3173 1552 3261 juramento
1569 3170 1614 3240 (16
1636 3191 1693 3262 pa·

263 3268 371 3337 reodo
391 3267 564 3338 mandalis
581 3268 734 3339 Ecclesia
752 3281 786 3338 61
805 3267 1072 3361 inquisitorum,
1096 3281 1131 3339 et
1150 3270 1245 3338 omni
1266 3269 1381 3340 heresi
1403 3291 1465 3361 per
1482 3267 1635 3338 eundem
1653 3269 1687 3337 in

258 3364 386 3454 juditio
405 3366 566 3457 primitus
585 3367 763 3456 abjurata,
783 3375 840 3450 et,
862 3366 989 3458 spretis
1009 3368 1195 3453 omuibus,
1222 3368 1268 3436 de
1287 3368 1382 3438 dicto
1400 3389 1501 3436 muro
1516 3365 1693 3458 aufugerit

168 3513 176 3527 .
263 3473 426 3554 tauquam
449 3463 540 3535 maie
558 3464 625 3534 sibi
646 3468 809 3533 conscius
834 3475 941 3554 atque
961 3485 1064 3551 6666;
1087 3467 1295 3536 auctoritate
1313 3465 1503 3557 apostolica
1525 3486 1592 3556 qua
1614 3466 1691 3535 166-

263 3560 377 3650 gimur
397 3561 499 3631 vobis
522 3561 729 3631 mandamus
755 3560 921 3653 quatinus
946 3583 991 3632 ex
1019 3574 1118 3655 parte
1146 3576 1262 3634 nostra
1292 3563 1405 3632 citetis
1433 3562 1564 3632 dictum
1588 3563 1690 3633 talem

265 3657 523 3751 perhemptoria
538 3671 573 3730 et
591 3660 657 3729 sub
678 3680 767 3751 pena
787 3661 1182 3745 excommunicationis,
1204 3662 1238 3730 in
1255 3661 1432 3733 domicilio
1451 3681 1514 3730 seu
1535 3660 1611 3731 loco
1633 3661 1692 3731 ubi

265 3752 305 3853 [il
320 3755 342 3823 9
357 3752 393 3853 b]
410 3757 493 3827 olim
513 3757 672 3828 habitare
688 3778 751 3827 seu
769 3757 897 3828 morari
915 3760 1149 3827 communiter
1164 3762 1364 3843 consuevit,
1382 3758 1557 3848 adjunctis
1575 3759 1692 3829 vobis·

263 3876 341 3924 cum
364 3856 511 3925 testibus
535 3854 604 3926 lide
629 3855 765 3946 dignis,
787 3875 828 3924 66
855 3855 959 3925 611661
988 3856 1021 3925 16
1048 3857 1194 3927 66616616
1221 3867 1337 3928 166116
1365 3857 1521 3949 publice,
1544 3855 1693 3925 6166661

264 3953 393 4045 popnlo
416 3967 629 4044 congregato
655 3952 785 4023 ibidem
810 3952 855 4021 ad
883 3953 1097 4023 audiendum
1122 3955 1262 4039 diviua,
1285 3957 1396 4025 trihus
1423 3954 1548 4023 diebus
1575 3953 1689 4023 domi·

264 4049 350 4119 uicis
372 4050 574 4122 immediate
591 4051 835 4142 sequentibus,
856 4072 1007 4142 quorum
1023 4052 1160 4123 dierum
1180 4054 1373 4145 quemlibet
1390 4073 1452 4143 pro
1472 4051 1588 4121 edicto
1605 4052 1691 4122 cita·

265 4146 368 4217 tionis
390 4147 650 4240 perhemptorie
664 4149 900 4239 assignamus,
917 4163 955 4220 ut
971 4150 1028 4220 tali
1040 4151 1097 4222 die
1115 4173 1219 4243 quam
1233 4173 1295 4243 pro
1308 4149 1457 4220 termino
1470 4149 1692 4243 perhempto-

264 4245 315 4315 rio
327 4245 735 4337 assignamus,Tholose,
752 4246 787 4315 iu
806 4248 912 4318 domo
924 4248 1161 4341 inquisitionis
1166 4248 1269 4342 juxta
1280 4247 1436 4320 Castrum
1450 4248 1690 4325 Narbonense,

265 4341 496 4434 personaliter
515 4355 715 4436 compareat
729 4365 847 4414 coram
868 4346 983 4431 uobis,
1003 4346 1048 4415 de
1066 4356 1159 4415 16616
1176 4344 1312 4417 6116666
1328 4358 1363 4416 61
1381 4349 1461 4436 luga
1479 4366 1520 4415 66
1537 4346 1581 4416 (16
1598 4367 1692 4416 6616-

266 4441 380 4512 missis
398 4442 433 4510 in
450 4441 566 4512 heresi
587 4461 648 4532 per
670 4442 821 4511 eundem
841 4443 1050 4533 condignam
1070 4443 1295 4535 penitentiam
1312 4455 1537 4536 recepturus,
1556 4465 1693 4514 necnon
1804 4501 1808 4511 .

267 4550 429 4630 tauquam
450 4551 635 4631 suspectus
655 4539 700 4609 de
725 4538 839 4609 heresi
862 4540 1091 4610 vehementer
1117 4540 1190 4631 (661
1207 4539 1258 4610 sic
1278 4567 1288 4608 :
1310 4552 1493 4611 accusatus
1513 4543 1558 4611 de
1577 4541 1692 4611 heresi

264 4647 299 4706 et
317 4637 518 4729 suspectus)
540 4657 774 4727 responsurus
797 4636 842 4708 (16
862 4634 932 4707 fide
948 4658 989 4707 ac
1009 4637 1054 4707 de
1072 4637 1141 4707 hiis
1161 4659 1230 4731 que
1249 4650 1369 4710 contra
1388 4637 1493 4708 iidem
1514 4640 1694 4709 invenitur

264 4733 299 4802 in
325 4734 415 4805 facto
439 4734 575 4805 heresis
602 4735 689 4806 alias
717 4735 936 4806 commisisse
962 4733 1036 4829 (661
1061 4735 1111 4806 sic
1141 4762 1152 4804 :
1183 4736 1362 4806 iuvenitur
1384 4737 1419 4804 in
1444 4736 1534 4808 iacto
1557 4735 1692 4807 heresis

263 4831 415 4925 amplius
430 4853 533 4924 qnam
552 4832 734 4903 confessus
751 4833 856 4904 166111
870 4832 1126 4928 commisisse);
1144 4833 1340 4905 indicentes
1354 4834 1491 4927 publice
1502 4855 1543 4904 ac
1555 4835 1691 4928 denun-

263 4929 397 4999 ciantes
416 4950 463 5001 ex
483 4942 581 5023 parte
605 4942 721 5002 nostra
745 4932 841 5023 qnod
862 4930 928 5001 nisi
950 4931 1087 5001 venerit
1105 4943 1141 5002 61
1159 4933 1394 5026 comparuerit
1408 4932 1500 5002 dicta
1520 4930 1591 5019 die,
1614 4953 1692 5027 pro·

264 5025 432 5099 cedemus
450 5038 570 5099 contra
589 5029 702 5122 ipsum
725 5039 889 5121 tanquam
904 5040 1025 5101 contra
1042 5041 1284 5101 contumacem
1302 5031 1336 5100 in
1352 5051 1458 5102 causa
1477 5028 1558 5101 fidei
1572 5052 1614 5102 66
1629 5053 1693 5124 pro
