4612 6404
443 645 515 715 sel
729 660 892 714 susurres
918 658 1159 726 rxoursrrrours
1185 656 1348 713 nnnuncn
1372 660 1584 715 nxnvrrnrrs.

444 823 539 916 quod
568 824 672 892 irater
696 819 872 891 Gerardus
896 819 1093 891 Parmensis
1112 819 1290 913 predictus
1310 820 1371 913 qui
1399 820 1465 890 luit
1486 822 1623 894 occisus
1650 822 1714 892 luit
1736 826 1874 919 primus

443 919 602 1012 inceptor
622 918 777 1011 predicte
793 917 1075 1009 congregationis
1095 918 1288 989 novissime
1306 938 1411 1011 quam
1441 920 1545 990 v'oeat
1564 920 1815 1013 apostolicam,
1838 933 1875 993 et

442 1021 520 1111 ipse
540 1019 645 1086 irater
670 1016 856 1099 Dulcinus,
886 1014 1113 1086 Novariensis
1139 1015 1318 1109 dyocesis,
1349 1027 1402 1087 est
1434 1017 1610 1087 secundus
1636 1031 1751 1089 rector
1778 1020 1875 1093 dlole

443 1112 723 1204 congregationis
742 1135 812 1205 qne
829 1112 971 1182 durabit
989 1124 1024 1182 et
1047 1112 1269 1184 lruetilieabit
1286 1132 1397 1206 usque
1416 1114 1460 1184 ad
1482 1113 1586 1186 linem
1609 1116 1749 1202 mnodi;
1771 1131 1807 1188 ot
1826 1117 1874 1191 ad

442 1211 719 1283 confirmandum
742 1211 896 1302 predicta
917 1210 1061 1280 adducit
1082 1210 1284 1303 prophetias
1303 1223 1338 1281 et
1359 1211 1549 1304 scripturas
1566 1213 1701 1283 Veteris
1721 1226 1755 1284 et
1780 1215 1875 1289 Novi

441 1309 666 1391 Testamenti,
681 1310 812 1400 pluries
833 1309 1044 1400 exponendo
1064 1328 1125 1379 eas
1142 1309 1336 1378 secundum
1353 1330 1456 1380 suurn
1475 1330 1622 1401 pravum
1639 1311 1870 1387 intellectum.

440 1407 538 1484 ll'em,
551 1409 641 1477 circa
659 1405 763 1476 finem
784 1406 932 1499 epistole
948 1427 1011 1476 sne
1024 1407 1181 1498 predicte
1198 1408 1344 1499 exponit
1356 1407 1482 1477 dellll.
1501 1407 1622 1501 primis
1636 1410 1770 1496 angelis
1790 1428 1872 1485 cum

441 1505 598 1575 ecclesiis
614 1504 688 1573 suis
708 1507 768 1596 qui
787 1503 990 1575 scribuntur
1009 1505 1043 1572 in
1065 1503 1288 1597 Apocalipsi,
1309 1505 1431 1575 diceus
1452 1507 1547 1597 quod
1570 1505 1716 1596 angelus
1742 1506 1872 1598 Ephesi

440 1603 505 1672 init
530 1602 654 1672 beatus
680 1600 891 1673 Benedictus
913 1613 948 1672 et
980 1602 1206 1693 congregatio
1240 1601 1490 1674 monachornm
1521 1603 1586 1673 luit
1613 1624 1676 1673 sua
1707 1605 1869 1677 ecclesia.

440 1699 547 1784 llem,
575 1699 721 1789 angelus
749 1699 908 1790 Pergami
925 1700 991 1768 luit
1016 1699 1141 1770 beatus
1160 1700 1328 1770 Silvester
1346 1719 1433 1793 pnpa
1450 1710 1486 1768 et
1508 1701 1624 1771 clerici
1646 1701 1786 1770 luerunt
1805 1720 1872 1774 sua

441 1798 600 1869 ecelesia.
621 1799 718 1884 ltem,
737 1796 1058 1888 angelusLuodicie
1079 1798 1279 1868 luitbeatus
1293 1798 1497 1869 Dominicus
1516 1809 1552 1868 et
1571 1799 1694 1868 iratres
1713 1799 1872 1890 predicu-

440 1905 534 1966 tores
549 1896 689 1965 luerunt
709 1916 771 1965 sua
787 1894 949 1968 ecclesia.
966 1896 1066 1980 ltem,
1081 1895 1227 1986 angelus
1243 1895 1380 1965 Smirne
1400 1894 1464 1965 luit
1478 1896 1583 1987 lrater
1600 1895 1775 1966 Gerardus
1791 1895 1875 1966 Par·

439 1995 570 2063 mensis
590 1993 649 2085 qui
670 2014 688 2062 a
710 1993 920 2085 supradictis
938 1992 1003 2061 luit
1021 1995 1171 2063 occisos.
1184 1993 1283 2080 ltem,
1301 1990 1342 2091 [10
1362 1992 1429 2061 180
1445 1988 1483 2091 (1]
1502 1994 1648 2085 augelus
1665 1992 1803 2087 Tyatire
1815 2006 1872 2065 est

438 2091 514 2184 ipse
542 2092 647 2160 trater
674 2091 841 2161 Dulcinus
869 2090 1032 2183 dyocesis
1059 2090 1297 2162 Novaniensis.
1323 2091 1422 2175 ltem,
1447 2091 1592 2181 angelus
1617 2090 1873 2184 Phyladelpbie

439 2188 504 2259 erit
525 2189 702 2282 predictus
722 2209 810 2281 papa
830 2200 985 2269 sauctus,
1006 2200 1041 2258 et
1058 2190 1124 2257 iste
1144 2201 1214 2257 tres
1230 2189 1376 2261 ecclesie
1397 2188 1518 2258 ultime
1536 2198 1619 2258 sunt
1636 2191 1703 2259 ista
1722 2210 1871 2279 cougre-

437 2288 532 2377 gatis
556 2288 745 2379 apostolica
776 2289 811 2354 ib
841 2287 917 2356 istis
943 2286 1069 2356 diebus
1096 2286 1298 2357 novissimis
1326 2286 1444 2357 missa.
1471 2285 1595 2372 Quod,
1620 2288 1711 2357 sieut
1736 2285 1875 2359 ibidem·

436 2385 569 2468 subdit,
591 2406 652 2477 per
674 2386 737 2453 tria
755 2384 847 2455 bona
867 2395 903 2454 et
919 2405 980 2477 per
999 2383 1064 2452 tria
1093 2381 1206 2455 officia
1236 2388 1379 2455 suorum
1409 2396 1581 2454 rectorum
1602 2384 1803 2455 nominatur
1831 2387 1883 2456 in·

438 2482 549 2552 tribus
569 2482 725 2552 ecclesiis
748 2507 756 2550 :
780 2503 842 2574 per
861 2481 1010 2573 primum
1035 2482 1166 2552 bouum
1186 2483 1289 2575 primi
1310 2478 1627 2553 rectorisollicium
1645 2482 1812 2575 incipitur
1834 2495 1881 2555 et'

437 2581 709 2671 multiplicatum
726 2599 787 2672 per
800 2581 993 2650 secundum
1009 2580 1138 2650 bonum
1152 2581 1297 2650 secundi
1311 2579 1457 2652 rectoris
1475 2578 1627 2650 cilicium
1643 2580 1867 2665 sublevetur,

438 2689 630 2748 renovatur
647 2689 681 2747 et
702 2677 973 2769 multiplicatur;
996 2688 1031 2747 et
1052 2698 1114 2769 per
1135 2679 1279 2748 tercium
1300 2678 1395 2749 tercii
1416 2677 1588 2770 [rectoris]
1602 2675 1785 2770 ollici[um]
1807 2700 1871 2771 per

437 2777 642 2844 universum
655 2776 827 2845 muudum
841 2773 1605 2868 spargeturetpredicabituretlructilicabit3
1619 2775 1870 2848 etFrodericus

439 2874 631 2965 imperator
651 2872 998 2964 relevatusregnabit
1014 2883 1049 2942 et
1068 2873 1328 2966 imperabitper
1341 2873 1543 2943 universum
1564 2873 1733 2942 muudum
1757 2874 1869 2965 magis

436 2992 540 3061 quom
562 2971 681 3040 iecerit
697 2971 823 3060 aliquis
844 2970 1044 3062 imperator,
1068 2981 1103 3040 et
1119 2969 1260 3040 durabit
1278 2990 1389 3062 usque
1406 2969 1450 3039 ad
1470 2983 1607 3063 tempus
1626 2968 1881 3059 Antidhrisd,·

435 3065 480 3137 de
495 3066 819 3159 quodntiCbristo,
832 3067 975 3159 quando
989 3082 1161 3138 venturus
1177 3068 1236 3150 sit,
1256 3069 1439 3138 manifeste
1456 3088 1670 3160 cognoscere
1686 3087 1724 3137 se
1741 3069 1884 3140 asserit

434 3163 578 3234 ibidem.
595 3165 665 3234 llec
685 3165 801 3235 omnia
822 3175 988 3257 excerpta
1007 3176 1089 3234 suut
1110 3165 1155 3235 de
1174 3167 1285 3258 prima
1311 3165 1458 3259 epistola
1483 3166 1605 3258 prelati
1622 3165 1776 3259 Dulcini,
1797 3188 1869 3259 que

436 3262 481 3332 ab
502 3263 577 3355 ipso
594 3264 657 3331 luit
676 3262 866 3354 compilata
887 3273 922 3332 et
937 3260 1084 3332 conficta
1105 3282 1225 3333 mense
1245 3263 1398 3354 augusti,
1417 3284 1510 3334 enno
1524 3263 1660 3334 Domini
1672 3262 1732 3332 1110.
1745 3262 1865 3353 CCC⁰.,

436 3360 528 3430 sicut
547 3361 581 3428 in
603 3359 672 3430 line
692 3361 850 3450 ejusdem
871 3356 1046 3430 scribitur.

482 3457 533 3528 Ex
561 3458 715 3528 secunda
745 3479 831 3528 vero
859 3458 1006 3550 epistola
1035 3457 1193 3548 ejusdem
1220 3457 1356 3528 Dulcini
1387 3479 1456 3549 que
1485 3459 1573 3529 lacta
1601 3458 1665 3528 luit
1693 3467 1728 3528 et
1759 3459 1869 3532 missa

430 3576 524 3626 anno
535 3556 672 3626 Domini
689 3555 748 3625 Μο.
761 3554 859 3624 cco.
873 3555 942 3624 lll⁰.
957 3555 990 3625 in
1014 3577 1134 3625 mense
1151 3556 1343 3637 decembri,
1358 3568 1524 3650 excerpta
1544 3568 1626 3626 sunt
1645 3576 1714 3648 que
1733 3577 1868 3627 secun-

431 3664 499 3722 tur.
523 3654 560 3722 lu
584 3653 705 3746 primis
725 3655 883 3724 nominat
912 3675 951 3725 se
974 3657 1088 3746 ipsum
1113 3654 1252 3724 lrutrem
1272 3654 1457 3723 Dulcinnm
1478 3652 1729 3726 Novarieusem
1751 3667 1867 3727 recto·

431 3770 504 3821 rem
524 3773 630 3844 super
650 3772 772 3821 omnes
791 3751 883 3821 dicte
902 3753 1184 3842 congregationis
1206 3752 1410 3844 apostolice.
1429 3752 1538 3838 ltem,
1556 3772 1713 3823 sororem
1731 3749 1868 3844 lllarga·¹

432 3847 531 3918 ritam
555 3870 616 3941 pre
632 3849 759 3920 ceteris
776 3849 842 3920 sibi
863 3849 1125 3920 dilectissimam
1146 3861 1181 3919 et
1199 3851 1339 3919 tratrem
1356 3849 1577 3920 Frederieum
1598 3849 1643 3919 de
1658 3849 1809 3920 Novaria
1830 3862 1868 3925 sl

430 3946 570 4016 fratrem
587 3945 770 4018 Albertum
788 3946 1011 4018 Carentinum
1032 3959 1068 4017 et
1085 3948 1226 4018 lrutrem
1247 3941 1366 4043 [10181
1388 3943 1422 4045 a]
1447 3947 1668 4018 Valdericum
1685 3948 1730 4018 de
1746 3947 1866 4021 Brixia

431 4043 645 4135 discipulos3
668 4056 703 4116 et
729 4045 795 4137 ipsi
815 4055 850 4115 et
871 4044 968 4113 multi
988 4045 1048 4115 alii
1069 4046 1134 4113 viri
1155 4056 1191 4115 et
1211 4045 1374 4115 mulieres
1394 4046 1472 4137 plus
1495 4065 1600 4138 quam
1620 4056 1761 4116 centum
1780 4067 1867 4117 con·

431 4141 563 4211 similes
583 4143 792 4233 supradictis
812 4152 845 4213 et
865 4143 933 4212 alia
956 4143 1142 4213 multitudo
1167 4143 1323 4212 fratrum*
1338 4156 1373 4212 et
1399 4163 1560 4213 sororum
1591 4143 1749 4234 ejusdem
1778 4163 1866 4215 con·

429 4234 643 4330 gregationis
663 4240 697 4309 in
716 4241 830 4310 Ytalia
850 4240 929 4333 plus
948 4260 1052 4332 quam
1072 4240 1157 4310 llllor
1175 4239 1288 4323 milia,
1308 4260 1431 4310 omnes
1449 4241 1602 4310 invicem
1621 4240 1698 4311 siue
1717 4240 1864 4313 vinculo

431 4337 616 4408 exterioris
640 4337 840 4408 obedientie
863 4347 917 4408 set
936 4337 1095 4408 interiori
1114 4348 1247 4407 tantum
1274 4337 1421 4428 subjecti
1441 4350 1476 4407 et
1496 4339 1607 4426 uniti,
1629 4338 1879 4411 omnibusad'

429 4455 518 4526 quos
538 4447 715 4527 presentes
735 4435 850 4506 littere
868 4435 1092 4528 pervenerint
1106 4436 1269 4505 salutem.
1291 4436 1390 4521 ltem,
1416 4435 1741 4528 paulopostsubdit
1760 4435 1881 4529 quod·

430 4531 475 4602 dc
495 4533 713 4604 novitatibus
731 4532 1013 4603 lactisetfiendis
1031 4534 1097 4602 sub
1117 4533 1289 4603 brevitate
1304 4533 1516 4604 innotescit:
1529 4534 1565 4602 in
1581 4532 1703 4625 primis
1718 4533 1860 4624 dicens,

430 4631 525 4721 quod
545 4631 578 4698 in
600 4631 674 4700 istis
694 4631 819 4701 diebus
838 4631 984 4715 nostris,
1002 4631 1135 4701 scilicet
1153 4630 1220 4701 sub
1237 4651 1331 4700 anno
1348 4630 1409 4701 illo
1428 4650 1501 4724 quo
1517 4630 1708 4725 predictam
1729 4631 1864 4724 episto·

431 4727 498 4795 lem
519 4728 660 4820 scripsit
680 4748 741 4798 seu
763 4728 870 4810 misit,
883 4729 949 4799 sub
967 4748 1061 4798 anno
1077 4729 1212 4798 Domini
1228 4729 1288 4797 Μο.
1300 4726 1399 4798 (3600.
1414 4729 1664 4821 lll⁰.,quatuor
1679 4739 1884 4822 papesunt·

430 4825 564 4916 scripti,
587 4827 658 4896 duo
676 4827 773 4913 boni,
794 4824 927 4896 scilicet
947 4826 1079 4918 primus
1098 4836 1133 4896 et
1153 4826 1380 4908 novissimus,
1403 4837 1438 4896 et
1457 4827 1528 4897 duo
1548 4824 1628 4895 mali
1649 4826 1783 4897 scilicet
1800 4847 1863 4897 se·

430 4925 568 4993 enudus
595 4936 629 4992 et
655 4924 795 4994 tercius.
818 4923 970 4993 Primum
994 4943 1117 5015 papam
1144 4924 1290 5015 exponit
1311 4935 1347 4993 et
1370 4924 1454 4993 dicit
1474 4944 1552 4994 esse
1569 4922 1780 4994 Celestinnm
1801 4922 1865 5016 qui

431 5019 536 5089 cessit
548 5021 703 5112 papatui,
722 5020 768 5090 de
787 5042 859 5112 quo
879 5021 1026 5112 exponit
1047 5020 1264 5112 prophetiam
1272 5019 1378 5090 Ysaie
1390 5019 1608 5091 ubidicitur:
1625 5018 1722 5092 Onus
1733 5020 1866 5092 dmerti
