4574 6404
838 651 990 704 succum
1016 647 1113 704 naas.
1652 630 1692 697 7l

257 809 465 883 mandantes
485 810 652 901 quatinus
675 808 884 880 auctoritate
903 819 1041 898 nostra,
1063 826 1183 902 ymmo
1203 808 1324 876 verius
1343 802 1556 896 apostolica,
1578 805 1695 897 inqui·

255 910 340 980 ratis
357 917 393 978 et
411 906 569 1000 perquiri
589 905 724 978 faciatis
744 927 868 977 omnes
887 906 996 978 libros
1016 908 1206 996 omniaque
1228 905 1359 994 scripta
1377 901 1585 988 Judeorum,
1617 905 1696 995 qui·

255 1007 475 1097 buseumque
503 1003 612 1075 titulis
635 1024 700 1074 seu
725 1004 929 1075 nominihus
956 1014 1187 1085 censeantur,
1206 1012 1241 1071 et
1260 999 1404 1071 eosdem
1430 999 1565 1072 faciatis
1591 1001 1696 1073 vohis

256 1103 391 1176 exiberi
418 1100 557 1195 plenius
580 1110 616 1171 et
642 1103 688 1173 ad
712 1102 856 1174 domum
885 1124 948 1173 seu
977 1111 1191 1173 conventum
1218 1106 1375 1170 vestrum
1405 1101 1559 1190 portari,
1582 1110 1620 1169 ut
1650 1119 1697 1170 ex

256 1200 388 1274 eisdem
406 1200 583 1293 possimus
602 1199 734 1291 eligere
750 1221 792 1270 ac
809 1202 914 1270 etiam
936 1220 1101 1292 separare
1119 1218 1242 1270 omnes
1263 1195 1371 1265 libros
1391 1194 1427 1264 in
1446 1196 1576 1287 quihus
1597 1218 1695 1268 erro·

223 1333 227 1341 ·
256 1320 313 1369 res
341 1319 404 1370 seu
430 1296 615 1368 blaslemie
643 1306 809 1390 poterunt
834 1297 1006 1384 inveniri,
1037 1308 1075 1367 ut
1102 1297 1148 1367 de
1180 1295 1265 1389 ipsis
1294 1291 1355 1363 fiat
1381 1293 1546 1365 executio
1576 1294 1696 1366 debita

252 1398 394 1488 justicie
420 1405 587 1486 tanquam
615 1395 662 1465 de
688 1395 848 1488 reprobis
872 1406 909 1466 et
938 1395 1166 1487 dampnatis;
1193 1391 1318 1483 reliqui
1346 1410 1432 1461 vero
1459 1390 1540 1460 libri
1568 1413 1695 1484 appro-

256 1495 328 1564 bati
351 1514 431 1564 cum
456 1493 627 1564 luerinta
653 1493 813 1586 reprobis
836 1495 990 1586 separati
1013 1495 1246 1563 restituantur
1269 1489 1338 1559 illis
1361 1507 1512 1580 quorum
1540 1489 1690 1578 luerint,

256 1601 294 1662 ut
317 1600 372 1662 est
395 1591 544 1681 justum.
566 1589 727 1663 Ceterum
752 1590 783 1661 si
804 1591 865 1683 qui
884 1590 1162 1663 contradictores
1190 1588 1224 1658 iu
1252 1586 1434 1680 premissis
1460 1586 1518 1656 vel
1547 1607 1589 1657 ea
1618 1597 1694 1658 tan·

256 1689 420 1782 gentibus
439 1688 543 1760 vobis
568 1688 750 1759 extiterint
766 1699 827 1759 aut
851 1687 1020 1777 rebelles,
1041 1687 1251 1759 auctoritate
1275 1694 1395 1756 nostra
1416 1683 1571 1775 predicta
1590 1705 1694 1777 apos·

257 1786 361 1858 tolica
379 1806 643 1880 percensuram
665 1785 937 1857 ecclesiasticam
955 1785 1187 1879 compellatis,
1206 1787 1372 1856 invocato
1391 1781 1437 1851 ad
1454 1781 1536 1871 boe,
1555 1784 1587 1852 si
1604 1802 1694 1876 opus

255 1883 383 1972 luerit,
409 1883 544 1955 auxilio
569 1883 703 1955 brachii
730 1884 924 1971 secularis;
952 1883 1084 1954 litteras
1112 1904 1254 1976 quoque
1282 1890 1420 1953 nostras
1448 1882 1692 1952 excommuni-

254 1982 401 2053 cationis
430 1990 552 2052 contra
577 1982 799 2068 detentores,
821 1982 1013 2068 celatores,
1034 1992 1069 2051 et
1093 1977 1321 2074 impeditorcs
1341 1978 1579 2072 predictorum
1606 1999 1694 2070 quas

255 2079 357 2151 vohis
378 2079 647 2149 transmittimus
666 2078 801 2150 faciatis
821 2078 993 2172 publicari
1020 2078 1111 2149 locis
1130 2089 1166 2150 et
1184 2079 1344 2171 personis
1368 2075 1413 2147 de
1439 2076 1568 2168 quibus
1591 2075 1695 2146 vobis

254 2177 369 2246 visum
397 2177 503 2247 luerit
529 2176 744 2248 iaciendum.
765 2176 891 2248 Datum
918 2175 1091 2259 Tholose‚
1118 2176 1231 2270 pridie
1256 2195 1368 2246 nonas
1395 2173 1572 2264 januarii,
1597 2194 1692 2243 auno

254 2273 393 2346 Domini
411 2272 622 2345 Mrcffllxa

255 2527 315 2592 5³.
338 2527 534 2592 Sententia
550 2528 942 2593 excommunicationis
960 2537 1092 2594 contra
1103 2529 1313 2593 detentores
1330 2535 1367 2592 et
1382 2528 1561 2593 celatores
1580 2527 1692 2591 libro-

592 2651 676 2699 rum
690 2635 712 2699 J
715 2636 892 2699 udeorum
907 2635 947 2699 in
965 2635 1186 2700 senescallia
1200 2635 1360 2712 Agenni.

306 2872 359 2973 [F0
387 2874 433 2944 38
461 2873 498 2973 b]
528 2874 648 2946 Frater
676 2875 899 2963 Beruardus,
928 2880 1133 2969 inquisitor,
1164 2888 1254 2971 etc,
1285 2877 1461 2947 universis
1486 2886 1521 2947 et
1544 2875 1694 2967 singulis

256 2974 451 3045 rectoribus
478 2973 705 3044 ecclesiarum
734 2975 792 3045 vel
823 2996 945 3045 eorum
977 2975 1052 3046 loca
1087 2975 1288 3046 tenentibus
1320 2975 1366 3045 ad
1393 2995 1483 3066 quos
1510 2983 1692 3066 presentes

257 3071 371 3142 littere
381 3073 624 3164 pervenerint,
645 3072 795 3141 salutem
808 3072 842 3140 in
859 3083 978 3143 actore
998 3072 1080 3144 fidei
1100 3071 1251 3145 Domino
1265 3071 1531 3143 JbesuChristo.
1547 3071 1693 3142 -Cum

255 3169 299 3239 ad
318 3168 590 3261 extirpationem
613 3190 771 3240 errorum
793 3179 828 3239 et
847 3170 1109 3240 blasfemiarum
1128 3171 1269 3243 Domini
1286 3169 1393 3240 Jhesu
1413 3168 1543 3240 Christi
1563 3180 1597 3240 et
1616 3171 1693 3259 ejus

256 3263 336 3337 lidei
356 3265 556 3337 orthodoxe
573 3288 617 3337 ex
639 3267 759 3338 debito
776 3270 888 3337 nostri
908 3264 1014 3339 olficii
1035 3277 1236 3358 teneamur,
1254 3278 1289 3339 et
1309 3268 1344 3337 in
1365 3267 1464 3339 libris
1480 3267 1692 3352 Judeorum,

256 3366 409 3434 maxime
438 3364 475 3433 in
497 3363 683 3452 Talmutis,
717 3375 752 3435 et
778 3364 886 3456 glosis
911 3377 947 3435 et
975 3366 1260 3458 expositionibus
1286 3366 1515 3452 eorumdem,
1549 3365 1691 3458 plurimi

255 3460 500 3533 contineantur
518 3483 675 3550 errores,
693 3463 825 3555 pariter
852 3471 887 3532 et
912 3462 1078 3556 horrores
1102 3485 1144 3534 ac
1170 3463 1353 3534 blasfemia
1380 3466 1534 3535 nominis
1552 3462 1694 3535 Domini
1792 3463 1795 3466 ⁴

255 3557 359 3630 Jbesu
377 3557 505 3629 Christi
524 3569 559 3630 et
578 3560 655 3650 ejus
674 3560 895 3631 sanctissime
915 3561 1261 3653 genitricisVirginis
1277 3561 1386 3632 Marie
1404 3562 1440 3631 in
1460 3562 1691 3655 opprobrium

256 3653 339 3727 fidei
360 3655 580 3744 orthodoxe,
601 3657 810 3730 auctoritate
826 3658 1018 3752 apostolica
1038 3679 1108 3750 qua
1127 3659 1327 3750 fungimur,
1349 3659 1417 3730 sub
1436 3680 1527 3752 pena
1545 3679 1692 3731 excom·

257 3754 506 3826 manicationis
518 3808 529 3844 ,
552 3755 655 3827 vobis
676 3756 903 3844 mandamus,
927 3767 1015 3840 etc,
1037 3768 1075 3825 ut
1093 3778 1200 3850 supra
1220 3757 1256 3827 in
1276 3757 1345 3827 alia
1364 3757 1495 3828 littera.

256 3981 315 4046 54.
340 3982 472 4047 Modus
487 3999 552 4046 seu
566 3982 684 4048 forma
701 3983 885 4047 sententie
901 3983 1124 4058 absolutorie
1144 3984 1352 4064 aliquorum
1378 3985 1440 4065 qul
1466 3982 1616 4047 fuerunt
1635 3984 1692 4046 in-

296 4089 436 4171 culpati
452 4091 496 4154 de
511 4090 696 4171 aliquibus
711 4091 897 4155 erroribus
919 4106 984 4155 seu
1003 4091 1213 4169 heresibus,
1236 4098 1300 4155 sut
1321 4090 1557 4165 criminibus,
1582 4106 1693 4170 super

295 4197 429 4279 quibus
444 4197 616 4278 inquisiti
629 4205 666 4261 et
678 4198 896 4275 examinati,
914 4214 997 4263 cum
1016 4214 1090 4262 non
1104 4197 1245 4263 luerint
1263 4197 1422 4262 confessi
1443 4213 1511 4261 nec
1531 4199 1692 4262 convicti

294 4306 471 4382 testibus,
487 4306 632 4370 inventi
648 4313 737 4370 sunt
753 4307 972 4371 innocentes
989 4307 1130 4386 pariter
1145 4314 1182 4369 et
1196 4306 1392 4370 immunes.

304 4519 443 4592 Dudum
468 4523 708 4594 invalescente
731 4526 833 4614 gravi
858 4523 1001 4593 inlamia
1021 4533 1056 4592 et
1075 4522 1229 4592 clamore
1248 4521 1369 4592 valido
1387 4532 1509 4592 contra
1529 4520 1692 4591 ordinem

256 4619 433 4711 quondam
457 4620 588 4691 milicie
604 4620 738 4712 Templi
762 4630 796 4691 et
821 4621 933 4713 ipsius
959 4619 1157 4711 singulares
1177 4639 1345 4712 personas
1371 4640 1480 4712 super
1505 4618 1693 4690 heresibus

256 4726 292 4787 et
322 4710 551 4814 [b]orrendis¹
565 4717 782 4807 sceleribus,
802 4729 838 4788 et
857 4717 1055 4811 specialiter
1075 4738 1242 4810 supereo
1263 4717 1360 4809 quod
1380 4716 1505 4787 fratres
1526 4711 1567 4812 [1⁰
1586 4715 1632 4784 38
1657 4711 1689 4812 c]

255 4813 367 4906 ipsius
387 4815 565 4908 quondam
586 4816 741 4905 ordinis,
763 4817 907 4909 quando
926 4815 961 4886 in
982 4816 1059 4909 ipso
1080 4815 1337 4908 recipiebantur
1356 4815 1502 4903 ordine,
1523 4824 1558 4884 et
1585 4814 1693 4884 inter·

256 4910 341 4982 dum
365 4922 465 5005 post,
485 4911 660 4984 Christum
689 4934 820 5006 negare
843 4923 879 4985 et
906 4913 941 4983 in
967 4914 1078 5007 ipsius
1102 4914 1331 5006 opprobrium
1355 4933 1463 5006 super
1482 4933 1621 4984 crucem
1641 4911 1694 4985 eis

256 5019 433 5081 ostensam
452 5033 602 5104 spuere,
623 5014 809 5105 ipsamque
834 5011 1025 5104 aliquando
1048 5011 1256 5083 conculcare
1283 5010 1436 5106 pedibus
1460 5011 1691 5100 dicebantur,
