4612 6404
431 655 500 725 282
718 667 881 722 exterret
907 669 1148 736 rupursmrnrus
1174 672 1337 725 anamma
1362 671 1573 725 mnvrrrrrs.

432 829 570 898 tolicam
597 838 632 897 et
656 840 777 898 contra
806 828 1045 920 expositiones
1077 852 1139 901 scu
1168 830 1422 901 declarationes
1457 830 1567 900 lactas
1594 850 1701 922 super
1731 830 1863 922 llegula

430 926 547 996 Sancti
568 925 741 995 Francisci
773 946 835 1016 per
864 926 1092 1018 apostolicam
1122 929 1257 999 sedem.
1282 927 1389 1011 ltcm,
1408 927 1437 997 si
1458 927 1595 997 audivit
1615 927 1747 1020 exponi
1767 929 1864 1019 quod

430 1025 465 1092 in
486 1023 594 1093 tercio
614 1023 751 1094 decimo
771 1023 974 1094 centenario
994 1045 1087 1096 anno
1106 1047 1126 1095 a
1145 1028 1308 1118 passione
1326 1036 1360 1095 et
1381 1023 1637 1112 resurrectione
1656 1023 1784 1095 Christi
1803 1047 1865 1118 per

430 1121 590 1191 ordinem
609 1121 724 1190 Sancti
751 1121 926 1190 Francisci
945 1134 1029 1191 sunt
1048 1123 1280 1192 convertendi
1305 1122 1486 1192 Sarraceni
1511 1133 1547 1192 et
1572 1122 1680 1192 ceteri
1701 1121 1864 1195 infideles

430 1239 508 1288 cum
536 1219 655 1286 multis
683 1218 849 1287 martiriis
876 1219 1031 1311 ipsorum
1056 1220 1213 1291 Fratrum
1234 1220 1421 1291 Minnrum.
1445 1219 1551 1312 ltem,
1573 1219 1667 1309 quod
1694 1221 1729 1288 in
1755 1221 1864 1292 tercio

431 1316 569 1386 decimo
595 1318 798 1385 centenario
825 1336 919 1384 anno
947 1338 966 1387 a
989 1315 1116 1386 Christi
1143 1334 1221 1388 ortu
1248 1318 1410 1411 apparuit
1432 1327 1574 1387 sanctus
1596 1316 1803 1388 Franciscns
1829 1328 1864 1388 et

430 1414 506 1504 ejus
527 1413 614 1483 ordo
629 1413 868 1502 evangelicus.
888 1412 994 1497 ltem,
1012 1415 1107 1506 qnod
1127 1418 1163 1485 in
1185 1418 1287 1486 tertio
1306 1415 1443 1485 decimo
1462 1414 1665 1485 centenario
1688 1436 1708 1484 a
1734 1413 1863 1486 Christi

431 1523 543 1581 morte
562 1521 595 1580 et
617 1512 692 1600 ejus
717 1510 925 1581 ascencione
945 1513 1158 1582 exaltabitur
1176 1516 1252 1605 ipse
1276 1513 1364 1584 ordo
1384 1512 1611 1602 evangelicus
1638 1513 1673 1580 in
1700 1534 1806 1583 crnce
1828 1523 1864 1583 et

431 1609 599 1678 ascendet
619 1609 695 1698 ejus
718 1607 828 1697 gloria
848 1629 955 1700 super
976 1621 1085 1679 totum
1107 1612 1243 1681 orbem.
1264 1611 1367 1695 item,
1385 1610 1480 1702 quod
1506 1610 1540 1678 in
1563 1620 1720 1702 tempore
1746 1610 1863 1704 impu-

431 1709 609 1797 gnationis
629 1716 664 1775 et
688 1704 991 1776 condemnationis
1018 1708 1223 1798 evangelice
1250 1709 1323 1778 vite
1350 1718 1384 1778 et
1413 1707 1533 1797 regule
1553 1729 1640 1798 que,
1666 1717 1704 1776 ut
1724 1707 1860 1794 dicunt,

432 1802 547 1873 fienda
568 1815 621 1872 est
639 1805 706 1873 sub
727 1802 863 1872 mistico
883 1800 1121 1875 AntiCbristn
1140 1826 1245 1896 quem
1266 1805 1387 1875 dicunt
1406 1826 1485 1874 esse
1505 1825 1627 1897 papam
1649 1815 1686 1874 et
1704 1816 1758 1875 est
1776 1825 1859 1876 oon-

432 1902 641 1971 summanda
665 1900 731 1969 sub
757 1921 884 1990 magno
909 1899 1171 1987 Anti-Christo,
1194 1902 1385 1974 descendet
1404 1902 1632 1994 spiritualiter
1650 1902 1809 1973 Christus
1829 1913 1865 1972 et

432 1999 508 2090 ejus
536 2019 663 2068 servus
690 1997 893 2068 Franciscns
923 2010 957 2068 et
985 1999 1236 2091 discipulorum
1265 2001 1340 2090 ejus
1368 1999 1593 2090 evangelicus
1616 2010 1714 2070 cetus
1741 2010 1865 2070 contra

432 2117 556 2166 omnes
576 2117 713 2165 errores
734 2106 769 2164 et
788 2095 942 2165 malicias
964 2097 1099 2165 mundi.
1123 2098 1228 2181 ltem,
1250 2097 1344 2190 quod
1368 2098 1458 2166 sicut
1479 2097 1591 2190 primo
1617 2097 1682 2166 luit
1703 2098 1865 2190 predica·

433 2205 489 2263 tus
516 2188 558 2287 [l0
584 2193 646 2260 t5t
673 2189 707 2290 a]
731 2203 823 2263 totus
843 2193 938 2263 orbis
959 2215 1021 2285 per
1046 2194 1205 2265 ordinem
1226 2195 1477 2288 apostolicum,
1499 2195 1550 2264 sic
1569 2195 1810 2286 predicabitur
1830 2206 1866 2265 et

433 2301 660 2361 convertetur
688 2300 781 2360 totus
803 2290 898 2359 orbis
925 2312 987 2383 per
1014 2291 1173 2363 ordinem
1194 2293 1435 2383 evangelicum
1466 2291 1580 2362 Sancti
1605 2292 1777 2362 Francisci
1809 2294 1865 2361 in-

435 2401 488 2458 ter
506 2388 680 2457 misticum
704 2386 974 2458 Anti-Christum
996 2400 1031 2458 et
1053 2411 1230 2481 magnum.
1253 2391 1359 2474 Item,
1382 2389 1477 2482 quod
1497 2411 1559 2483 per
1578 2390 1724 2460 bestiam
1741 2411 1865 2460 ascen·

431 2485 573 2554 dentem
585 2484 630 2554 de
642 2494 730 2556 terra
742 2485 986 2579 inhpocalipsi
998 2486 1203 2577 intelligitur
1213 2487 1448 2580 pseudo—papa
1458 2508 1536 2556 cnm
1548 2487 1622 2556 suis
1638 2487 1867 2581 pseudo-pro·

431 2580 569 2674 phetis‚
586 2583 645 2672 qui
663 2604 731 2652 non
748 2583 950 2654 immediate
966 2587 1145 2654 exercebit
1164 2585 1362 2677 corporales
1381 2585 1642 2655 interlectiones
1661 2584 1864 2673 bominum,

431 2680 523 2750 sicut
543 2679 653 2749 bestia
675 2679 870 2775 ascendens
887 2680 931 2750 de
950 2682 1078 2775 abysso
1093 2682 1303 2753 secularium
1323 2683 1501 2776 laycorum
1521 2704 1591 2773 que
1605 2682 1743 2752 occidet
1765 2703 1866 2753 sanc·

430 2787 499 2864 tos,
519 2777 613 2868 quod
636 2777 785 2868 chuini
809 2790 992 2871 exponunt
1011 2779 1056 2848 de
1075 2801 1114 2850 se
1133 2780 1232 2873 ipsis.
1255 2781 1339 2850 ltem
1354 2835 1363 2865 ,
1381 2779 1475 2871 qnod
1496 2791 1635 2849 sextum
1656 2793 1762 2872 caput
1783 2780 1864 2850 dra-

429 2873 555 2945 chonis
579 2874 710 2945 ibidem
732 2876 879 2968 exponit
903 2897 980 2946 esse
1002 2877 1175 2947 misticum
1203 2876 1475 2947 Anti-Christum
1503 2898 1650 2970 papam,
1672 2878 1864 2970 septimum

430 2993 516 3042 vero
536 2984 642 3064 caput
660 2975 808 3065 exponit
828 2994 991 3064 magnum
1014 2972 1288 3045 Anti-Christum
1310 2997 1387 3043 cum
1411 2997 1493 3065 rege
1508 2974 1696 3044 monarcha
1718 2974 1786 3044 sibi
1803 2996 1865 3046 oo·

431 3067 591 3139 herente.
615 3069 724 3153 item,
746 3071 774 3139 si
798 3071 936 3140 audivit
955 3071 1023 3140 dici
1047 3073 1101 3142 vel
1127 3073 1197 3163 legi
1217 3073 1308 3143 inter
1327 3072 1501 3164 Bequinos
1521 3072 1566 3141 de
1587 3083 1745 3165 tempore
1762 3071 1866 3142 Anti·

429 3164 555 3236 Christi
581 3179 617 3236 et
646 3166 691 3237 de
714 3188 808 3238 anno
826 3182 1088 3259 conuenturos
1114 3182 1180 3239 est.
1207 3170 1315 3256 Item,
1338 3192 1408 3261 qne
1425 3169 1563 3239 audivit
1585 3170 1653 3239 dici
1678 3170 1722 3239 de
1744 3170 1865 3241 multis

430 3263 513 3334 aliis
537 3277 658 3335 contra
689 3275 816 3334 statum
841 3266 996 3336 llomaue
1020 3266 1173 3337 Ecclesia
1200 3278 1235 3337 et
1259 3268 1471 3359 prelatorum
1498 3279 1533 3337 et
1556 3268 1800 3358 religiosorum
1829 3280 1866 3337 et

434 3361 667 3447 clericorum,
690 3374 724 3431 et
749 3362 794 3432 de
820 3364 938 3433 multis
958 3365 1154 3434 temerariis
1174 3365 1451 3436 divinationibus
1471 3364 1773 3458 tuturi‚temporis
1792 3385 1865 3457 qne

430 3461 466 3528 in
489 3459 581 3529 dicta
604 3458 740 3552 postilla
759 3459 861 3530 latius
880 3461 1117 3532 continentur.

434 3713 469 3777 8.
495 3713 674 3777 Doctrina
695 3731 760 3778 seu
781 3716 976 3780 instructio
999 3723 1129 3780 contra
1149 3718 1332 3780 astuciam
1357 3725 1394 3779 et
1419 3716 1605 3780 maliciam
1630 3716 1779 3780 iliorum
1806 3717 1870 3796 qui

671 3823 841 3904 requisiti
863 3823 997 3887 nolunt
1018 3824 1212 3887 veritatem
1235 3825 1274 3887 in
1291 3824 1429 3902 juditio
1451 3823 1627 3887 confiteri.

481 4042 655 4125 Quoniam
674 4054 790 4113 antem
812 4040 913 4109 multi
935 4060 979 4108 ex
997 4038 1183 4130 Beqninis,
1206 4041 1325 4131 quise
1345 4038 1467 4108 dicunt
1486 4039 1609 4107 iratres
1631 4059 1801 4131 pauperes
1819 4039 1871 4110 de

434 4142 625 4234 penitentia
646 4140 741 4210 etde
758 4139 864 4208 tercio
884 4136 1009 4207 ordine
1027 4136 1143 4206 Sancti
1163 4136 1357 4215 Francisci,
1378 4135 1505 4205 callida
1522 4135 1655 4205 astucia
1675 4156 1813 4205 errores
1830 4147 1870 4206 et

426 4239 617 4330 opiniones
643 4257 726 4306 suas
753 4255 919 4306 erroneas
941 4233 1101 4303 volentes
1128 4246 1317 4324 contegere
1344 4254 1384 4302 ac
1412 4233 1676 4323 subterfugere,
1703 4231 1867 4304 confiteri

432 4346 595 4405 recusant
608 4336 729 4424 jurare
748 4336 792 4402 de
809 4332 959 4401 veritate
976 4331 1124 4400 dicenda
1145 4330 1190 4401 de
1207 4353 1245 4400 se
1263 4343 1297 4401 et
1314 4331 1359 4400 de
1373 4329 1451 4400 aliis
1470 4330 1702 4422 complicibus
1716 4331 1790 4400 suis
1811 4332 1868 4401 vi·
1928 4327 1939 4344 '

430 4433 485 4501 vis
505 4454 545 4502 ac
570 4432 767 4514 defunctis,
791 4432 825 4498 in
847 4441 918 4500 toto
938 4450 1102 4522 processu
1124 4429 1382 4519 inquisitionis,
1404 4429 1495 4498 sicut
1515 4440 1567 4497 est
1589 4428 1695 4498 moris
1714 4448 1755 4497 ac
1772 4429 1870 4517 juris

431 4530 464 4598 in
482 4530 612 4621 juditio
625 4529 805 4620 requisiti;
827 4527 936 4618 aliqui
957 4547 1042 4597 vero
1061 4547 1106 4596 ex
1126 4526 1190 4612 eis,
1212 4526 1374 4617 quamvis
1385 4526 1520 4615 jurent,
1536 4537 1651 4594 tamen
1674 4519 1716 4621 [p
1733 4523 1796 4593 lbl
1824 4523 1865 4626 b]

432 4627 631 4697 nullatenus
658 4627 782 4697 volunt
806 4627 926 4716 jurare
944 4624 1150 4715 simpliciter
1170 4634 1205 4693 et
1230 4624 1390 4693 absolute
1409 4623 1474 4693 nisi
1500 4644 1578 4691 cum
1609 4622 1870 4713 protestatione

430 4736 465 4794 et
492 4725 695 4796 conditione
720 4745 762 4794 ac
789 4725 986 4794 retentione
1010 4723 1209 4813 expressis,
1238 4721 1405 4791 videlicet
1431 4719 1526 4812 quod
1554 4721 1620 4814 ipsi
1646 4741 1716 4791 non
1743 4720 1865 4789 inten-

428 4822 519 4890 dunt
534 4823 653 4912 jurare
672 4843 735 4893 uec
754 4842 794 4891 se
819 4841 881 4913 per
895 4822 1133 4910 juramentum
1153 4818 1309 4909 obligare
1328 4818 1372 4887 ad
1393 4817 1581 4887 dicendum
1607 4817 1743 4909 aliquid
1765 4817 1866 4910 quod

433 4921 501 5010 ipsi
516 4919 701 4990 crederent
715 4940 793 4989 esse
808 4919 843 4987 in
861 4919 1030 4989 offensam
1048 4916 1109 4986 Dei
1123 4927 1185 4985 aut
1205 4915 1403 4985 redundare
1422 4918 1457 4984 in
1473 4915 1635 5006 injuriam
1651 4936 1714 4985 sen
1735 4915 1866 5009 damp-

434 5035 518 5083 num
540 5019 705 5108 proximi.
728 5016 854 5085 Dicnnt
879 5024 995 5085 antem
1024 5034 1063 5083 se
1082 5013 1227 5083 credere
1246 5011 1312 5083 hoc
1331 5031 1410 5081 esse
1432 5014 1468 5081 in
1496 5014 1666 5084 ollensam
1687 5011 1749 5083 Dei
1767 5013 1870 5104 qnod
