4574 6404
423 678 494 749 202
709 691 872 745 susurres
898 689 1139 758 rnnorsrrmrus
1167 684 1330 744 cannuca
1356 689 1568 745 susurrans.

423 853 548 924 abesse
566 850 771 942 contigerit,
788 860 918 920 statuta
937 859 1060 920 contra
1078 849 1271 937 hereticus,
1288 849 1493 933 credentes,
1511 858 1765 941 receptatores,
1786 849 1869 920 idu-

425 962 518 1022 tores
538 960 573 1019 et
591 950 794 1021 defensores
813 968 935 1018 eorum
956 947 1070 1035 edita,
1092 948 1263 1040 quociens
1283 948 1322 1016 iu
1339 947 1391 1018 cis
1409 946 1613 1041 apparuerit
1628 946 1864 1040 aliquidem

423 1048 568 1139 bigunm
588 1047 644 1117 vel
666 1045 867 1117 obscurum.
890 1041 1061 1138 Eliusrc
1082 1072 1092 1113 :
1114 1044 1222 1116 Vobis
1241 1047 1449 1116 auctoritate
1458 1044 1672 1137 presentium
1691 1045 1864 1117 concedi·

423 1164 503 1215 mus
516 1144 728 1216 facultatem.
741 1143 899 1227 -ltcm‚
911 1143 946 1212 in
957 1143 1026 1213 alia
1047 1144 1161 1214 littera
1172 1142 1331 1233 ejusdem
1347 1140 1541 1214 Alexandri
1555 1161 1645 1234 pape
1659 1141 1738 1211 llll‘¹
1753 1142 1870 1236 priori

423 1237 685 1313 predicatorum
711 1239 960 1310 Parisieuslum
987 1242 1023 1309 in
1049 1259 1159 1332 regnu
1182 1239 1326 1311 Francie
1353 1239 1518 1333 precise:
1544 1236 1621 1308 Pre
1642 1239 1786 1310 cunctis
1808 1237 1870 1328 Et

424 1339 528 1434 infru
548 1366 559 1408 :
579 1339 721 1409 Necnon
749 1337 1002 1430 interpretandi
1029 1348 1157 1409 statuta
1179 1349 1300 1408 contra
1328 1336 1526 1422 hereticos,
1557 1336 1763 1423 credentes,
1801 1354 1863 1408 re·

423 1447 641 1530 captatores,
662 1437 817 1506 lautores
843 1445 879 1505 et
902 1435 1107 1506 defensores
1133 1456 1255 1507 corum
1284 1434 1399 1518 edita,
1421 1435 1589 1526 quociens
1615 1433 1649 1502 iu
1675 1433 1727 1504 eis
1751 1446 1865 1528 appla·

424 1535 535 1605 ruerit
553 1533 686 1626 aliquid
712 1533 915 1624 ambiguum
942 1532 998 1603 vel
1026 1534 1229 1604 obscurum.
1252 1530 1305 1602 Et
1322 1531 1425 1625 infru
1446 1556 1457 1600 :
1479 1530 1697 1603 Auctoritate
1717 1544 1865 1625 presen-

430 1635 515 1702 tium
538 1631 675 1725 plenam
696 1630 924 1702 concedimus
941 1632 1154 1701 facultatem.

472 1728 508 1827 b)
533 1726 617 1801 item
643 1728 821 1816 secundo,
843 1738 993 1821 possunt
1016 1728 1228 1820 compellere
1256 1738 1416 1799 rectores·
1433 1727 1617 1798 civitatum
1639 1726 1871 1819 aliorumque

425 1827 581 1899 locorum
608 1826 642 1896 in
664 1824 870 1896 lombardia
900 1826 945 1896 ad
972 1826 1170 1896 laciendum
1198 1826 1372 1897 conscribi
1397 1826 1432 1895 iu
1457 1824 1710 1918 capitularibus
1733 1825 1870 1895 suiset

426 1925 624 1995 laciendum
646 1925 749 1994 etiam
771 1924 951 1994 observari
972 1923 1241 1996 constitutiones
1259 1923 1468 2017 apostolicas
1488 1935 1520 1993 et
1542 1920 1637 2014 leges
1662 1920 1867 2014 imperiales

425 2035 546 2093 contra
565 2020 753 2108 hereticos,
767 2021 964 2106 credentes,
981 2021 1134 2092 lautores
1152 2031 1188 2092 et
1207 2033 1441 2114 receptatores
1460 2033 1495 2091 et
1514 2020 1718 2091 defensores
1738 2034 1869 2091 eornm

426 2120 551 2190 editas.
582 2121 632 2191 De
663 2118 729 2189 boc
758 2118 907 2189 babetur
939 2121 975 2189 iu
1005 2119 1118 2190 littera
1142 2117 1337 2189 >lilexaudri
1368 2121 1458 2212 pape
1484 2117 1560 2187 ΠΨ
1597 2117 1872 2208 inquisitoribus

428 2214 470 2313 [p
487 2217 549 2286 lll
569 2213 607 2315 d]
619 2217 652 2285 in
663 2215 870 2287 lombardia
884 2244 893 2286 ι
909 2216 1033 2288 Felicis
1049 2216 1307 2287 recordacionis
1322 2216 1493 2287 lunucens
1508 2235 1612 2309 papa,
1630 2214 1870 2308 predecessor

427 2326 559 2402 noster,
572 2315 707 2386 dudum
718 2313 1165 2407 constitutionesquasdam
1184 2313 1308 2399 edidit,
1327 2314 1520 2386 secundum
1538 2332 1627 2405 quas
1645 2314 1740 2402 rigor
1756 2311 1872 2383 debet

427 2413 584 2485 exerceri
603 2413 793 2505 canonicus
812 2412 848 2480 in
868 2411 1087 2505 extirpandis
1106 2433 1152 2481 ex
1171 2431 1256 2500 agro
1274 2409 1429 2483 lidelinm
1447 2410 1590 2481 zizaniis
1608 2411 1764 2480 heretice
1786 2426 1871 2502 pru*

427 2512 560 2582 uitatis.
573 2508 625 2580 Et
637 2509 763 2603 insrc‘:
772 2507 951 2592 Quocirca
965 2509 1171 2581 discretioni
1180 2520 1298 2580 vestre
1309 2508 1568 2603 parapostolica
1579 2509 1707 2602 scripta
1720 2507 1871 2578 mauda-

425 2629 516 2690 mus‚
529 2608 824 2702 quatinnseadem
833 2606 1870 2701 capitulaconstitutionumpredictarumaccipientesjuxtu

424 2705 671 2778 declarationis
685 2705 879 2798 apostolice
897 2705 1110 2776 intellectum
1134 2717 1254 2776 tenure
1271 2706 1486 2798 presentium
1503 2704 1606 2775 simul
1627 2724 1706 2773 cum
1726 2702 1873 2775 eisdem

423 2804 733 2876 constitutionibus
760 2803 896 2900 faciatis
924 2804 971 2873 de
989 2804 1101 2873 verbo
1117 2802 1161 2873 ad
1182 2803 1331 2873 verbum
1353 2803 1388 2872 in
1408 2801 1662 2896 capitularibus
1681 2800 1868 2870 civitatum

424 2903 468 2971 ad
481 2897 1866 2992 tollendasdealiorumcordibusambiguitateshujusmodiaunotari.-ltem,

424 3002 459 3068 iu
481 3000 593 3070 littera
614 2999 806 3069 iunocentii
828 3020 918 3092 pape
944 2999 1022 3067 llll¹i
1046 3024 1053 3067 :
1076 2998 1138 3068 Ad
1153 2997 1369 3089 extirpando
1395 2997 1439 3068 dc
1463 2997 1578 3067 medio
1597 2994 1726 3089 populi
1749 2994 1868 3066 cbris-

425 3097 518 3168 tiarti
531 3096 679 3167 heretice
693 3096 891 3191 prauitatis
904 3097 1069 3168 zizania.
1087 3136 1131 3146 —
1153 3096 1257 3179 item,
1281 3097 1316 3165 iu
1333 3096 1446 3166 littera
1462 3094 1652 3165 Clementis
1677 3114 1766 3186 pape
1789 3086 1868 3163 lill‘i

425 3216 495 3286 qne
520 3194 670 3264 litteram
691 3195 884 3265 innocentii
915 3194 1060 3286 predicti
1090 3195 1230 3286 penitus
1257 3192 1546 3286 comprehendit,
1568 3203 1604 3263 et
1627 3192 1662 3261 in
1687 3190 1868 3282 aliquibus

425 3292 581 3362 articulis
611 3290 807 3377 modificat,
830 3304 864 3363 et
888 3291 1044 3362 declarat
1063 3290 1308 3383 potestatibus,
1329 3294 1407 3361 sive
1428 3290 1635 3370 rectoribus,
1658 3287 1866 3360 consulibus

426 3390 607 3460 civitatum
638 3390 858 3481 aliorumque
888 3390 1042 3460 locorum
1073 3409 1134 3480 per
1152 3388 1303 3459 Ytaliam
1323 3388 1549 3460 constitutis:
1571 3386 1633 3457 Ad
1652 3385 1871 3480 cmltbpacdo

426 3487 470 3558 dc
488 3487 603 3557 medio
626 3487 752 3581 populi
768 3486 957 3558 obmuticni
972 3487 1123 3557 heretica
1135 3487 1331 3579 pravitatis
1347 3486 1506 3556 zizania.
1531 3484 1582 3554 Et
1600 3482 1705 3577 infra
1725 3508 1737 3551 :
1756 3483 1870 3556 Cous·

429 3586 609 3656 titutiones
637 3606 725 3678 quas
750 3586 796 3655 le.
827 3608 876 3656 re.
908 3585 1131 3655 innocentius
1161 3604 1248 3676 papa
1278 3585 1376 3671 lllllt,
1407 3583 1633 3677 predecessor
1660 3593 1793 3668 noster,
1824 3582 1873 3652 ad

429 3683 697 3776 extirpationem
721 3682 874 3753 heretice
894 3685 1001 3776 pestis
1020 3681 1133 3753 edidit
1150 3681 1403 3775 capitularibus
1422 3681 1551 3751 vestris
1576 3692 1644 3750 tam
1666 3681 1740 3773 ipse
1762 3699 1872 3771 quam

430 3782 475 3851 le.
504 3780 672 3852 memorie
696 3780 899 3851 Alexander
924 3800 1027 3873 papa,
1060 3779 1289 3873 predecessor
1319 3792 1441 3850 noster
1458 3779 1649 3865 conscribi,
1669 3788 1705 3847 et
1722 3797 1743 3847 a
1763 3777 1872 3849 vobis

430 3889 553 3948 exacta
577 3879 758 3969 diligentia
779 3878 961 3949 observari
987 3877 1219 3958 mandarunt,
1240 3898 1310 3970 que
1329 3878 1484 3948 seriatim
1510 3877 1658 3947 iuferius
1682 3875 1872 3947 coutinen-

429 3990 498 4046 tur.
521 3975 674 4069 ideoque
702 3977 922 4046 universitati
949 3985 1064 4045 vestre
1093 3995 1154 4066 par
1175 3971 1217 4070 [p
1245 3972 1315 4046 tta
1339 3971 1373 4072 a]
1395 3974 1585 4068 apostolica
1614 3973 1743 4065 scripta
1764 3994 1870 4043 man-

429 4073 568 4158 damus,
597 4077 764 4166 quatinus
790 4076 1059 4146 constitutiones
1085 4074 1228 4142 easdem
1252 4094 1334 4144 cum
1356 4072 1566 4165 quibusdam
1586 4070 1871 4162 adiectionibus,

430 4168 749 4242 modificationibus
770 4181 805 4241 et
825 4171 1120 4242 declarationibus
1141 4191 1202 4261 per
1221 4170 1352 4241 dictum
1373 4168 1614 4240 Alexandrum
1639 4169 1875 4261 predecesso-

430 4289 501 4337 rem
530 4279 565 4337 et
586 4269 692 4338 etiam
720 4289 781 4362 per
806 4289 869 4340 uns
890 4269 989 4338 lactis
1007 4268 1181 4339 conscribi
1202 4272 1237 4337 iu
1257 4271 1386 4340 vestris
1405 4267 1658 4360 capitularibus
1677 4265 1870 4353 iacientes,

429 4366 535 4435 nullis
555 4367 638 4436 inde
659 4366 876 4459 temporibus
896 4366 1090 4437 abolendas
1109 4365 1305 4437 secundum
1325 4386 1384 4436 eas
1403 4377 1524 4436 contra
1546 4365 1699 4435 heresim
1724 4383 1872 4434 omnem

429 4485 467 4532 se
486 4463 659 4533 adversus
679 4463 769 4534 banc
789 4475 944 4534 sanctam
960 4463 1150 4534 Ecclesiam
1170 4463 1397 4535 extollentem
1417 4462 1494 4534 siue
1513 4461 1729 4534 obmissione
1748 4460 1873 4553 aliqua

430 4562 626 4652 procedatis
643 4584 653 4648 ;
672 4562 844 4654 alioquin,
867 4562 1004 4633 dilectis
1023 4559 1119 4655 liliis,
1141 4560 1402 4633 Predicatorum
1423 4573 1459 4630 et
1475 4560 1651 4632 llliuorum
1669 4554 1872 4657 urdiu[um]

429 4658 608 4744 iratribus,
638 4660 906 4752 inquisitoribus
935 4660 1090 4730 heretice
1116 4659 1299 4752 pravitatis
1317 4672 1354 4730 et
1372 4679 1495 4730 eorum
1521 4658 1669 4749 singulis
1698 4677 1761 4750 per
1785 4655 1874 4726 Yta·

430 4755 510 4825 liam
533 4757 708 4849 deputatis
730 4758 938 4830 auctoritate
966 4757 1062 4828 sedis
1081 4756 1273 4849 apostolice
1297 4767 1333 4828 et
1358 4757 1394 4827 iu
1424 4766 1604 4849 posterum
1632 4752 1868 4848 deputandis,

431 4852 555 4923 damus
571 4855 700 4926 nostris
717 4855 842 4926 litteris
858 4857 893 4925 in
914 4855 1087 4925 mandatis
1106 4866 1146 4925 ut
1161 4854 1250 4925 inira
1268 4854 1473 4946 designatos
1488 4855 1540 4925 eis
1559 4853 1689 4923 limites
1706 4850 1871 4942 singulos

433 4964 586 5020 vestrum
615 4952 659 5021 ad
687 4953 722 5021 id
749 4973 810 5045 per
835 4953 1233 5023 excommunicationem
1260 4952 1296 5021 in
1323 4972 1492 5046 personas
1516 4964 1552 5021 et
1576 4950 1802 5022 interdictum
1832 4947 1870 5017 in

435 5057 580 5130 terram,
602 5049 839 5142 appellatione
859 5061 1013 5135 remota,
1035 5050 1261 5143 compellant.

955 5656 1369 6016 ‘X-
