4574 6404
434 675 501 748 tol
716 695 878 747 rnncrrcr
905 695 1148 761 ruonrsrrrorvrs
1175 695 1337 747 unnrrrcn
1362 693 1574 747 rnnvrrnrrs.

432 854 635 948 convaluit,
666 854 744 925 talis
770 855 811 924 N.
838 852 931 924 filius
957 857 1033 946 ejus
1057 855 1147 924 duos
1173 854 1347 924 hereticos
1372 873 1461 944 quos
1485 853 1600 949 dictus
1624 851 1716 923 tilius
1745 854 1860 926 bonos

431 952 593 1023 homines
612 953 835 1045 appellabat,
857 952 901 1022 ad
922 953 1035 1046 ipsum
1059 947 1100 1048 [N
1120 952 1165 1020 57
1185 948 1222 1048 b]
1245 949 1421 1021 infirmnm
1446 950 1619 1040 adduxit,
1645 951 1765 1021 dicens
1791 953 1862 1023 sibi

431 1050 527 1142 quod
545 1050 609 1141 ipsi
629 1049 775 1120 heretici
794 1053 854 1141 qui
874 1051 955 1120 boni
979 1050 1138 1120 homines
1167 1060 1268 1120 erant
1286 1048 1475 1119 redderent
1493 1050 1646 1120 animam
1667 1051 1743 1139 ejus
1763 1049 1858 1137 Deo,

431 1151 462 1217 si
490 1146 597 1217 vellet
622 1149 921 1218 consolamentum
949 1149 994 1217 ab
1021 1148 1072 1217 eis
1099 1148 1255 1240 recipere
1280 1158 1315 1217 et
1343 1167 1464 1217 eorum
1493 1147 1796 1217 admonitionibus
1824 1160 1863 1217 et

432 1244 514 1315 fidei
533 1247 754 1330 consentire,
775 1245 941 1337 qnodque
960 1244 1052 1315 idem
1073 1244 1166 1314 filins
1190 1245 1302 1336 ipsum
1324 1255 1456 1336 patrem
1478 1254 1517 1312 ut
1536 1245 1580 1314 de
1600 1266 1691 1337 pane
1711 1265 1773 1336 per
1794 1244 1859 1314 he-

430 1343 558 1412 reticos
576 1342 764 1412 benedicto
782 1365 885 1434 quem
914 1355 996 1413 tunc
1018 1344 1086 1412 sibi
1106 1342 1268 1412 exhibuit
1287 1341 1487 1413 comederet
1505 1342 1687 1427 invitavit3
1714 1343 1860 1435 insuper

432 1441 545 1532 ipsum
566 1437 744 1510 infirmum
765 1452 848 1509 tnnc
867 1440 909 1508 ad
935 1462 1088 1510 amorem
1110 1451 1146 1510 et
1168 1439 1383 1510 credentiam
1404 1438 1662 1523 hereticorum,
1684 1451 1858 1531 qnantum

432 1539 565 1631 inipso
590 1538 675 1622 suit,
697 1538 880 1609 admonuit
902 1551 937 1608 et
963 1538 1116 1608 induxit.
1144 1537 1214 1607 Nos
1244 1537 1349 1628 igitur
1370 1538 1476 1606 irater
1501 1537 1578 1606 talis
1606 1538 1647 1606 N.
1669 1539 1861 1628 inquisitor

432 1638 588 1728 prelatus
609 1634 735 1706 merito
754 1647 996 1727 presumentes
1017 1636 1211 1728 predictum
1236 1646 1368 1726 patrem
1389 1634 1432 1705 N.
1454 1647 1574 1705 contra
1600 1635 1796 1728 predictum
1815 1635 1857 1703 N.

431 1754 533 1802 snum
554 1730 664 1802 filium
686 1755 755 1803 non
775 1735 859 1804 falsa
881 1734 1086 1826 deposuisse
1104 1752 1170 1803 nec
1189 1754 1234 1802 ex
1254 1733 1359 1819 odio,
1381 1753 1446 1802 nec
1464 1753 1630 1817 rancore,
1653 1753 1718 1802 nec
1737 1736 1857 1803 animo

431 1830 669 1919 malignandi,
691 1833 753 1901 sed
773 1831 848 1901 zelo
872 1831 977 1917 lidei,
997 1840 1166 1922 quantum
1187 1830 1290 1900 nobis
1311 1831 1422 1923 prima
1443 1831 1530 1900 iacie
1549 1831 1759 1922 apparebat,
1781 1830 1875 1900 dic··

432 1941 504 1998 tum
524 1928 566 1996 N.
584 1927 692 1998 filium
712 1931 788 2020 ejus
804 1931 923 1998 vocari
939 1930 1084 1999 fecimus
1104 1949 1220 1999 coram
1241 1929 1360 2013 nobis3
1381 1944 1416 1997 et
1434 1929 1469 1996 in
1484 1928 1612 2016 juditio
1629 1928 1858 1998 constitutum

426 2027 655 2118 joratnmque
682 2027 726 2096 de
754 2028 904 2097 veritate
932 2026 1080 2097 dicenda
1108 2025 1358 2117 requisivimus
1376 2026 1470 2118 quod
1495 2026 1540 2096 de
1566 2026 1752 2117 predictis,
1777 2047 1859 2097 nec-

432 2146 502 2194 non
520 2136 556 2193 et
577 2125 655 2194 aliis
675 2123 719 2193 de
739 2126 830 2195 facto
849 2124 983 2195 heresis
1003 2144 1225 2216 quecumque
1247 2127 1352 2194 sciret
1372 2135 1440 2194 tarn
1462 2123 1506 2193 de
1530 2145 1569 2194 se
1587 2143 1691 2215 quam
1713 2122 1758 2193 de
1778 2123 1859 2192 aliis

431 2222 570 2314 plenam
596 2232 631 2291 et
656 2243 787 2292 meram
808 2223 942 2292 diceret
968 2223 1174 2316 veritatem3
1200 2242 1270 2312 qno
1294 2232 1496 2291 constanter
1523 2232 1674 2312 negante
1698 2220 1860 2312 predicta

432 2329 467 2389 et
483 2320 550 2389 alia
574 2332 608 2390 et
627 2323 661 2388 in
686 2323 849 2412 negativa
872 2321 932 2389 din
954 2332 989 2390 et
1007 2321 1173 2390 continue
1198 2320 1425 2410 persistente,
1443 2319 1606 2410 quamvis
1629 2328 1770 2412 propter
1790 2318 1860 2388 hoc

431 2417 623 2508 aliqnando
647 2415 727 2511 (sic)
753 2431 909 2511 tempore
933 2419 1096 2488 detentus
1116 2417 1221 2487 fuerit
1239 2429 1274 2486 et
1292 2428 1446 2502 artatus,
1472 2417 1614 2487 demum
1635 2428 1704 2486 tam
1732 2437 1778 2486 ex
1798 2438 1858 2486 ne·

430 2518 549 2606 gativa
570 2516 678 2607 ipsius
698 2538 802 2607 quam
823 2538 869 2587 ex
889 2516 1099 2608 quibusdam
1125 2515 1377 2585 verisimilibus
1400 2515 1611 2604 conjectoris
1636 2514 1761 2584 merito
1779 2535 1858 2584 sos·

431 2616 588 2705 picantes
608 2615 702 2704 qnod
724 2627 823 2706 pater
841 2613 1063 2707 supradictus
1079 2613 1251 2684 malitiose
1271 2625 1306 2682 et
1324 2612 1564 2705 calumpniose
1582 2623 1702 2684 contra
1725 2612 1859 2704 predic·

432 2723 504 2779 tum
531 2709 639 2780 lilium
670 2716 847 2805 proprium
876 2713 961 2781 falsa
999 2711 1179 2802 deponens
1213 2712 1364 2780 eundern
1395 2711 1579 2780 involvere
1612 2713 1785 2779 niteretur
1821 2711 1856 2779 in

430 2811 577 2878 crimine
611 2821 678 2879 tam
714 2804 755 2905 [l0
775 2811 819 2877 57
840 2806 872 2906 c]
902 2808 1111 2902 nephando,
1143 2812 1257 2902 ipsum
1286 2820 1419 2901 patrem
1449 2810 1549 2878 citari
1577 2808 1680 2878 etad
1711 2828 1857 2900 presen-

431 2906 512 2976 tiam
532 2920 685 2978 nostram
705 2908 833 2977 adduci
853 2909 1003 2978 eundem
1026 2919 1157 2998 patrem
1180 2908 1327 2998 ejusque
1347 2904 1457 2975 lilium
1476 2907 1715 2998 supradictum
1737 2927 1856 2976 coram

429 3005 531 3074 nobis
557 3006 702 3076 lecimus
724 3006 936 3077 confrontari
965 3016 1000 3075 et
1024 3006 1160 3094 juratos
1188 3005 1234 3075 de
1260 3005 1408 3074 veritate
1427 3003 1601 3092 dicenda;
1632 3025 1710 3073 cnm
1741 3003 1857 3073 dictus

429 3111 528 3193 pater
556 3103 590 3171 in
618 3125 681 3174 sua
709 3102 918 3175 affirmativa
942 3113 978 3173 et
1001 3104 1115 3172 dictus
1141 3102 1234 3171 filius
1254 3105 1289 3170 in
1315 3123 1377 3172 sua
1399 3105 1562 3192 negativa
1587 3114 1858 3195 perseverarent

428 3211 650 3287 constanter,
671 3202 801 3271 dictum
827 3213 959 3294 patrem
988 3201 1134 3271 lecimus
1158 3200 1310 3270 detineri
1335 3200 1448 3271 donec
1468 3192 1513 3281 de
1540 3199 1728 3292 predictis,
1751 3211 1857 3292 prout

429 3317 493 3366 nos
513 3298 652 3383 decuit,
675 3301 862 3370 fuissemus
883 3300 1020 3392 plenius
1040 3298 1239 3382 informati,
1259 3308 1295 3368 et
1309 3308 1488 3390 comperto
1507 3297 1603 3388 quod
1623 3297 1738 3367 dictus
1756 3309 1857 3390 pater

429 3414 472 3464 eo
490 3395 535 3465 de
553 3418 623 3486 quo
644 3396 855 3489 deposuerat
880 3409 1037 3489 tempore
1063 3396 1193 3467 nnllam
1214 3395 1451 3466 infirmitatem
1474 3396 1518 3465 de
1538 3415 1606 3488 qua
1627 3394 1857 3466 decumberet

428 3491 633 3587 habuisset,
661 3507 715 3565 set
741 3516 849 3565 sanus
872 3497 1058 3581 extiterat,
1083 3495 1250 3586 qnodque
1275 3495 1344 3563 illis
1369 3494 1446 3564 loco
1466 3503 1501 3562 et
1528 3505 1685 3587 tempore
1709 3492 1855 3564 heretici

429 3590 574 3662 minime
592 3592 849 3680 discurrebant,
872 3592 1022 3663 eundem
1039 3593 1081 3662 N.
1099 3602 1232 3685 patrem
1250 3592 1396 3661 lecimus
1416 3591 1518 3661 educi
1535 3590 1580 3662 de
1594 3611 1735 3661 carcere
1750 3602 1786 3660 et
1799 3610 1858 3662 co·

430 3710 503 3758 ram
526 3689 627 3760 nobis
649 3693 684 3759 in
697 3690 827 3780 juditio
841 3693 1068 3760 constitutum
1085 3691 1314 3780 jnratnmqne
1329 3691 1455 3758 iterum
1472 3689 1673 3760 monuimus
1687 3699 1722 3758 et
1742 3689 1857 3781 requi·

428 3787 578 3858 sivimus
594 3789 762 3859 canonice
782 3788 877 3879 qnod
892 3789 994 3858 nobis
1011 3791 1164 3880 aperiret
1183 3798 1218 3858 et
1237 3788 1371 3858 diceret
1388 3808 1433 3857 an
1454 3808 1495 3857 ea
1515 3808 1585 3878 que
1604 3798 1724 3856 contra
1741 3783 1854 3856 fitium

428 3906 531 3955 sunm
554 3886 596 3954 N.
628 3887 823 3979 predictum
849 3886 1061 3979 deposuerat
1083 3885 1267 3956 veritatem
1288 3885 1529 3972 continerent3
1552 3885 1610 3976 qui
1632 3906 1696 3954 sne
1717 3883 1856 3955 malicie

428 3986 590 4054 conscius
610 3996 645 4054 et
664 3985 708 4054 ad
733 3986 974 4070 corrediens,
1005 3984 1216 4054 constitutus
1241 3984 1276 4052 in
1291 3982 1421 4074 juditio
1440 4003 1557 4053 coram
1583 3981 1704 4066 nobis,
1727 3993 1855 4074 sponte

429 4091 464 4150 et
483 4080 592 4152 libere
610 4084 817 4174 recognovit
835 4081 929 4173 quod
950 4082 1067 4153 omnia
1088 4092 1123 4151 et
1141 4081 1279 4172 singula
1298 4101 1369 4172 qne
1387 4091 1507 4151 contra
1525 4080 1719 4174 predictum
1741 4076 1854 4149 filium

427 4199 529 4249 snum
565 4181 748 4251 confessus
780 4180 894 4250 fuerat
931 4189 966 4249 et
1001 4179 1213 4272 deposuerat
1246 4188 1347 4249 erant
1378 4177 1464 4249 falsa
1494 4190 1530 4247 et
1567 4177 1698 4248 nnllam
1739 4177 1854 4248 conti-

426 4276 545 4346 nentia
581 4281 765 4348 veritatem
793 4277 921 4348 necin
958 4288 1030 4348 toto
1064 4298 1128 4347 nec
1162 4276 1196 4345 in
1232 4287 1353 4369 parte,
1382 4287 1418 4347 et
1443 4276 1537 4367 quod
1573 4295 1615 4346 ea
1641 4276 1854 4369 deposuerat

426 4385 546 4444 contra
577 4376 770 4467 predictum
803 4373 911 4444 filium
945 4397 1070 4460 sunm,
1104 4374 1217 4445 livore
1244 4374 1426 4444 iracundie
1454 4384 1490 4444 et
1519 4373 1602 4445 odio
1634 4373 1849 4459 concitatus,

426 4483 531 4564 prout
549 4472 614 4543 hec
634 4475 669 4543 in
691 4472 915 4566 processibus
933 4473 1017 4543 inde
1040 4473 1138 4543 lactis
1157 4484 1192 4542 et
1210 4471 1339 4542 habitis
1360 4471 1498 4565 plenius
1517 4474 1761 4558 continentur,
1782 4490 1854 4563 que

425 4571 541 4640 omnia
564 4591 681 4641 coram
701 4570 964 4642 venerabilibus
982 4591 1024 4641 ac
1048 4569 1200 4641 dominis
1220 4569 1348 4640 talibus
1367 4579 1403 4640 et
1422 4570 1551 4639 talibus
1570 4569 1611 4638 N.
1634 4581 1670 4638 et
1687 4568 1727 4637 N.
1752 4567 1850 4638 vica·

424 4668 486 4738 riis
506 4667 584 4738 talis
602 4668 644 4736 N.
667 4668 824 4762 episcopi
853 4690 894 4739 ac
921 4669 1025 4739 etiam
1051 4688 1168 4740 coram
1191 4662 1230 4763 [N
1251 4668 1295 4736 57
1317 4664 1353 4765 d]
1377 4667 1499 4750 nohis,
1528 4667 1685 4760 predicto
1705 4667 1795 4758 patri
1815 4666 1851 4734 in

420 4765 549 4856 juditio
576 4767 767 4838 constituto
794 4767 940 4836 lecimus
971 4765 1108 4836 recitari
1139 4765 1406 4855 intelligibiliter
1434 4767 1470 4834 in
1502 4764 1662 4856 volgari,
1693 4762 1754 4856 qni
1783 4761 1852 4833 snb

424 4866 556 4933 virtute
576 4875 658 4934 tnnc
676 4873 709 4935 et
729 4865 815 4935 alias
834 4885 909 4935 ase
925 4863 1060 4956 prestiti
1076 4865 1267 4954 juramenti
1283 4865 1400 4934 omnia
1416 4873 1451 4933 et
1465 4862 1603 4954 singula
1618 4882 1725 4954 snpra
1741 4860 1849 4945 dicta,

423 4971 572 5052 sponte,
594 4962 725 5049 libere,
754 4974 790 5033 et
811 4962 889 5032 sine
914 4961 1083 5032 violentia
1110 4963 1316 5053 recognovit
1335 4971 1370 5031 et
1392 4961 1544 5032 assernit
1563 4981 1641 5031 esse
1660 4978 1765 5045 vera,
1786 4977 1851 5050 pe·

425 5069 502 5128 tens
534 5056 712 5130 humiliter
739 5059 807 5130 sibi
835 5080 898 5152 pro
926 5061 1105 5152 premissis
1133 5058 1267 5150 injungi
1298 5059 1524 5151 penitentiam
1554 5059 1760 5128 salutarem¹
1777 5051 1852 5148 (vel
