4574 6404
809 672 961 726 sncuuon
987 672 1084 726 oms.
1621 652 1667 722 57

235 832 285 903 ito
302 830 412 904 aaut
428 830 591 925 superius
610 830 681 902 loco
699 853 762 901 suo
782 855 794 899 .·
816 831 1015 901 amouimus
1035 852 1097 900 seu
1124 829 1352 921 deposuimus
1371 849 1494 900 cruces
1511 829 1556 900 de
1576 828 1667 901 liltrn

236 930 294 1000 tali
320 929 363 1000 N.
390 930 436 1000 de
464 928 522 999 tali
551 928 629 1000 loco
656 928 722 999 sihi
751 929 833 1000 olim
861 928 1041 1020 impositas
1067 928 1208 999 nomine
1229 926 1419 1018 penitentie
1449 949 1510 1019 per
1529 949 1585 997 me
1605 949 1667 1020 pro

237 1026 303 1099 hiis
324 1049 396 1118 qne
414 1027 637 1098 commiserat
658 1028 693 1096 in
718 1026 809 1098 iacto
828 1025 983 1112 heresis,
1006 1039 1141 1097 retenta
1161 1024 1283 1108 nobis,
1306 1035 1391 1105 etc..
1412 1024 1518 1094 nichil
1539 1025 1666 1095 immn-

235 1136 350 1197 tantes
366 1125 401 1194 in
419 1125 519 1206 aliis,
542 1134 610 1195 etc.
634 1127 825 1217 utsupra).

235 1379 268 1444 3.
292 1379 428 1447 Forma
444 1381 566 1445 litters
584 1380 849 1445 testimonialis
865 1381 908 1443 de
930 1380 1122 1444 eductione
1146 1380 1242 1444 muri
1265 1380 1305 1443 in
1330 1395 1498 1443 sermone
1520 1381 1667 1461 publico

393 1504 476 1554 cum
491 1487 666 1552 crucibus
680 1495 717 1551 st
732 1488 1095 1568 peregrinationibus
1110 1494 1146 1550 et
1159 1487 1244 1551 aliis
1259 1487 1505 1563 generalibus.

282 1730 466 1801 Universis
491 1730 618 1801 Christi
644 1729 808 1802 fidelibus
837 1741 1018 1824 presentes
1042 1731 1175 1799 litteras
1200 1729 1433 1822 inspecturis,
1457 1730 1563 1800 irater
1587 1729 1666 1800 Ber·

235 1829 382 1913 nardus,
411 1829 489 1900 ord.
522 1828 680 1913 predic,
710 1828 897 1919 inquisitor
926 1828 1080 1899 heretice
1110 1827 1292 1919 pravitatis
1319 1828 1353 1896 in
1384 1849 1493 1919 regno
1524 1827 1668 1898 Franeie

236 1948 297 2018 per
315 1928 436 1997 sedem
455 1927 685 2016 apostolicam
712 1926 922 2019 deputatae,
944 1926 1093 1996 salutem
1119 1925 1154 1994 in
1174 1935 1292 1995 actore
1317 1922 1399 1996 fidei
1421 1925 1570 1996 Domino
1585 1925 1667 1996 lesu

234 2021 385 2097 Christo.
407 2065 455 2076 -
471 2024 607 2095 Tenore
633 2025 848 2117 presentium
870 2035 990 2095 notum
1013 2023 1073 2094 liat
1092 2022 1201 2116 quod,
1218 2044 1297 2093 cum
1314 2023 1447 2093 dudum
1470 2024 1547 2093 talis
1561 2024 1603 2093 N.
1622 2024 1668 2093 de

236 2121 293 2191 tali
314 2121 393 2193 loco
419 2143 483 2215 pro
502 2121 571 2192 hiis
597 2143 667 2214 que
692 2122 916 2192 commiserat
941 2121 975 2190 in
1004 2121 1150 2191 crimine
1170 2120 1358 2214 dampnate
1380 2115 1420 2216 [l0
1438 2117 1480 2191 ut
1506 2118 1539 2219 a]
1565 2120 1667 2192 here-

234 2219 282 2289 sis
317 2219 423 2291 lucrit
455 2219 500 2290 ad
537 2240 714 2291 carcerem
747 2221 837 2289 muri
868 2219 913 2290 ad
945 2219 1121 2310 agendum
1152 2219 1378 2311 penitentiam
1413 2219 1669 2290 sententialiter

234 2318 537 2410 condempnatus,
572 2317 606 2386 in
642 2339 713 2409 quo
744 2318 873 2389 nostris
909 2328 945 2387 et
974 2316 1128 2388 Ecclesie
1161 2315 1340 2387 humiliter
1377 2317 1533 2409 parendo
1568 2337 1667 2386 man-

235 2415 326 2485 datis
352 2416 418 2486 luit
444 2427 496 2487 tot
521 2416 623 2487 annis
648 2428 886 2487 commoratus
912 2436 1011 2484 suam
1039 2415 1169 2485 ibidem
1195 2414 1419 2506 penitentiam
1448 2414 1664 2508 peragendo,

235 2534 298 2584 nos
326 2535 395 2584 una
425 2535 504 2584 cum
534 2514 593 2583 tali
621 2514 663 2583 N.
695 2514 902 2605 inquisitore
932 2513 1065 2604 collega
1095 2523 1215 2582 nostro
1246 2565 1255 2598 ,
1288 2533 1329 2582 ac
1355 2513 1573 2582 etiamnum
1604 2534 1665 2583 ve·
1740 2565 1742 2569 -

236 2611 384 2681 uerabili
414 2623 448 2682 et
480 2611 632 2683 discreto
660 2612 738 2682 viro
771 2611 829 2681 tali
858 2611 900 2680 N.
937 2610 1123 2681 reverendi
1155 2610 1189 2678 in
1223 2609 1359 2681 Christo
1392 2610 1500 2703 patris
1531 2611 1666 2681 domini

236 2708 314 2779 talis
343 2710 502 2802 episcopi
529 2710 563 2779 in
594 2709 660 2780 hac
687 2713 784 2802 parte
810 2709 1052 2780 commissario
1079 2707 1263 2800 deputato,
1286 2708 1362 2778 visa
1389 2709 1493 2777 etiam
1523 2720 1559 2779 et
1583 2730 1668 2780 cona

234 2806 386 2876 siderate
424 2806 622 2877 humilitate
655 2828 696 2877 ac
729 2806 908 2899 paciencia
940 2805 1063 2899 prelati
1097 2805 1156 2891 Ν.,
1186 2827 1310 2898 penem
1340 2827 1401 2876 sen
1437 2806 1663 2898 penitentiam

234 2903 299 2973 sihi
331 2905 483 2975 carceris
514 2905 731 2996 mitigantes,
755 2905 799 2975 de
826 2906 998 2976 honorum
1027 2904 1183 2974 virorum
1211 2904 1358 2974 consilio
1384 2904 1537 2974 eundem
1560 2904 1664 2976 talem

234 3001 292 3081 N..
316 3005 350 3071 in
380 3023 544 3074 sermone
566 3003 812 3094 inquisitorum
838 3002 978 3096 publico
1006 3002 1096 3072 lacto
1125 3005 1160 3070 in
1190 3002 1337 3071 ecclesia
1357 3001 1473 3071 Sancti
1497 3001 1663 3094 Stephani

233 3097 405 3186 morose,
434 3122 453 3170 a
487 3100 644 3193 predicto
679 3102 768 3170 muri
795 3121 936 3170 carcere
970 3099 1138 3169 duximus
1165 3098 1416 3185 relaxandum,
1440 3100 1665 3191 injungentes

234 3198 370 3285 eidem,
398 3199 465 3269 snb
485 3199 616 3269 virtute
635 3219 677 3268 ao
697 3197 817 3269 debito
843 3220 862 3268 a
888 3219 927 3268 se
954 3196 1088 3292 prestiti
1107 3197 1314 3288 juramenti,
1336 3198 1371 3267 in
1391 3197 1664 3270 commutatione

235 3295 326 3366 dicte
359 3296 553 3389 penitentie
578 3295 729 3367 carceris
754 3296 832 3367 sive
858 3296 966 3383 muri,
987 3293 1083 3387 quod
1110 3295 1146 3364 in
1174 3295 1441 3366 detestationem
1461 3298 1591 3367 veteris
1613 3317 1665 3367 er-

236 3394 323 3464 roris
350 3395 385 3462 in
415 3394 509 3465 omni
540 3405 640 3464 veste
666 3413 752 3480 sua,
783 3405 931 3485 excepta
966 3393 1109 3464 camisia
1141 3392 1318 3479 interiori,
1352 3404 1466 3487 portet
1494 3406 1663 3486 perpetuo

236 3491 323 3562 duas
348 3513 470 3563 cruces
501 3490 659 3585 duplices
686 3490 787 3582 (vel:
815 3488 1004 3586 simplices)
1033 3489 1078 3561 de
1103 3488 1217 3577 filtro,
1243 3492 1357 3562 crocei
1382 3490 1530 3578 coloris,
1557 3512 1662 3561 unam

235 3590 389 3661 anterius
423 3602 506 3660 ante
537 3602 659 3683 pectus
689 3601 724 3660 et
754 3589 858 3659 aliam
894 3589 1067 3682 posterius
1101 3589 1191 3659 inter
1223 3589 1401 3680 spatulas,
1431 3588 1510 3660 sine
1533 3590 1663 3681 quibus

236 3687 515 3780 prominentibus
547 3708 611 3757 seu
646 3688 897 3780 apparentibus
932 3687 1021 3756 intra
1059 3685 1201 3757 domum
1241 3686 1297 3756 vel
1331 3698 1431 3759 extra
1465 3686 1510 3756 de
1546 3700 1663 3758 cetero

236 3805 302 3855 non
332 3786 495 3870 incedat,
526 3806 675 3878 querum
711 3784 889 3876 quantitas
914 3785 960 3854 sit
991 3786 1142 3854 duorum
1175 3783 1368 3876 palmorum
1396 3795 1432 3855 et
1456 3784 1593 3855 dimidii
1626 3786 1662 3853 in

235 3883 453 3974 longitudine
489 3882 671 3953 brachium
711 3905 837 3967 riuum,
868 3893 904 3952 et
935 3882 1085 3954 duorum
1121 3881 1315 3974 palmorum
1350 3881 1446 3952 alind
1480 3881 1661 3952 brachium

235 4001 294 4050 seo
327 3981 585 4066 transversale3
616 3980 813 4071 habeatque
845 3992 1032 4070 utrumque
1069 3979 1248 4049 ltrachinm
1280 3981 1383 4049 trium
1414 3980 1448 4048 in
1476 4000 1515 4051 se
1544 3979 1661 4050 latitu-

235 4078 350 4147 dinem
381 4079 608 4169 digittorum3
641 4078 855 4169 easdemque
882 4079 1048 4147 continno
1080 4074 1212 4147 reficiat
1238 4078 1293 4148 vel
1324 4078 1493 4164 innovet,
1514 4076 1543 4146 si
1569 4099 1662 4146 rum-

236 4188 362 4268 pantur
400 4188 460 4245 ant
496 4173 662 4246 deficiant
698 4186 874 4245 vetustate
911 4170 951 4271 [1⁰
984 4173 1025 4245 hl
1063 4171 1113 4271 hl.
1150 4175 1235 4246 ltem
1275 4175 1573 4268 peregrinationes
1607 4172 1663 4270 (l)

235 4286 434 4345 sanctorum
470 4273 707 4366 apostolorum
740 4273 832 4343 Petri
863 4284 898 4343 et
929 4273 1026 4343 Pauli
1060 4273 1168 4343 Rome
1194 4282 1229 4342 et
1259 4272 1390 4343 ibidem
1426 4292 1529 4342 unam
1560 4273 1664 4345 iaciat

235 4371 562 4463 quadragesimam,
601 4382 801 4441 sanctorum
839 4371 873 4438 in
912 4370 999 4440 urbe
1032 4370 1151 4438 limina
1187 4368 1393 4457 visitand03
1429 4370 1512 4440 item
1546 4370 1663 4440 Sancti

234 4468 352 4540 tacobi
378 4468 636 4561 Compostelle,
663 4468 779 4538 Sancti
804 4467 937 4539 Thome
955 4469 990 4536 in
1015 4467 1225 4553 Cantunrin,
1254 4478 1289 4537 et
1314 4467 1431 4538 Trium
1457 4468 1589 4559 Regum
1619 4468 1664 4538 de

234 4564 397 4655 Colonia3
420 4567 501 4637 item
523 4563 579 4661 (2)
602 4565 707 4636 Beate
733 4565 841 4636 Marie
864 4565 909 4636 de
929 4565 1027 4657 Rupe
1049 4563 1242 4650 Amatoris,
1264 4564 1309 4635 de
1332 4565 1441 4636 Podio
1470 4565 1661 4653 Aniciensi,

237 4664 280 4734 de
309 4664 408 4736 Valle
432 4663 559 4750 viridi,
581 4664 626 4734 de
658 4663 799 4734 Tabulis
825 4664 860 4733 in
889 4662 1217 4755 Montepessulano‚
1238 4662 1284 4732 de
1309 4663 1525 4751 Serinhano,
1546 4662 1664 4734 Sancti

269 4970 305 5038 (l)
326 4972 561 5039 Pereprinutioncs
576 4976 696 5040 quatuor
710 4975 841 5041 majores,
857 4974 873 5025 a
887 4971 914 5026 la
927 4987 1035 5042 mauge.

268 5066 305 5136 (i)
323 5065 562 5137 Paraprinotiouer
576 5072 712 5135 trtinoras,
728 5071 746 5124 d
760 5069 786 5124 la
801 5085 909 5141 marga.
