4574 6404
423 647 491 717 178
707 662 870 715 PEACTlCA
896 663 1136 728 lrtQttlsthotlls
1164 665 1326 718 usnemun
1353 658 1564 718 Puavtrn‘trs.

421 822 540 914 gladio
559 823 741 901 leriantur,
764 832 799 890 et
817 822 988 913 usquead
1009 824 1284 895 satisfactionem
1300 824 1511 915 condignam
1531 824 1577 893 ab
1597 823 1763 893 omnibus
1780 823 1862 893 evi-

424 932 558 1002 tentur,
588 921 634 987 ita
658 918 751 1010 quod
782 919 810 986 si
840 940 902 1010 per
931 940 1063 989 annum
1094 921 1128 990 in
1157 922 1522 993 excommunicatione
1550 921 1789 1014 perstiterint,
1812 941 1862 991 ex

424 1032 506 1087 tunc
527 1017 624 1086 volut
643 1015 787 1085 heretici
804 1016 1121 1109 condempnentur.

473 1115 566 1183 ldem
589 1115 732 1183 omnino
751 1111 901 1184 habetur
920 1114 1068 1204 injure,
1087 1115 1192 1185 Extra
1216 1116 1260 1187 de
1277 1116 1442 1186 hereticis
1463 1110 1504 1212 [p
1531 1115 1576 1183 97
1597 1112 1634 1213 d]
1660 1140 1669 1183 z
1691 1112 1857 1185 Eececrn·

422 1212 661 1295 manicemus,
690 1210 726 1279 in
750 1211 775 1302 §
797 1210 868 1289 Qui
894 1217 1013 1281 autem
1041 1211 1174 1282 inventi
1200 1213 1338 1307 suerint
1359 1213 1432 1284 solo
1455 1213 1645 1306 suspitione
1670 1211 1861 1304 notabiles,

422 1323 514 1394 etc.;
536 1310 634 1389 item,
657 1308 761 1378 Extra
780 1330 800 1378 e
825 1309 926 1378 titulo
952 1309 1041 1380 libro
1060 1310 1118 1380 Vl⁰
1137 1335 1144 1378 :
1161 1309 1244 1380 Cum
1261 1313 1474 1382 contumatia
1491 1312 1526 1380 in
1546 1331 1651 1381 causa
1672 1309 1860 1402 presertim

424 1407 505 1478 fidei
526 1406 711 1498 suspitioni
735 1409 1031 1498 presumptionem
1048 1409 1178 1478 adiciat
1198 1409 1465 1489 vehementem,
1485 1410 1514 1478 si
1527 1420 1713 1501 suspectus
1731 1407 1777 1478 de
1796 1407 1859 1478 he·

424 1506 490 1575 resi
513 1515 695 1575 uocatusa
721 1503 823 1574 robis
847 1516 884 1573 ut
905 1504 949 1574 de
975 1502 1044 1575 fide
1065 1506 1297 1599 respondeat,
1320 1504 1696 1576 excommunicationis
1713 1504 1860 1575 vinculo

426 1626 488 1695 pro
508 1625 550 1673 eo
570 1602 665 1693 quod
687 1622 811 1693 parere
835 1601 1047 1693 subterfugit
1072 1615 1132 1672 aut
1161 1604 1413 1675 contumaciter
1439 1625 1478 1673 se
1503 1604 1686 1685 absentat,
1710 1624 1771 1694 per
1792 1623 1860 1673 vos

424 1702 528 1770 luerit
549 1700 736 1769 innodatus
756 1719 861 1790 quam
893 1721 1104 1791 perannum
1130 1703 1249 1772 animo
1275 1704 1447 1772 sustineat
1482 1700 1673 1794 pertinaci,
1705 1722 1750 1770 ex
1776 1710 1863 1771 tunc

424 1800 521 1868 velut
539 1797 713 1867 hereticus
730 1796 1022 1889 condempnetur.

472 1897 521 1966 De
540 1895 605 1965 hoc
624 1897 728 1965 etiam
746 1894 895 1964 habetur
915 1897 949 1964 in
966 1896 1043 1986 lege
1060 1898 1230 1990 imperiali
1250 1898 1427 1989 quondam
1443 1897 1616 1966 Frederici
1635 1896 1718 1966 olim
1735 1895 1863 1966 Roma·

424 2016 547 2064 norum
570 1993 788 2084 imperatoris
815 2017 822 2059 :
847 1990 1155 2064 Patharenorum.
1178 1993 1230 2064 Et
1248 1993 1350 2087 infra
1374 2020 1384 2062 :
1413 1993 1603 2074 Catharos‚
1625 1993 1858 2063 Pathareoos.

423 2090 479 2162 Et
498 2091 601 2183 r'nsrc
623 2114 634 2158 :
654 2088 720 2172 Qui
746 2101 863 2159 antem
890 2092 1024 2161 inventi
1046 2092 1174 2163 luerint
1190 2094 1265 2164 sola
1291 2092 1487 2184 suspitione
1507 2092 1698 2172 notabiles,
1722 2089 1791 2160 nisi
1811 2089 1859 2158 ad

426 2189 626 2258 mandatum
648 2187 816 2280 Ecclesie,
834 2189 936 2277 juxta
956 2190 1275 2261 considerationem
1304 2190 1523 2282 suspitionis,
1546 2189 1752 2281 qualitatem
1775 2208 1861 2280 per·

424 2309 524 2369 sone,
549 2287 722 2378 propriam
741 2285 975 2355 innocentiam
992 2308 1147 2379 congrua
1164 2288 1372 2381 purgatione
1390 2289 1676 2373 monstraverint,
1689 2295 1861 2376 tanquam

426 2386 574 2454 infames
590 2396 625 2454 et
644 2383 779 2452 banniti
799 2387 844 2452 ab
861 2384 1025 2455 omnibus
1054 2385 1270 2470 habeantur,
1294 2385 1340 2454 ita
1361 2384 1478 2476 quod,
1505 2385 1535 2454 si
1562 2384 1613 2454 sic
1640 2404 1702 2476 per
1723 2402 1861 2451 annum

427 2480 744 2576 perseveraverint,
764 2502 809 2551 ex
831 2493 914 2551 tunc
933 2503 994 2553 eos
1009 2484 1101 2554 sicut
1123 2483 1298 2553 hereticos
1316 2482 1633 2575 condempnamus.

472 2580 514 2674 d)
532 2578 680 2662 Quarto,
699 2591 845 2671 possunt
860 2579 1086 2672 inquisitores
1105 2582 1413 2652 excommunicare
1426 2600 1549 2650 omnes
1562 2577 1813 2671 participantes
1824 2588 1862 2646 et

421 2677 723 2749 communicantes
742 2699 821 2747 cum
843 2677 1156 2749 excommnnicatis
1191 2700 1210 2748 a
1236 2699 1288 2748 se.
1317 2678 1366 2747 De
1394 2676 1461 2748 hoc
1487 2677 1637 2747 hahetur
1666 2676 1701 2744 in
1722 2673 1860 2744 eisdem

423 2775 562 2846 statutis
579 2773 737 2866 Gregorii
758 2795 847 2867 pape
866 2774 921 2844 lX‘
941 2800 950 2842 ι
973 2774 1358 2859 Eecommunicomus,
1374 2785 1409 2846 et
1424 2774 1618 2846 Alexandri
1638 2794 1726 2866 pape
1745 2770 1824 2841 llllti
1851 2798 1859 2839 :

425 2872 577 2944 Noverit
594 2871 808 2943 universitas
818 2877 947 2943 cestra.
967 2871 1018 2942 Et
1032 2873 1135 2966 infra
1151 2901 1162 2942 :
1181 2874 1215 2944 Si
1229 2874 1288 2967 qui
1304 2883 1421 2942 autem
1436 2872 1536 2955 tales,
1549 2869 1701 2941 subaudi
1714 2890 1861 2940 excom-

426 2972 647 3055 municatos,
677 2981 861 3063 postquam
890 2970 936 3041 ab
962 2971 1115 3042 Ecclesia
1147 2973 1277 3041 luerint
1301 2970 1458 3040 denotati
1490 2965 1531 3066 [p
1555 2969 1600 3037 98
1633 2964 1693 3065 al,
1721 2966 1861 3037 evitare

421 3069 711 3161 contempserint,
730 3069 1104 3139 excommunicationis
1124 3069 1299 3140 sententia
1319 3067 1567 3161 percellantur,
1588 3067 1675 3136 alias
1694 3064 1859 3135 animad-

427 3167 593 3237 versione
612 3165 730 3236 debita
752 3165 935 3258 puniendi.

473 3265 522 3334 De
550 3263 616 3334 hoc
637 3264 761 3334 eodem
793 3262 940 3334 babetur
971 3266 1006 3332 in
1031 3266 1130 3354 jure,
1153 3263 1261 3334 Extra
1285 3265 1331 3335 de
1354 3263 1518 3336 hereticis
1551 3289 1558 3331 :
1590 3260 1857 3333 Eccommum'·

423 3384 559 3447 canses,
587 3365 623 3431 in
647 3363 672 3453 §
698 3361 887 3431 Credentes
912 3372 1092 3453 preterea,
1122 3372 1383 3453 receptatores,
1413 3362 1618 3432 delensores
1643 3370 1678 3429 et
1701 3360 1859 3431 lautores

424 3460 658 3530 hereticorum
680 3456 1035 3530 excommunicationi
1057 3460 1282 3530 decernimus
1301 3460 1505 3551 subjacere,
1530 3457 1677 3528 firmiter
1697 3467 1859 3528 statuen-

425 3573 476 3628 tes
499 3572 555 3642 ut,
579 3570 761 3649 postquam
782 3556 930 3649 quilibet
949 3556 1068 3625 talium
1096 3557 1467 3628 excommunicatione
1487 3569 1645 3637 notatus,
1668 3555 1698 3624 si
1718 3555 1860 3625 satisla-

424 3678 505 3726 cere
525 3655 791 3746 contempserit,
814 3654 903 3723 inlra
923 3674 1053 3723 annum
1076 3676 1121 3724 ex
1143 3653 1208 3724 hoc
1229 3655 1305 3747 ipso
1329 3657 1411 3744 jure
1429 3654 1475 3724 sit
1495 3653 1605 3723 lactus
1631 3653 1785 3723 infamis.
1809 3649 1864 3722 El

426 3755 527 3844 infra
545 3777 556 3820 .·
573 3752 610 3822 Si
624 3752 684 3844 qui
700 3763 815 3821 autem
837 3750 935 3838 tales,
955 3763 1137 3844 postquam
1157 3752 1201 3821 ab
1217 3751 1370 3822 Ecclesia
1386 3751 1517 3821 luerint
1532 3751 1705 3836 denotati,
1722 3749 1861 3848 evitare

424 3853 724 3943 crtrrtempserint,
762 3850 1136 3920 excommunicationis
1162 3850 1337 3920 sententia
1370 3870 1482 3940 usque
1509 3849 1555 3919 ad
1580 3848 1858 3919 satislactionem

427 3950 600 4041 ydoneam
622 3946 868 4040 percellantur.

473 4047 510 4115 B.
539 4086 587 4096 -
606 4045 791 4115 Absolutio
814 4056 930 4114 autem
951 4046 1195 4136 inquisitorum
1222 4045 1268 4114 ah
1290 4044 1666 4116 excommunicationis
1681 4045 1860 4114 sententia

427 4145 595 4235 precellit,
616 4143 780 4234 quianon
802 4142 916 4212 solum
936 4154 1082 4234 possunt
1101 4141 1289 4213 absolvere
1308 4143 1634 4213 excommunicatos
1653 4161 1672 4209 a
1694 4162 1733 4210 se
1751 4160 1815 4210 seu
1838 4161 1861 4210 a

426 4243 609 4310 sententiis
628 4263 648 4309 a
668 4262 707 4310 se
727 4240 824 4332 latis,
845 4252 900 4310 set
914 4240 1019 4310 etiam
1040 4239 1364 4312 excommunicatos
1384 4261 1402 4310 a
1416 4243 1497 4330 jure
1517 4261 1579 4310 seu
1600 4260 1619 4309 a
1637 4259 1772 4310 canone
1792 4260 1860 4331 pro

424 4339 570 4408 crimine
596 4339 741 4409 heresis.
764 4338 813 4408 De
832 4337 900 4407 hoc
918 4348 1035 4407 autem
1059 4338 1208 4408 hahetur
1231 4348 1388 4408 notatum
1416 4338 1506 4408 inlra
1536 4337 1581 4407 de
1608 4345 1781 4430 potestate
1800 4337 1858 4406 in-

426 4438 635 4527 quisitorum
658 4461 665 4503 :
686 4436 803 4506 Tercle
817 4441 972 4527 possunt.

476 4536 485 4602 l
492 4548 573 4616 tem,
595 4534 685 4603 sicut
705 4545 851 4625 possunt
868 4533 1083 4604 denunciare
1095 4534 1252 4604 lautores
1265 4532 1501 4605 hereticorum
1518 4533 1594 4625 ipso
1609 4533 1693 4622 jure
1708 4553 1788 4602 esse
1804 4533 1860 4602 in·

429 4634 559 4712 lameS,
583 4632 627 4700 ita
653 4652 864 4702 econverso
885 4644 1032 4724 possunt
1056 4632 1198 4703 eosdem
1231 4631 1405 4714 lautores,
1433 4631 1461 4701 si
1481 4630 1638 4723 aliquem
1662 4629 1859 4700 hereticum

429 4732 482 4799 rel
504 4728 676 4800 hereticos
692 4728 892 4799 detexerint
916 4741 978 4799 aut
996 4730 1177 4823 ceperint,
1200 4731 1433 4822 pronunciare
1458 4731 1536 4821 ipso
1556 4729 1638 4819 jure
1666 4748 1745 4798 esse
1765 4728 1860 4798 lame

429 4828 574 4918 pristine
593 4827 784 4896 restitutos.
807 4827 856 4896 De
874 4826 940 4897 hoc
959 4826 1108 4897 habetur
1134 4829 1168 4895 in
1190 4827 1268 4918 lege
1288 4825 1460 4917 imperiali
1480 4824 1657 4918 quondam
1678 4824 1860 4895 Frederici

427 4923 471 4992 de
490 4924 650 4994 hereticis
674 4950 682 4992 :
704 4922 998 4994 Pcllrarertorum
1017 4930 1266 5019 receptatores.
1288 4921 1343 4993 Et
1361 4923 1465 5017 infra
1493 4948 1504 4991 .·
1530 4923 1566 4993 Si
1591 4935 1706 4994 tamen
1727 4921 1860 5014 aliquis

428 5021 472 5090 de
500 5021 579 5089 liliis
605 5023 778 5090 lautorum
805 5021 1007 5113 hujusmodi
1038 5022 1212 5094 detexerit
1237 5022 1391 5113 aliquem
1421 5020 1654 5092 Patharenum
1681 5020 1725 5090 de
1753 5021 1859 5110 cujus
