4574 6404
1002 651 1152 706 sncunns
1178 649 1275 705 anas.
1808 631 1853 700 tc

346 883 351 892 ,
425 807 575 903 causu);
598 803 799 879 intimantes
822 808 937 880 eidem
961 808 1020 879 tali
1040 810 1081 880 N.
1103 809 1197 900 qnod
1221 810 1256 879 in
1280 808 1358 878 aliis
1382 809 1500 900 quein
1523 808 1646 880 litteris
1670 829 1734 878 sne
1754 808 1852 900 peni-

427 906 535 978 tentie
560 904 784 977 continentur
808 905 914 977 nichil
940 907 1080 999 penitus
1110 906 1354 993 immutamus;
1384 917 1420 977 et
1446 905 1560 977 eidem
1591 906 1740 977 litteram
1771 925 1852 974 cnm

424 1002 540 1095 sigillo
574 1013 694 1074 nostro
726 1024 833 1096 super
861 1004 1082 1097 depositione
1109 1024 1251 1074 crucum
1279 1003 1503 1095 hujusmodi,
1528 1003 1558 1073 si
1586 1002 1738 1074 voluerit
1767 1013 1801 1072 et
1832 1020 1852 1071 a

426 1101 528 1172 nobis
548 1100 711 1194 pecierit,
733 1101 980 1173 concedemus.
1003 1102 1147 1186 ilatum,
1168 1112 1235 1172 etc.

425 1353 482 1419 ta.
507 1354 641 1418 Forma
654 1347 777 1419 littere
793 1355 1054 1420 testimonialis
1070 1355 1303 1437 inquisitoris
1323 1370 1433 1435 snper
1455 1353 1681 1435 depositione
1701 1368 1853 1419 crucum

880 1461 981 1527 iacta
996 1479 1062 1543 per
1075 1463 1189 1528 alium
1205 1464 1285 1527 vics
1300 1463 1391 1542 ejus.

472 1706 543 1776 Nos
561 1706 668 1776 irater
688 1706 766 1776 talis
785 1705 844 1793 N.,
867 1706 1053 1798 inquisitor
1070 1706 1223 1778 heretice
1242 1707 1439 1800 pravitatis,
1461 1717 1545 1790 etc,
1569 1716 1690 1778 tenore
1709 1726 1854 1799 presen-

426 1803 511 1873 tium
537 1813 659 1873 notum
684 1803 830 1874 iacimus
853 1799 894 1900 [ίο
912 1801 959 1875 29
979 1799 1016 1901 b]
1039 1804 1217 1875 universis
1245 1803 1340 1896 quod
1368 1826 1412 1876 ex
1437 1803 1581 1895 speciali
1607 1804 1854 1875 commissione

426 1911 543 1972 nostra
568 1920 688 1971 cruces
708 1899 753 1972 de
773 1899 865 1973 filtro
885 1901 1028 1972 luerunt
1045 1901 1206 1994 deposite
1228 1922 1289 1994 per
1308 1900 1411 1972 talem
1430 1901 1472 1971 N.
1494 1902 1551 1972 tuli
1572 1901 1614 1970 N.
1634 1901 1680 1970 de
1698 1900 1756 1970 tali
1778 1900 1854 1972 loco

428 1999 505 2069 talis
521 1997 702 2093 dyocesis,
721 1999 757 2068 in
777 1999 834 2068 tali
855 1999 943 2070 festo
962 2013 997 2071 et
1015 1999 1049 2068 in
1069 1999 1128 2069 tali
1150 1999 1315 2083 ecclesia,
1338 2001 1373 2068 in
1395 1999 1501 2069 missa
1521 2008 1600 2091 post
1613 1996 1852 2088 evangelium,

426 2096 556 2167 ibidem
575 2097 706 2188 populo
722 2106 949 2188 congregato,
966 2096 1096 2166 intuitu
1112 2107 1148 2168 et
1163 2096 1274 2187 gratia
1288 2117 1330 2167 ac
1346 2095 1543 2167 reverentia
1560 2095 1694 2188 piarum
1713 2115 1855 2184 precum

427 2193 547 2263 talium
568 2213 816 2287 personarum,
853 2215 989 2265 necnon
1018 2195 1073 2287 pie
1099 2194 1334 2265 miserationis
1357 2194 1503 2280 aflectu,
1535 2203 1573 2263 nt
1591 2191 1683 2262 idem
1703 2191 1746 2263 N.
1767 2191 1856 2265 filias

426 2311 507 2361 suas
535 2301 654 2384 posset
687 2291 940 2384 expediencins
972 2291 1162 2379 maritare,
1198 2312 1286 2384 ques
1313 2312 1435 2362 cruces
1460 2290 1575 2362 eidem
1602 2289 1644 2362 N.
1679 2289 1762 2361 olim
1789 2291 1856 2361 im-

427 2408 655 2481 posueramus
693 2389 882 2483 portandas
919 2389 1062 2462 nomine
1099 2389 1293 2482 penitentie
1330 2409 1393 2482 pro
1426 2388 1494 2458 biis
1532 2408 1601 2480 que
1634 2388 1856 2459 commiserat

426 2486 459 2554 iu
499 2487 591 2557 lacto
629 2485 784 2557 heretice
818 2486 1022 2579 pravitatis,
1047 2508 1160 2578 usque
1189 2487 1235 2557 ad
1262 2497 1399 2578 tempus
1429 2507 1500 2578 quo
1539 2485 1688 2579 primum
1719 2506 1854 2558 sermo·
1942 2493 1945 2500 '

427 2605 503 2655 nem
539 2584 784 2676 inquisitorum
818 2585 997 2675 continget
1034 2583 1108 2655 fieri
1146 2584 1365 2675 generalem,
1401 2584 1447 2655 ad
1483 2605 1586 2676 quem
1625 2584 1856 2676 personaliter

427 2683 545 2764 veniat
566 2703 646 2752 cnm
670 2684 834 2753 crucibus
856 2682 928 2772 jam
951 2681 1139 2774 resumptis
1158 2681 1226 2752 sub
1246 2682 1366 2753 debito
1384 2702 1404 2751 a
1424 2702 1463 2752 se
1484 2680 1616 2774 prestiti
1640 2679 1851 2774 juramenti3

429 2778 533 2849 nichil
565 2779 791 2851 immutantes
821 2780 855 2848 in
885 2779 963 2848 aliis
992 2779 1059 2848 sibi
1088 2800 1151 2871 per
1178 2800 1242 2849 nos
1268 2779 1441 2870 impositis
1466 2790 1501 2849 et
1527 2778 1692 2867 injunctis
1720 2799 1790 2870 que
1816 2779 1852 2849 in

427 2875 549 2947 litteris
575 2897 639 2946 sue
668 2876 859 2969 penitentie
890 2876 1127 2947 continentur.
1155 2877 1191 2945 ln
1220 2878 1321 2966 cujus
1352 2878 1401 2946 rei
1429 2875 1666 2947 testimonium
1698 2874 1852 2966 sigillum

358 2975 361 2981 '
428 2984 582 3045 nostrum
604 2975 824 3068 presentibus
844 2973 1012 3044 duximus
1031 2973 1296 3067 apponendum.
1317 2973 1460 3059 Datum,
1482 2985 1549 3044 etc.

427 3226 483 3292 20.
509 3228 642 3293 Forma
659 3227 733 3292 alia
751 3229 955 3307 deponendi
971 3245 1036 3293 ssu
1052 3229 1304 3294 commutandi
1324 3244 1450 3294 eruces
1473 3229 1584 3293 alloni
1600 3228 1741 3294 intuitu
1763 3229 1854 3295 libe·

1070 3352 1206 3400 rorum.

475 3578 610 3651 Tenore
631 3578 845 3671 presentium
862 3589 981 3672 pateat
998 3576 1124 3651 Christi
1144 3577 1307 3651 fidelihus
1327 3578 1502 3651 universis
1521 3581 1631 3674 qnod,
1653 3602 1732 3651 cnm
1750 3582 1852 3653 nobis

427 3675 484 3745 tali
503 3675 544 3745 N.
564 3676 762 3768 inquisitori
783 3677 887 3747 luerit
907 3675 1086 3748 humiliter
1105 3677 1338 3769 supplicatum
1358 3678 1453 3769 quod
1473 3678 1553 3749 talis
1569 3678 1611 3748 N.
1631 3678 1676 3749 de
1696 3679 1754 3749 tali
1775 3679 1853 3752 loco

426 3793 528 3842 cruce
549 3773 707 3863 signatus
733 3775 858 3844 multus
878 3773 1028 3845 habehat
1049 3773 1138 3844 filias
1163 3776 1377 3846 maritandas
1398 3775 1499 3866 (vel.·
1521 3773 1611 3847 lilios
1630 3776 1852 3872 exorandos)

426 3891 488 3962 pro
512 3871 640 3961 quihus
663 3874 915 3942 convenienter
935 3893 999 3942 nec
1022 3872 1168 3944 faciliter
1189 3867 1231 3968 [N
1249 3870 1296 3942 29
1315 3868 1349 3969 c]
1373 3874 1469 3944 viros
1488 3872 1627 3944 filiabus
1645 3871 1714 3968 (uel
1731 3898 1743 3941 .·
1763 3897 1851 3948 uxo·

426 3987 481 4037 res
501 3965 614 4061 filiis),
637 3970 804 4060 quamdiu
825 3991 946 4040 cruces
967 3981 1139 4062 portaret,
1163 3971 1305 4041 minime
1325 3980 1460 4065 poterat
1484 3971 1663 4055 invenire,
1684 3993 1749 4042 nos
1774 3994 1852 4064 pre·

426 4064 516 4134 latus
533 4065 721 4157 inquisitor
740 4068 824 4138 moti
853 4068 981 4137 intuitu
1007 4067 1163 4160 pietatis,
1184 4068 1249 4161 piis
1274 4079 1309 4141 et
1331 4068 1493 4163 precibus
1508 4067 1682 4153 inclinati,
1700 4069 1735 4136 in
1751 4070 1851 4142 favo·

425 4183 498 4232 rem
527 4164 739 4235 matrimonii
764 4165 1021 4257 predictorum,
1044 4165 1158 4236 eidem
1187 4166 1243 4235 tali
1261 4167 1301 4237 N.
1324 4186 1447 4237 cruces
1472 4165 1554 4237 olim
1579 4165 1646 4237 sibi
1670 4166 1852 4260 impositas

425 4260 568 4332 nomine
588 4261 781 4352 penitentie
799 4283 863 4354 pro
887 4261 953 4332 hiis
972 4284 1043 4354 qne
1062 4264 1285 4334 commiserat
1306 4265 1340 4332 in
1362 4264 1454 4333 lacto
1472 4262 1626 4334 heretice
1646 4264 1849 4356 pravitatis,

425 4357 667 4452 deposuimus,
688 4359 814 4429 dictem
837 4362 1064 4452 penitentiam
1082 4363 1117 4430 in
1134 4361 1201 4430 alia
1223 4361 1362 4454 pietatis
1381 4381 1487 4454 opera
1507 4372 1783 4449 commutantes3
1806 4363 1851 4435 de

425 4455 552 4548 quibus
569 4455 732 4526 debonis
751 4457 827 4526 suis
839 4457 883 4526 ad
901 4470 1058 4528 nostrum
1075 4458 1259 4528 arbitrium
1274 4458 1459 4545 satisfecit3
1478 4468 1612 4529 retenta
1628 4459 1743 4544 nobis,
1761 4470 1848 4545 etc.;

425 4552 530 4623 nichil
553 4553 776 4624 immutantes
794 4554 830 4623 in
850 4552 943 4641 aliis,
966 4566 1051 4640 etc,
1072 4565 1234 4648 utsupra
1252 4552 1390 4649 (celsio
1410 4579 1422 4623 :
1442 4557 1537 4648 quod
1559 4556 1635 4626 talis
1653 4556 1695 4626 N.
1721 4556 1767 4628 de
1792 4558 1851 4627 tali

425 4650 502 4721 loco
522 4649 650 4721 multos
670 4650 822 4722 hahebat
840 4672 967 4744 pueros
989 4653 1155 4745 parvulos
1174 4652 1303 4744 quibus
1322 4650 1557 4741 sufficienter,
1578 4654 1746 4746 quamdin
1768 4676 1852 4748 por-

425 4757 513 4818 taret
527 4769 664 4834 cruces,
686 4749 830 4820 minime
851 4759 986 4842 poterat
1002 4749 1205 4843 providere,
1228 4771 1292 4822 nos
1309 4752 1463 4844 prelatus
1484 4751 1683 4843 inquisitor,
1705 4763 1791 4840 etc,
1815 4763 1853 4824 ut

423 4844 557 4916 eisdem
578 4846 735 4939 parvulis
759 4847 869 4939 possit
889 4847 1015 4918 melius
1034 4847 1241 4941 providere,
1263 4861 1347 4936 eto„
1370 4850 1565 4942 utsupra.)
