4574 6404
847 708 983 775 cutura
1007 711 1105 764 runs.
1622 691 1694 762 223

259 866 397 956 beodo;
419 866 516 950 item,
540 887 664 959 panem
685 867 909 938 benedictum
929 889 991 961 per
1002 869 1175 939 hereticos
1189 869 1341 938 scienter
1359 867 1405 937 ab
1415 869 1466 938 ais
1486 867 1542 938 vel
1562 887 1582 936 a
1601 888 1690 958 quo·

258 985 410 1057 cumque
428 963 499 1036 alio
516 964 583 1034 sibi
608 963 727 1034 datum
747 965 802 1035 vel
824 966 966 1036 missum
984 965 1190 1058 accipiendo
1209 975 1245 1036 et
1262 965 1482 1036 comedendo
1501 966 1687 1036 autetiam

261 1083 323 1156 pro
340 1061 695 1154 devotioneipsorum
711 1083 830 1133 secum
848 1065 1110 1152 conservando,
1128 1064 1225 1150 item,
1242 1063 1271 1133 si
1287 1062 1687 1151 hareticatiouialicujus

260 1180 409 1254 persone
426 1163 578 1230 scienter
598 1169 633 1230 ct
651 1158 850 1231 voluntaria
869 1161 1092 1232 interfuerint
1109 1173 1145 1232 et
1168 1163 1332 1254 precipue
1354 1161 1383 1230 si
1403 1161 1563 1230 eamdam
1585 1160 1687 1232 here·

261 1257 459 1328 ficationem
488 1255 565 1326 fieri
595 1258 879 1349 procuraverint,
910 1270 971 1327 aut
1001 1259 1262 1342 consuluerint,
1289 1269 1350 1328 aut
1377 1257 1621 1329 consenserint
1650 1259 1686 1327 in

260 1356 406 1443 eadem3
428 1356 531 1442 item,
560 1349 601 1450 [p
623 1352 691 1425 122
711 1351 748 1452 d]
774 1358 803 1424 si
826 1367 963 1448 pactum
988 1379 1050 1427 seu
1072 1356 1338 1450 promissionem
1360 1356 1523 1426 hereticis
1541 1356 1686 1426 fecerint

259 1452 353 1544 qnod
373 1452 409 1523 in
432 1451 635 1523 infirmitate
654 1474 717 1523 sua
737 1452 793 1523 vel
814 1457 848 1522 in
871 1451 940 1525 fine
959 1475 1024 1525 sno
1045 1455 1257 1547 recipiantur
1276 1454 1321 1523 ab
1340 1454 1391 1524 eis
1418 1454 1451 1521 iu
1478 1463 1608 1523 sectam
1632 1453 1685 1546 ip·

260 1570 378 1621 sorum
398 1552 592 1621 secundum
615 1552 718 1619 ritum
738 1553 1074 1623 etconsuetudincm
1096 1551 1315 1636 eorumdem,
1334 1544 1684 1644 qu'amrecaptionem

260 1659 388 1719 vocant
408 1648 549 1718 heretici
577 1648 877 1720 Melioramentum
898 1671 961 1719 seu
983 1648 1287 1721 Consolamentum
1313 1661 1348 1719 et
1370 1648 1581 1740 baptismum
1607 1649 1685 1738 Spi-

261 1745 348 1816 ritus
367 1744 502 1832 Sancti3
526 1745 622 1831 item,
652 1747 680 1816 si
706 1747 853 1818 servilio
880 1749 1084 1819 eorumdem
1113 1747 1345 1819 hereticorum
1365 1746 1586 1816 interfuerint
1605 1746 1684 1830 ubi,

263 1844 393 1934 majore
414 1844 568 1936 ipsorum
591 1855 732 1915 tenente
752 1845 878 1915 librum
903 1857 1077 1938 apertum,
1108 1845 1301 1938 peripsum
1328 1843 1427 1936 quasi
1447 1843 1513 1914 suh
1531 1844 1686 1935 generali

261 1942 480 2012 confessione
497 1962 602 2034 quam
624 1943 755 2012 faciunt
777 1946 1018 2015 remissionem
1039 1943 1237 2034 intelligunt
1256 1940 1330 2012 fieri
1352 1951 1586 2034 peccatorum.

309 2037 484 2121 Quantum
502 2040 547 2109 ad
564 2051 694 2110 sectam
711 2061 797 2112 varo
816 2041 1041 2112 Valdeosinm
1058 2062 1120 2111 scu
1139 2040 1334 2133 Paupernm
1355 2039 1400 2110 de
1419 2038 1590 2129 lugduno
1605 2050 1687 2109 sunt
1757 2094 1761 2106 .
1838 2031 1841 2038 ’

262 2136 438 2208 evidentia
458 2148 663 2228 argumenta
690 2148 725 2208 11
749 2150 843 2208 carta
866 2139 995 2230 juditia
1014 2138 1108 2231 quod
1135 2141 1206 2209 sint
1231 2138 1416 2208 credontes
1442 2158 1564 2207 eorum
1590 2157 1685 2208 arro-

264 2234 358 2306 ribus
385 2234 435 2303 illi
461 2235 521 2326 qui
546 2245 686 2328 peccata
714 2257 778 2306 sua
801 2235 1012 2307 confitentur
1037 2235 1271 2306 Valdansibus
1296 2245 1331 2306 11
1353 2234 1578 2326 penitentiam
1601 2234 1686 2304 reci·

263 2332 362 2424 pinut
379 2332 425 2402 ab
444 2332 596 2416 eisdem,
624 2354 713 2424 quos
739 2344 854 2405 tamen
875 2335 990 2405 sciunt
1017 2334 1074 2405 vel
1101 2333 1249 2404 credunt
1277 2353 1345 2403 non
1372 2353 1450 2403 esse
1474 2332 1687 2425 presbiteros

262 2428 440 2502 ordinatos
461 2451 522 2522 per
541 2433 743 2525 episcopum
763 2432 918 2503 Romane
936 2432 1112 2517 Ecclesie3
1135 2435 1232 2516 item,
1254 2431 1476 2523 quiscienter
1495 2441 1685 2499 orantcum

263 2527 394 2599 eisdem
414 2527 648 2599 Valdensibns
666 2531 859 2599 secundnm
881 2532 1041 2616 modum,
1063 2541 1098 2599 11
1119 2529 1241 2612 ritum,
1262 2540 1297 2599 et
1316 2528 1510 2598 doctrinam
1531 2528 1686 2619 ipsorum

264 2623 644 2717 fiectendogenuacum
655 2627 787 2698 eisdem
797 2630 1057 2722 superbancam
1067 2627 1305 2720 velquidlibet
1319 2621 1497 2722 alter[um]
1510 2625 1684 2711 inclinati3

264 2723 358 2809 item,
380 2724 442 2816 qui
462 2723 634 2794 intersunt
653 2746 739 2796 cene
756 2725 982 2796 Valdensium
1002 2727 1037 2795 in
1063 2746 1131 2818 qua
1151 2745 1279 2817 corpus
1303 2721 1430 2793 Christi
1452 2744 1491 2793 se
1514 2720 1687 2793 conficere

265 2822 496 2910 mentiuntur3
518 2823 618 2907 item,
639 2822 699 2915 qui
718 2844 899 2894 sermones
915 2846 977 2894 seu
1000 2823 1256 2916 predicationes
1274 2821 1330 2892 vel
1345 2821 1584 2892 exortationes
1599 2841 1686 2912 quas

264 2917 298 2987 in
317 2919 391 2988 suis
410 2920 665 2990 conventiculis
686 2920 829 2991 heretici
853 2934 921 2990 tam
942 2920 1113 2991 lllanlohci
1132 2942 1243 3013 quam,
1256 2919 1449 2990 valdenses
1469 2919 1600 2988 faciunt
1620 2919 1686 2989 fre·

264 3027 410 3108 quenter
428 3027 463 3085 et
482 3016 630 3088 libenter
646 3017 794 3088 audiunt
813 3031 848 3106 11
864 3020 1051 3102 intersunt,
1065 3039 1168 3088 secus
1187 3030 1304 3089 autem
1321 3021 1351 3088 si
1369 3018 1477 3087 semel
1497 3027 1632 3085 tantum
1654 3028 1689 3085 et

263 3135 439 3205 nunquam
460 3126 580 3206 postea
601 3116 716 3185 redire
736 3117 933 3201 voluerint3
956 3116 1053 3199 item,
1072 3117 1100 3186 si
1122 3113 1355 3187 confiteantur
1371 3136 1410 3185 se
1429 3113 1575 3184 credere
1592 3113 1688 3205 quod

266 3209 428 3296 heretici,
450 3215 529 3283 sive
548 3212 719 3283 Manichei
742 3214 819 3285 sive
839 3214 1050 3300 Valdeuses,
1073 3215 1142 3285 sint
1161 3214 1242 3284 boui
1265 3213 1423 3285 homines
1444 3225 1478 3282 11
1504 3212 1599 3304 qnod
1626 3212 1688 3281 ha·

264 3307 367 3379 beant
384 3322 420 3379 11
439 3321 581 3381 teneant
599 3310 726 3381 bonam
753 3309 858 3381 fidem
886 3324 920 3382 et
943 3313 1070 3383 bonam
1096 3324 1226 3382 sectam
1257 3313 1380 3404 inqua
1403 3311 1537 3403 possint
1556 3310 1686 3380 salvari

264 3415 330 3476 tam
351 3407 416 3501 ipsi
437 3406 581 3478 heretici
601 3429 705 3500 qnam
726 3409 785 3478 alii
809 3411 868 3501 qui
890 3410 1049 3480 eamdem
1073 3408 1178 3480 fidem
1204 3422 1239 3480 et
1264 3420 1393 3479 saetam
1423 3408 1599 3479 tenuerint
1624 3428 1686 3477 seu

264 3506 503 3592 servaverint3
527 3527 606 3576 nam
629 3506 715 3575 tales
733 3506 784 3575 sic
808 3508 992 3579 credentes
1011 3528 1056 3578 ex
1076 3529 1137 3579 ora
1160 3529 1224 3578 suo
1248 3529 1287 3578 se
1316 3502 1356 3602 [l⁰
1379 3501 1500 3603 1231]
1526 3504 1687 3594 judicant

265 3613 298 3672 et
314 3603 536 3674 confessione
558 3605 697 3696 propria
717 3604 987 3675 convincuntur.

309 3699 345 3769 ln
362 3702 677 3773 consultationibus
697 3722 782 3772 vero
801 3701 935 3773 domini
955 3703 1126 3775 Gnidonis
1142 3702 1312 3789 Fulcodii,
1334 3726 1369 3795 q.
1393 3702 1465 3787 lX¹²,
1488 3701 1534 3770 ita
1554 3700 1686 3791 colligi-

265 3807 318 3867 tur
339 3809 374 3868 at
394 3798 543 3869 habetur
559 3801 654 3891 quod
672 3798 723 3868 illi
745 3801 804 3891 qui
825 3799 1035 3872 confitentur
1054 3822 1093 3872 se
1112 3801 1256 3871 credere
1276 3804 1323 3869 ita
1344 3821 1422 3871 esse
1444 3798 1535 3868 sicut
1554 3798 1604 3867 illi
1630 3798 1685 3867 di-

264 3905 357 3981 cunt,
379 3897 566 3967 credentes
583 3898 703 3989 utique
721 3909 821 3985 sunt,
845 3920 924 3969 nam
939 3920 985 3969 ex
1004 3921 1065 3971 ora
1077 3920 1142 3970 suo
1161 3919 1200 3969 se
1213 3897 1389 3993 judicant.
1406 3896 1474 3980 Qui
1493 3916 1580 3967 1111
1597 3896 1684 3966 ado·

266 3994 439 4082 raserint,
483 3998 717 4065 reverentiam
751 4016 817 4066 suo
847 4018 943 4068 more
979 3997 1227 4077 exhibuerint,
1263 4008 1297 4066 et
1331 3995 1589 4067 confessionem
1629 3992 1684 4063 vel

264 4096 543 4164 communionem
571 4094 616 4163 ab
636 4093 686 4163 eis
701 4095 802 4184 juxta
830 4096 934 4165 ritum
955 4117 1076 4167 eornm
1096 4096 1313 4188 acceperint,
1336 4093 1391 4164 vel
1411 4090 1539 4162 similia
1560 4111 1686 4184 perpe·

268 4190 435 4260 traverint
450 4211 520 4283 qne
539 4191 583 4260 ad
602 4193 706 4261 ritum
721 4211 841 4261 eorum
860 4193 1057 4286 pertinent,
1077 4194 1262 4265 credentes
1278 4193 1398 4283 utique
1415 4190 1521 4260 luisse
1538 4189 1685 4260 convin-

265 4298 410 4372 cuntur3
431 4308 510 4358 nam
522 4309 567 4358 ex
579 4289 677 4359 lactis
688 4291 923 4360 exterioribus
937 4292 1147 4383 presumitur
1160 4292 1204 4360 de
1215 4292 1356 4376 affectu,
1369 4300 1409 4359 ut
1419 4287 1493 4358 Are
1507 4287 1659 4358 xxxllm
1675 4311 1682 4353 :

268 4380 335 4460 Qui
349 4385 529 4472 viderim.
553 4385 608 4457 De
625 4386 715 4473 dolo,
733 4386 756 4455 Ι.
778 4385 932 4475 Dolum
950 4409 1013 4458 nec
1032 4389 1125 4458 euim
1146 4389 1251 4459 refert
1267 4400 1381 4457 utrum
1403 4385 1505 4456 dictis
1524 4407 1569 4456 an
1588 4386 1686 4454 fa'ctis

264 4483 340 4574 quis
357 4482 573 4556 voluntatem
593 4505 691 4554 suam
710 4485 877 4572 insinuet,
896 4486 932 4554 ff.
950 4485 995 4554 de
1006 4486 1142 4578 legibus
1159 4498 1195 4556 et
1213 4486 1270 4555 Se.
1292 4507 1372 4555 com
1391 4484 1436 4554 de
1449 4484 1592 4574 quibus,
1605 4502 1685 4551 nam

265 4598 391 4671 negare
405 4594 441 4652 et
458 4581 616 4653 confiteri
633 4603 817 4677 possumus
838 4604 907 4654 uon
927 4584 1039 4654 solum
1060 4605 1121 4654 ore
1140 4594 1194 4654 set
1205 4583 1309 4653 etiam
1325 4584 1429 4666 facto,
1449 4580 1582 4673 Xl³,q.
1605 4575 1683 4648 lll⁸:

264 4675 596 4767 1111111111
615 4680 694 4752 dico
710 4680 754 4750 de
772 4680 839 4750 hiis
850 4682 949 4751 factis
969 4683 1003 4752 in
1018 4682 1147 4775 quibus
1162 4701 1260 4751 error
1275 4681 1501 4774 exprimitur,
1522 4681 1614 4749 sicut
1629 4699 1685 4745 su-

264 4795 322 4868 pra
341 4778 504 4872 exempla
525 4778 624 4872 posui
645 4779 690 4850 de
713 4777 780 4847 hiis
798 4800 867 4869 que
886 4779 931 4849 ad
950 4779 1053 4849 ritum
1073 4779 1265 4850 errantium
1294 4777 1482 4873 pertinent.
1503 4776 1632 4846 Varum
1655 4754 1687 4842 11

264 4873 341 4965 quis
358 4895 419 4946 eos
438 4875 615 4962 visitavit,
640 4874 841 4947 alimoniam
861 4876 1020 4969 prebuit,
1038 4877 1202 4948 ducatum
1224 4877 1393 4970 prestitit,
1417 4873 1471 4944 vel
1488 4873 1616 4944 similia
1637 4873 1686 4942 le·

264 4972 309 5042 cit
328 4971 364 5042 iu
383 4973 512 5066 quibus
533 4973 637 5044 nichil
660 4974 704 5045 de
717 4975 789 5044 ritu
810 4973 965 5067 ipsorum
985 4996 1191 5068 expressum
1211 4973 1426 5057 ostenditur,
1444 4971 1607 5064 quamvis
1626 4970 1688 5040 ali·

264 5070 322 5161 qui
351 5072 564 5143 contrarium
593 5071 816 5165 scripserint,
847 5092 911 5144 nec
939 5073 1046 5146 eredo
1064 5072 1158 5167 quod
1196 5071 1305 5168 possit
1330 5070 1478 5142 eredens
1501 5069 1684 5161 judicari:
