4574 6404
432 669 475 736 tt
604 663 611 676 '
716 686 1146 753 101011011000151110015
1174 686 1336 740 novarien
1362 685 1574 737 rntvrrrrrs.

433 843 488 912 tiis
508 842 607 936 plena
627 856 661 912 et
681 865 849 936 expressa
870 845 904 912 in
923 845 1230 916 commissionibus
1249 845 1344 914 sedis
1366 843 1475 935 ipsius
1497 844 1628 914 mentio
1649 845 1861 935 haberetur;

430 961 497 1032 qua
526 941 667 1031 quidem
696 942 965 1027 commissione,
996 954 1033 1011 ut
1062 943 1294 1034 premittitur,
1327 941 1429 1011 nobis
1454 942 1566 1026 lacta,
1595 942 1688 1013 idem
1716 944 1794 1014 talis
1818 945 1861 1014 N.

431 1051 464 1107 et
486 1038 562 1108 talis
588 1039 630 1111 N.
659 1039 785 1109 milites
814 1040 915 1111 nobis
943 1039 1121 1110 humiliter
1146 1041 1408 1134 supplicarunt,
1436 1048 1492 1127 ut,
1510 1040 1612 1129 juxta
1642 1042 1863 1113 commissio-

432 1156 509 1204 nem
531 1148 566 1205 et
584 1136 1033 1228 mandatum'apostolicum
1053 1139 1153 1209 nobis
1173 1159 1192 1207 a
1216 1138 1310 1207 dieto
1331 1137 1473 1207 domine
1496 1148 1614 1207 nostro
1635 1151 1713 1230 post
1731 1139 1861 1210 dictam

430 1233 661 1304 absolutionis
690 1237 898 1304 seutentiam
921 1256 981 1327 per
1006 1257 1069 1305 nos
1095 1237 1221 1319 latam,
1244 1246 1283 1305 111
1305 1235 1495 1327 predicitur
1515 1234 1665 1322 lactum,
1695 1237 1861 1309 debonis

430 1331 607 1422 quondam
632 1331 762 1423 Templi
792 1354 860 1424 que
885 1333 1022 1403 Priores
1045 1346 1078 1403 et
1107 1333 1231 1403 fratres
1255 1332 1390 1403 ordinis
1415 1331 1603 1424 Hospitalis
1629 1335 1775 1424 predicti
1803 1335 1863 1404 ba·

431 1428 514 1497 bent
543 1442 578 1499 ct
607 1429 789 1523 possident
822 1430 888 1499 sibi
916 1431 1109 1500 secundum
1140 1430 1195 1501 sui
1222 1441 1333 1499 status
1360 1429 1561 1499 decenciam
1591 1430 1861 1522 ordinaremuS,

432 1537 655 1614 laxaremus,
677 1526 938 1617 assignaremus
959 1548 1000 1599 ac
1026 1529 1220 1598 laceremus
1240 1529 1293 1598 eis
1313 1548 1375 1619 per
1398 1525 1486 1598 alios
1506 1527 1677 1619 assignari
1697 1550 1738 1599 ac
1757 1532 1863 1601 etiam

431 1624 625 1716 provideri.
657 1625 727 1694 Nos
747 1625 900 1717 itaque,
931 1626 1091 1696 volentes
1121 1623 1405 1697 commissionem
1439 1635 1474 1695 et
1504 1625 1705 1696 mandatnm
1742 1627 1864 1720 hujus·

432 1722 525 1792 modi
556 1722 657 1792 nobis
684 1723 797 1808 lacta,
828 1735 865 1791 ut
890 1735 1071 1802 tenemur,
1101 1724 1255 1815 exequi,
1285 1731 1489 1792 reverenter
1514 1721 1633 1793 habita
1662 1726 1862 1818 superbiis

431 1814 687 1890 deliberatione
709 1832 865 1907 matura,
888 1821 1110 1892 considerato
1139 1822 1243 1891 etiam
1270 1831 1305 1890 et
1329 1829 1463 1890 attento
1489 1821 1583 1912 qnod
1609 1821 1643 1890 in
1672 1823 1762 1894 lacto
1782 1847 1863 1917 pro·

432 1915 580 1987 visionis
607 1918 854 1989 nonnullorum
884 1919 1042 2009 ejusdem
1073 1919 1250 2012 quondam
1281 1917 1414 1988 ordinis
1441 1917 1572 2009 Templi
1603 1913 1643 2014 [10
1670 1917 1708 1988 tt
1733 1918 1767 2018 a]
1794 1923 1861 1993 ira·
1949 1973 1952 1978 -

432 2025 522 2082 trum
545 2015 751 2108 perhibetur
771 2039 831 2109 per
851 2016 939 2087 alios
959 2018 1158 2087 ordinatum
1179 2017 1309 2105 luisse,
1331 2034 1466 2107 suoque
1482 2026 1574 2084 statu
1590 2028 1625 2086 et
1643 2019 1860 2108 conditione,

429 2114 686 2206 acceptione,
719 2114 944 2193 detentione,
982 2126 1017 2185 et
1047 2116 1150 2205 longa
1187 2113 1422 2183 maceratione
1460 2113 1680 2185 abhominosi
1711 2120 1863 2189 carceris

429 2209 698 2282 Sarraccnorum
721 2223 755 2281 et
774 2212 994 2282 inimicorum
1023 2212 1175 2283 nominis
1197 2211 1378 2280 christiani
1400 2212 1434 2279 in
1459 2232 1530 2301 quo
1554 2211 1666 2303 longis
1694 2217 1862 2310 tempori-

430 2309 496 2378 bus
531 2310 667 2380 luerant
700 2311 946 2380 miserabiliter
980 2311 1145 2403 captivati
1180 2309 1367 2400 diligenter
1402 2309 1619 2401 prospectis,
1655 2316 1863 2384 auctoritate

430 2409 619 2499 apostolica
650 2408 750 2478 nobis
778 2409 812 2477 10
841 2408 905 2477 hac
933 2419 1032 2501 parte
1057 2407 1264 2495 commissa,
1290 2405 1356 2476 sibi
1384 2417 1419 2476 et
1445 2406 1600 2499 ipsorum
1629 2409 1773 2482 cuilibet
1799 2433 1863 2505 pro

429 2505 482 2574 sui
511 2517 622 2576 status
648 2518 683 2575 et
710 2507 782 2576 vite
808 2507 1064 2577 sustentatione
1090 2504 1315 2586 ordinamus,
1344 2516 1528 2589 taxamus,
1556 2514 1592 2575 et
1617 2508 1860 2599 assignamus,

426 2622 467 2672 ae
498 2603 719 2674 decernimus
748 2604 999 2695 assignandum
1031 2603 1205 2674 debonis
1236 2601 1387 2694 predicti
1418 2601 1551 2672 ordinis
1584 2603 1771 2695 Hospitalis
1800 2630 1863 2700 pro

426 2701 574 2791 singulis
594 2702 719 2772 diebus
746 2702 834 2772 duos
854 2701 1075 2772 Turonenses
1097 2720 1238 2792 grossos
1260 2720 1339 2768 cum
1365 2699 1512 2768 dimidio
1533 2704 1669 2792 argenti
1690 2706 1734 2775 de
1753 2707 1860 2775 Fran·

426 2800 477 2867 eia
500 2800 616 2890 quoad
639 2799 815 2891 vixerint,
838 2809 874 2869 et
893 2800 1091 2892 specialiter
1118 2811 1153 2868 et
1177 2817 1345 2889 expresse
1369 2818 1476 2889 super
1501 2797 1602 2868 bonis
1628 2812 1664 2868 et
1690 2803 1734 2873 de
1760 2804 1863 2874 bonis

427 2898 602 2986 prioratus
631 2899 675 2967 de
704 2897 763 2966 tali
791 2919 901 2988 regno
927 2899 981 2968 vel
1011 2896 1191 2992 provincia
1217 2894 1352 2965 ordinis
1378 2894 1523 2987 predicti
1545 2894 1728 2990 hospitalis
1747 2901 1863 2972 Sancti

425 2992 618 3076 lobannis,
646 2995 863 3086 ubicumque
891 2996 1041 3082 luerint,
1068 3016 1131 3089 per
1149 2993 1300 3087 priorem
1328 2995 1388 3082 qui
1408 3001 1462 3062 est
1484 3004 1519 3061 et
1542 2995 1602 3085 qui
1622 3015 1686 3086 pro
1706 3011 1863 3092 tempore

425 3092 532 3160 fuerit
560 3094 614 3162 vel
645 3095 723 3183 ejus
750 3094 865 3163 locum
885 3104 1094 3180 tenentem,
1120 3091 1249 3185 quibus
1274 3089 1443 3159 militibus
1471 3111 1606 3163 necnon
1632 3097 1773 3186 quoad
1798 3097 1864 3167 hec

427 3190 552 3259 domos
583 3200 618 3260 et
646 3191 720 3262 loca
748 3201 784 3261 ct
809 3201 1032 3284 preceptores
1060 3188 1376 3284 ipsius-prioratus
1405 3189 1615 3278 generaliter
1643 3206 1678 3264 et
1706 3195 1862 3288 prioratu

425 3287 618 3356 existentes
640 3289 796 3382 prelato,
818 3311 896 3358 eum
922 3310 1044 3360 eorum
1065 3287 1205 3381 juribus
1232 3297 1266 3355 et
1292 3285 1517 3377 pertinenciis
1545 3289 1720 3363 universis
1740 3294 1862 3364 astric-

426 3397 479 3455 tes
509 3397 541 3454 01
570 3385 743 3477 obligatos
771 3389 904 3458 101001
931 3389 976 3456 ad
1004 3388 1069 3458 boc
1098 3383 1209 3457 teneri
1238 3383 1483 3478 decernimus,
1514 3390 1679 3461 videlicet
1708 3403 1746 3459 nt
1774 3391 1863 3462 infra

425 3482 625 3573 quindecim
661 3485 796 3553 dierum
833 3486 990 3579 spacium
1020 3481 1295 3578 computandum
1324 3501 1344 3548 a
1373 3489 1633 3574 presentatione
1666 3489 1861 3559 litterarum

427 3580 530 3669 hujus
567 3581 618 3650 eis
652 3583 760 3667 lacta,
799 3584 994 3654 secundum
1029 3583 1242 3653 taxationem
1270 3591 1424 3647 nostram
1460 3587 1654 3678 prolatam,
1690 3607 1753 3679 pro
1787 3588 1863 3659 die-

426 3678 491 3747 bus
510 3700 529 3746 a
551 3679 609 3747 die
631 3681 900 3770 presentationis
921 3681 1027 3773 hujus
1046 3681 1242 3750 litterarum
1266 3683 1441 3767 usquead
1464 3683 1533 3752 tale
1552 3686 1678 3754 festum
1701 3686 1863 3777 proximo

428 3770 468 3872 [10
490 3775 528 3844 11
556 3773 589 3872 b]
613 3779 767 3846 10101001
798 3780 980 3849 exclusive
1006 3800 1082 3850 eam
1112 3795 1285 3847 summam
1315 3795 1384 3864 que
1410 3802 1473 3873 pro
1494 3781 1620 3852 diebus
1647 3784 1682 3851 in
1704 3784 1862 3855 terminis

426 3875 644 3944 intermediis
666 3896 686 3944 a
708 3886 865 3967 tempore
886 3878 1156 3969 presentationis
1176 3873 1281 3963 hujus
1303 3871 1497 3949 litterarum
1518 3880 1722 3966 debebitur,
1746 3880 1862 3952 dictus

425 3973 519 4064 prior
539 3972 671 4042 cisdcrtt
701 3973 758 4042 tati
779 3974 820 4042 N.
846 3987 880 4044 et
906 3976 964 4044 lali
981 3976 1022 4045 N.
1048 3974 1216 4043 militibus
1236 3968 1375 4041 solvere
1395 3989 1430 4046 et
1454 3978 1655 4048 satisfacere
1675 3989 1858 4048 teneatur:

424 4082 458 4138 et
477 4071 510 4137 in
529 4071 624 4140 dicto
646 4071 753 4157 leste,
776 4072 809 4139 in
831 4094 902 4163 quo
922 4095 968 4143 cx
991 4086 1072 4143 tunc
1091 4091 1221 4142 annum
1245 4090 1307 4161 pro
1326 4076 1537 4145 successivis
1559 4076 1775 4168 temporibus
1795 4097 1861 4146 vo-

425 4167 539 4236 lumus
565 4168 747 4254 inchoari,
772 4171 994 4242 medietatem
1018 4191 1156 4241 summe
1180 4168 1348 4261 peccunia
1367 4173 1412 4240 ad
1433 4195 1537 4264 quarn
1565 4174 1720 4265 predicta
1742 4184 1861 4245 nostra

425 4266 556 4335 taxatio
583 4287 645 4357 pro
665 4267 790 4338 diebus
817 4269 966 4360 singulis
985 4273 1149 4363 saperius
1178 4268 1265 4337 10010
1289 4288 1351 4357 010
1378 4281 1450 4340 1010
1469 4293 1562 4341 0000
1582 4272 1743 4363 sequenti
1770 4272 1860 4342 lacta

422 4365 1035 4454 00111011101100005000110101011001
1055 4367 1276 4436 medietatem
1296 4367 1329 4433 in
1348 4366 1436 4439 leste
1459 4368 1516 4437 tali
1538 4380 1681 4438 extunc
1699 4369 1861 4462 proximo

422 4461 650 4551 subsequenti
680 4477 715 4532 et
742 4464 908 4557 deinceps
934 4465 1039 4534 simili
1068 4464 1193 4548 mode,
1219 4465 1336 4555 quoad
1366 4466 1541 4552 vixerint,
1569 4467 1604 4535 in
1633 4467 1766 4537 eisdem
1792 4467 1859 4537 ies·

424 4559 619 4629 tivitatibus
639 4563 819 4630 annuatim
843 4564 984 4654 prelatis
1011 4564 1069 4632 tali
1095 4563 1136 4632 N.
1166 4573 1200 4632 et
1225 4561 1282 4630 tali
1304 4563 1345 4631 N.
1368 4576 1403 4632 et
1427 4586 1548 4635 eorum
1568 4564 1718 4653 ⁸cuilibet
1738 4565 1859 4633 militi-

424 4657 488 4724 bus
513 4658 602 4726 solvi
631 4659 793 4728 volumus
814 4672 848 4730 01
873 4661 1080 4731 mandamus
1101 4681 1162 4753 per
1184 4660 1262 4730 illos
1288 4661 1481 4753 dequibus
1503 4684 1563 4755 per
1591 4684 1655 4732 nos
1683 4673 1737 4732 est
1756 4684 1860 4754 supe·

425 4753 497 4823 rius
518 4754 733 4825 ordinatum.

473 4851 587 4932 Quare
609 4865 728 4924 tenore
749 4857 962 4946 presentium
989 4878 1171 4926 monemus
1197 4859 1381 4928 universos
1407 4870 1442 4928 et
1466 4860 1626 4950 singulos
1653 4859 1777 4929 1101105
1797 4880 1856 4931 or-

425 4947 517 5015 dinis
539 4949 724 5040 Hospitalis
745 4953 859 5022 Sancti
882 4953 1049 5024 lobannis
1069 4955 1339 5025 lcrosolimitani
1358 4956 1400 5024 ad
1426 4979 1515 5048 quos
1539 4959 1574 5024 in
1604 4966 1676 5027 toto
1701 4958 1859 5049 prioratu

427 5046 583 5136 predicto
613 5061 647 5116 et
680 5072 740 5140 per
771 5061 877 5119 101001
902 5054 1091 5143 prioratum
1121 5055 1259 5145 ipsum,
1279 5053 1462 5148 regimen,
1485 5054 1644 5125 custodia
1672 5054 1856 5126 domorum
