4574 6404
432 691 499 760 126
716 706 877 758 naucum
904 706 1144 772 ruouvsrrmnrs
1171 706 1333 758 unnnrvcn
1359 706 1569 758 enavimus.

429 887 545 938 coram
573 865 672 936 nobis
699 865 758 956 qui
786 865 898 936 dictos
918 865 1102 936 defunctos
1124 865 1253 935 vellent
1278 877 1339 934 aut
1367 887 1406 935 se
1433 864 1525 936 velle
1553 865 1710 936 dicerent
1734 868 1855 938 delen·

430 964 536 1049 dere,
568 963 754 1055 publicatis
781 982 843 1053 ρετ
867 984 931 1034 nos
958 962 1241 1032 attestationibus
1262 971 1297 1033 et
1315 962 1393 1032 aliis
1413 984 1482 1054 que
1511 976 1631 1034 contra
1658 965 1769 1036 dictos
1790 965 1853 1035 de·

429 1062 565 1132 iunctos
589 1060 742 1151 legitime
760 1070 843 1129 sunt
862 1061 1027 1147 inventa,
1050 1059 1238 1152 oblataque
1264 1063 1364 1153 copia
1386 1061 1591 1132 eorumdem
1612 1063 1640 1131 si
1661 1066 1724 1153 qui
1743 1063 1859 1135 forent

429 1159 489 1250 qui
516 1157 647 1228 vellent
665 1178 741 1227 eam
763 1156 919 1251 recipere
943 1168 978 1227 et
997 1157 1148 1240 habere,
1168 1177 1209 1227 ac
1228 1160 1332 1227 etiam
1356 1158 1564 1229 defensione
1588 1160 1697 1250 siqui
1725 1160 1858 1230 vellent

429 1254 639 1340 defendere,
662 1255 871 1346 nullusque,
892 1255 983 1325 sicut
1004 1255 1237 1347 premittitur,
1259 1256 1497 1348 comparuerit
1515 1259 1577 1348 qui
1596 1257 1771 1348 predictos
1790 1257 1855 1328 dc·

430 1354 567 1424 iunctos
595 1374 657 1422 seu
687 1374 807 1422 eorum
833 1353 984 1444 aliquem
1013 1352 1166 1423 voluerit
1192 1353 1382 1423 defendere
1410 1353 1455 1424 de
1481 1354 1668 1447 predictis,
1695 1356 1858 1447 quamvis

427 1450 547 1543 plnres
567 1448 643 1519 dies
662 1461 697 1520 et
717 1452 883 1521 terminos
909 1449 1186 1544 perhemptorios
1214 1451 1265 1520 eis
1291 1453 1336 1520 ad
1363 1449 1430 1521 hoc
1454 1454 1624 1521 canonice
1651 1453 1858 1524 duxerimus

428 1547 685 1640 assignandos,
713 1569 849 1618 necnon
875 1548 953 1618 aliis
981 1550 1045 1617 rite
1074 1548 1160 1617 actis
1185 1559 1220 1618 et
1244 1547 1333 1638 juris
1359 1548 1483 1619 ordine
1513 1549 1723 1638 observato,
1756 1561 1860 1645 prout

428 1644 494 1716 hec
518 1646 552 1715 in
583 1645 805 1737 processibus
831 1666 938 1738 snper
961 1644 1028 1715 hoc
1051 1645 1179 1715 habitis
1204 1644 1340 1738 plenius
1365 1647 1615 1741 continentnr3
1636 1646 1766 1719 idcirco
1794 1669 1858 1719 nos

349 1753 351 1759 '
429 1744 554 1835 prelati
575 1742 818 1834 inquisitores,
843 1754 936 1828 ete,
958 1753 1135 1835 utsupra.
1189 1823 1191 1826 ¹

477 1838 534 1910 De
562 1839 812 1910 enlinnrctione
838 1841 964 1911 ossium
991 1863 1014 1909 a
1040 1840 1153 1911 sacris
1179 1840 1361 1912 cimiteriis
1386 1841 1511 1912 talium
1532 1864 1770 1935 personarent
1796 1864 1858 1913 ecc·

426 1959 545 2031 presse
562 1944 708 2008 cavetur
725 1938 875 2029 injure.
898 1937 954 2008 De
971 1937 1203 2008 combustione
1221 1961 1304 2009 vero
1323 1939 1484 2032 ipsoram
1503 1939 1605 2011 habet
1622 1963 1703 2010 nsns
1722 1945 1756 2009 et
1774 1961 1858 2010 cnr·

428 2057 486 2104 sns
503 2033 619 2128 officii
635 2035 867 2128 inquisitionis
889 2036 927 2105 in
944 2035 1110 2128 partiens
1135 2033 1354 2121 Tlrclcsnnis,
1381 2036 1618 2124 Atarnites,
1644 2044 1679 2111 et
1703 2036 1857 2108 Carcas-

427 2132 645 2218 sonensibns,
667 2139 701 2203 et
717 2133 756 2203 in
774 2155 887 2224 regno
905 2133 1067 2205 Francie
1080 2132 1124 2203 ab
1140 2134 1296 2228 antique.

430 2388 489 2453 29.
514 2390 647 2453 Forma
662 2389 845 2452 sententie
860 2388 995 2468 relapsi
1010 2389 1049 2452 in
1063 2389 1222 2452 heresim
1238 2389 1425 2468 injudicio
1441 2390 1648 2468 abjuratam
1669 2391 1731 2470 qui
1747 2390 1858 2454 luerit

519 2505 695 2577 tanquam
709 2496 796 2559 talis
811 2496 1076 2576 relinquendus
1092 2497 1241 2561 brachio
1257 2505 1293 2560 et
1302 2498 1437 2577 juditio
1454 2499 1554 2561 curie
1570 2497 1759 2561 secularis.

480 2734 533 2836 [1²⁰
551 2739 598 2806 69
617 2735 664 2905 dp]
680 2738 717 2807 ln
745 2735 887 2808 nomine
906 2739 1062 2827 Domini,
1088 2761 1204 2811 amen.
1225 2739 1397 2823 Quoniam
1422 2761 1485 2810 nos
1506 2740 1592 2810 tales
1612 2749 1647 2810 et
1668 2738 1768 2822 tales,
1800 2741 1855 2809 in-

428 2837 615 2930 quisitores
667 2837 795 2907 eretice
811 2835 1002 2928 ¹pravitatis
1028 2840 1063 2906 in
1093 2859 1201 2929 regno
1227 2838 1370 2907 Francie
1392 2859 1455 2931 per
1479 2838 1598 2908 sedem
1626 2837 1854 2930 apostolicam

428 2934 607 3030 deputati,
630 2955 692 3027 per
716 2933 977 3025 inquisitionem
1006 2957 1077 3029 que
1102 2933 1141 3004 fit
1160 2935 1369 3027 generaliter
1394 2945 1515 3005 contra
1541 2956 1663 3006 omnes
1683 2935 1854 3016 inlectos,

427 3043 629 3128 suspectos,
658 3051 720 3102 sen
747 3040 905 3113 notatos,
935 3042 995 3102 aut
1022 3033 1220 3105 diflamatos
1248 3033 1293 3103 de
1321 3032 1475 3103 heretica
1503 3035 1698 3126 pravitate,
1730 3042 1766 3103 et
1794 3053 1856 3125 per

427 3141 503 3201 acta
526 3129 663 3223 publica
682 3128 920 3219 inquisitionis
940 3130 1098 3218 ejusdem
1119 3130 1336 3216 invenimus,
1357 3150 1493 3200 necnon
1514 3150 1577 3222 per
1595 3129 1856 3200 contessionem

428 3230 605 3320 propriam
634 3228 712 3297 talis
731 3226 773 3297 N.
800 3225 845 3296 de
872 3227 930 3296 tali
957 3227 1034 3299 loco
1059 3228 1184 3298 lectam
1204 3231 1239 3298 in
1261 3227 1389 3318 juditio
1408 3227 1563 3318 legitime
1590 3227 1691 3298 nobis
1715 3237 1854 3297 constat

427 3325 523 3417 quod
540 3324 654 3395 dictus
673 3323 750 3394 talis
767 3325 809 3394 N.
831 3323 965 3393 dodum
984 3327 1160 3396 commisit
1178 3329 1214 3396 in
1238 3325 1352 3395 heresi
1375 3324 1665 3420 (emprinncntnr,
1685 3323 1777 3393 sisit
1795 3346 1857 3395 ne·

427 3443 529 3512 cesse,
555 3422 620 3493 tali
645 3421 701 3494 vet
725 3421 808 3509 tali,
834 3428 924 3513 puta
949 3422 993 3492 de
1016 3430 1107 3494 secte
1129 3422 1273 3494 illorum
1301 3429 1360 3515 qni
1384 3428 1556 3494 cocantnr
1580 3421 1765 3492 Valdenses
1796 3443 1856 3492 sen

428 3519 615 3614 Pauperes
628 3520 672 3591 de
689 3518 879 3611 andnno,
896 3519 953 3589 vel
973 3519 1117 3591 illoram
1135 3521 1197 3614 qni
1213 3544 1236 3592 a
1254 3520 1326 3590 snis
1347 3519 1562 3592 credentibus
1581 3519 1676 3589 Boni
1700 3518 1857 3590 homines

428 3619 673 3713 appellantur,
689 3618 754 3688 tali
772 3624 805 3688 et
824 3618 888 3688 tali
912 3617 1042 3707 mpdo:
1062 3619 1101 3689 in
1127 3619 1189 3689 isto
1214 3618 1285 3689 loeo
1308 3619 1566 3712 ereprimnntnr
1588 3617 1772 3689 commissa
1791 3638 1858 3709 per

427 3737 509 3788 enrn
527 3718 566 3787 in
583 3718 676 3811 facto
694 3714 825 3786 heresis
841 3721 1014 3808 quontnrn
1028 3716 1079 3787 nd
1087 3716 1254 3810 prinimn
1272 3714 1411 3809 lapsum
1427 3716 1488 3786 snb
1505 3714 1709 3809 compendio
1726 3714 1853 3807 singil-

428 3814 565 3909 iatim);
589 3835 696 3908 super
721 3814 849 3906 quibus
877 3812 1009 3883 dudum
1037 3814 1278 3907 deprehensus
1303 3815 1369 3885 luit
1388 3825 1423 3884 et
1441 3814 1624 3885 conlassus
1644 3813 1678 3882 in
1699 3813 1853 3903 juditio,

422 3913 627 4006 juravitque
655 3932 777 4005 parere
804 3911 977 3982 mandatis
1003 3911 1157 3982 Ecclesie
1183 3922 1218 3982 et
1243 3932 1383 3983 omnem
1408 3910 1559 3982 heresim
1583 3911 1618 3980 in
1641 3910 1770 4000 juditio
1791 3909 1855 3981 ab·

422 4010 579 4106 juravit,
609 4021 643 4080 et
670 4012 721 4080 sic
749 4010 813 4079 luit
840 4008 1022 4079 absolutus
1050 4009 1094 4080 ab
1121 4009 1493 4080 excommunicationis
1525 4008 1698 4079 sententia
1730 4017 1854 4079 contra

428 4108 514 4179 tales
540 4107 752 4201 generaliter
772 4107 1011 4200 promulgata;
1033 4107 1255 4199 postmodnm
1283 4128 1368 4178 vero
1398 4104 1575 4200 predictus
1595 4105 1673 4176 talis
1691 4104 1733 4174 N.
1755 4125 1852 4176 ccm-

426 4205 541 4276 missit
560 4207 596 4277 in
616 4206 706 4276 lacto
727 4205 861 4275 heresis
884 4205 945 4275 tali
964 4216 999 4274 et
1026 4204 1084 4274 tali
1106 4205 1212 4276 modo
1235 4205 1289 4293 (in
1310 4203 1374 4274 istc
1399 4204 1469 4275 loco
1487 4203 1737 4295 exprimantur
1758 4223 1856 4273 corn-

426 4302 534 4374 missa
546 4327 619 4400 per
634 4326 714 4373 enm
739 4308 909 4397 qnantum
927 4301 978 4372 nd
994 4302 1180 4395 rnlnpsnrn
1199 4304 1237 4373 in
1256 4301 1406 4372 heresim
1424 4300 1486 4371 snb
1504 4298 1712 4394 compendio
1729 4299 1856 4392 singil-

426 4399 561 4497 latim);
584 4412 619 4474 et
634 4403 800 4494 quoniam
821 4401 976 4493 prelatus
997 4400 1075 4470 talis
1094 4400 1152 4486 Ν.,
1175 4412 1357 4494 postquam
1378 4399 1464 4469 alias
1483 4399 1664 4477 confessus
1684 4399 1796 4469 luerat
1815 4419 1856 4471 sc

426 4500 643 4571 commisisse
660 4500 695 4569 in
715 4498 861 4570 crimine
881 4496 959 4568 talis
980 4498 1112 4568 heresis
1129 4509 1164 4568 et
1184 4501 1391 4591 promiserat
1409 4507 1516 4589 atque
1529 4498 1712 4587 juraverat
1728 4515 1856 4588 parere

425 4598 598 4668 mandatis
624 4591 664 4693 [τ’
700 4598 745 4665 70
770 4593 804 4694 a]
834 4595 987 4666 Ecclesia
1011 4608 1046 4666 et
1071 4596 1321 4687 inquisitorum
1348 4607 1448 4667 etse
1484 4596 1650 4689 persequi
1677 4592 1855 4664 hereticos

427 4695 569 4766 eosdem
596 4716 638 4765 ac
669 4695 852 4765 credentes
876 4713 1018 4779 eorum,
1050 4704 1085 4763 et
1111 4694 1335 4784 abjuraverat
1360 4712 1499 4764 omnem
1525 4690 1676 4762 heresim
1705 4692 1740 4759 in
1756 4689 1855 4780 judi·

426 4794 496 4876 tio,
522 4794 706 4885 fueratque
731 4792 777 4862 ab
800 4791 1172 4862 excommunicationis
1200 4791 1341 4862 vinculo
1369 4789 1573 4877 absolutus,
1596 4798 1754 4876 extunc,
1777 4797 1854 4858 tan-

425 4910 529 4982 quam
549 4889 646 4961 canis
669 4889 714 4959 ad
734 4889 903 4960 vomitum
928 4888 1132 4976 redeundo,
1154 4890 1265 4983 culpis
1289 4887 1470 4960 veteribus
1494 4906 1604 4958 novas
1629 4885 1762 4957 addere
1781 4905 1854 4957 non

424 4988 603 5075 verendo,
633 5007 697 5058 nec
727 4986 886 5057 divinum
906 4983 1073 5076 juditium
1102 4987 1313 5074 metuendo,
1344 4986 1379 5055 in
1409 4985 1604 5075 abjuratam
1628 5004 1649 5054 a
1685 5003 1725 5054 se
1754 4984 1854 5074 priua

424 5082 576 5155 heresim
596 5082 836 5177 deprehensus
852 5094 919 5175 est,
939 5085 1030 5156 sicut
1049 5084 1273 5179 premittitur,
1293 5082 1476 5177 recidisse,
1495 5103 1558 5176 per
1575 5080 1641 5153 hoc
1660 5101 1699 5152 se
1718 5080 1856 5152 lalsoet
