4574 6404
429 662 475 731 96
719 676 883 730 annorum
908 677 1149 744 rqursrrrorus
1177 676 1338 730 uunmroa
1364 676 1576 729 rmvrrarrs.

429 849 550 909 nostre
571 837 844 923 testimoniales,
865 858 954 930 quas
977 838 1079 909 vobis
1104 859 1211 930 super
1230 837 1410 930 premissis
1436 839 1693 924 concedemus,
1724 838 1865 931 plenius

428 935 682 1019 continebunt,
704 945 739 1005 et
756 957 845 1027 quas
864 936 998 1006 litteras
1017 936 1210 1027 quemlibet
1229 945 1386 1005 vestrum
1411 935 1574 1006 volumus
1597 947 1632 1006 et
1652 936 1865 1029 precipimus

429 1055 449 1103 a
477 1033 579 1102 nobis
604 1043 725 1126 petere
742 1043 776 1103 et
797 1032 939 1104 babere.
960 1033 1032 1104 llec
1057 1046 1174 1104 antem
1195 1034 1312 1105 omnia
1336 1033 1439 1104 vobis
1466 1033 1707 1123 injunximus,
1729 1044 1865 1106 retenta

430 1130 553 1214 nobis,
574 1141 659 1216 etc,
678 1141 717 1200 ut
734 1151 853 1224 supra.

479 1226 687 1298 Notandum
711 1228 877 1320 estquod
897 1229 1023 1300 modus
1045 1228 1210 1322 loquendi
1239 1229 1367 1321 poterit
1393 1229 1526 1298 esseio
1555 1229 1660 1298 tercia
1689 1251 1862 1322 persona,

431 1327 461 1396 si
483 1327 593 1417 magis
613 1327 728 1396 visum
748 1327 853 1397 luerit
873 1328 1161 1418 inquisitoribus,
1184 1327 1250 1396 sub
1272 1326 1329 1395 tali
1353 1327 1462 1397 torma
1481 1348 1544 1397 seu
1563 1326 1690 1397 modo:

479 1425 515 1494 ln
537 1424 679 1495 nomine
697 1424 855 1508 Domini,
878 1446 994 1495 amen.
1017 1424 1189 1508 Quoniam
1215 1445 1278 1495 nos
1302 1424 1388 1494 tales
1416 1424 1661 1516 inquisitores,
1684 1437 1778 1512 etc,
1802 1448 1866 1518 per

431 1522 693 1613 inquisitionem
718 1522 918 1593 invenimus
945 1533 980 1594 et
1000 1544 1062 1616 per
1088 1522 1328 1594 consessiones
1356 1522 1463 1592 lactas
1493 1523 1528 1590 in
1549 1520 1682 1615 juditio
1708 1523 1865 1615 legitime

430 1621 532 1691 nobis
552 1629 689 1691 constat
714 1621 810 1711 quod
839 1621 917 1690 talis
946 1622 991 1691 de
1012 1620 1070 1689 tali
1092 1621 1168 1692 loco
1194 1621 1276 1691 lecit
1302 1619 1369 1690 boc
1388 1631 1423 1689 et
1450 1619 1517 1690 boc
1537 1617 1783 1712 (conprimatur
1808 1620 1867 1692 lu'o

429 1718 535 1810 culpa
549 1716 652 1812 ejus),
671 1729 707 1788 et
727 1717 804 1787 talis
823 1718 868 1786 de
889 1718 946 1788 tali
963 1717 1039 1789 loco
1052 1720 1134 1789 lecit
1148 1719 1215 1789 hoc
1229 1727 1264 1787 et
1279 1717 1345 1788 boc
1360 1714 1600 1812 (exprimatur
1614 1717 1745 1811 culpa),
1763 1730 1798 1789 et
1814 1719 1865 1789 sio

430 1816 475 1886 de
499 1815 594 1898 aliis,
617 1826 708 1900 etc,
740 1827 930 1907 utsupra,
960 1816 1185 1887 observando
1210 1814 1353 1886 modom
1380 1815 1547 1906 loquendi
1576 1816 1683 1887 tercie
1714 1837 1864 1909 persone

431 1913 464 1981 in
488 1907 529 2008 [ιο
546 1913 591 1981 53
612 1909 646 2010 a]
670 1913 754 1983 locis
774 1915 1055 2006 competentibus
1074 1924 1346 2005 consequenter.

479 2010 518 2079 Et
537 2011 699 2082 similiter
717 2022 887 2102 quantum
905 2011 948 2081 ad
973 2012 1075 2081 istum
1097 2013 1238 2083 modum
1261 2011 1428 2102 loquendi
1451 2012 1485 2080 in
1508 2011 1613 2080 tercia
1630 2007 1780 2105 persona
1801 2006 1864 2104 po·

431 2109 514 2179 terit
541 2108 723 2178 observari
753 2109 785 2177 in
816 2110 923 2179 lorma
955 2111 1146 2200 penitentie
1168 2131 1230 2178 scu
1256 2110 1431 2179 sententie
1454 2130 1559 2179 cruce
1587 2109 1805 2202 signatorum
1828 2123 1864 2180 et

430 2209 685 2276 inmoratorum
705 2207 851 2276 interius
872 2206 906 2275 in
924 2208 1009 2276 locis
1028 2208 1114 2278 suis.

477 2303 687 2374 Notandum
706 2304 809 2373 etiam
839 2316 1008 2397 quantum
1036 2305 1079 2375 ad
1109 2304 1315 2397 principium
1342 2304 1517 2375 sententie
1535 2306 1629 2396 quod
1659 2304 1784 2376 modus
1806 2305 1861 2376 lo·

429 2402 560 2494 quendi
581 2401 850 2494 inquisitorum,
872 2403 901 2471 si
919 2402 986 2495 ipsi
1007 2403 1072 2473 soli
1092 2403 1414 2489 sentenciaverint,
1436 2402 1562 2494 poterit
1579 2424 1659 2473 esse
1678 2403 1784 2473 talis:

476 2500 546 2571 Nos
579 2502 687 2569 trater
718 2499 795 2569 talis
828 2512 864 2578 et
889 2500 994 2570 lrater
1027 2501 1104 2569 talis
1137 2498 1215 2570 ord.
1251 2499 1409 2587 Prodic,
1446 2501 1671 2591 inquisitores
1704 2499 1861 2572 heretice

430 2598 615 2690 pravitatis
635 2597 670 2666 in
692 2618 801 2690 reguo
817 2598 841 2666 F
844 2598 961 2668 rancie
981 2619 1043 2690 per
1060 2597 1179 2668 sedem
1201 2599 1426 2690 apostolicam
1446 2598 1625 2690 deputati,
1644 2609 1711 2668 etc.

475 2695 508 2764 Si
530 2717 617 2767 varo
635 2696 821 2788 episcopus
840 2695 968 2788 aliquis
988 2717 1133 2788 presens
1153 2695 1258 2765 luerit
1276 2717 1354 2765 cum
1377 2696 1658 2788 inquisitoribus,
1681 2694 1784 2767 decet
1803 2696 1859 2790 ip·

427 2814 503 2863 sum
527 2793 672 2888 preponi
692 2793 758 2863 hoc
778 2794 907 2865 modo:

479 2889 549 2962 Nos
568 2892 609 2960 N.
632 2890 693 2961 Dei
721 2890 832 2982 gratia
859 2889 931 2984 (cel
953 2892 1183 2984 permissione
1203 2890 1354 2982 divina),
1376 2891 1561 2985 episcopus
1580 2890 1677 2976 talis,
1700 2900 1736 2961 et
1755 2892 1862 2961 irater

428 2989 507 3058 talis
527 2999 562 3059 et
581 2988 681 3073 talis,
699 3001 790 3076 etc,
812 3001 849 3059 ut
868 3009 988 3082 supra.
1251 3005 1254 3013 ·

475 3085 509 3155 Si
530 3108 616 3158 vero
634 3086 762 3178 aliquis
779 3087 933 3158 vicarius
951 3087 1105 3181 episcopi
1125 3088 1181 3157 vel
1197 3087 1460 3158 commissarius
1477 3087 1553 3177 ejus
1572 3086 1762 3179 deputatus
1782 3109 1861 3181 pre·

427 3204 510 3255 sens
532 3183 636 3254 luerit
656 3183 732 3255 loco
752 3186 924 3278 episcopi,
947 3185 1073 3255 modus
1094 3185 1260 3277 loquendi
1276 3186 1342 3255 erit
1361 3185 1462 3255 talis:

476 3280 546 3352 Nos
560 3283 667 3352 frater
681 3282 761 3352 talis
774 3294 809 3353 et
822 3282 914 3365 talis,
932 3293 1110 3376 utsupra,
1125 3295 1159 3352 et
1175 3283 1254 3352 talis
1269 3281 1427 3354 officialis
1442 3283 1594 3353 vicarius
1606 3281 1732 3375 (velcia
1743 3307 1754 3349 .·
1765 3304 1860 3354 com·

427 3378 644 3473 missorius),
672 3380 707 3449 in
728 3379 793 3451 lrac
812 3391 910 3474 parte
930 3382 1119 3472 deputatos
1145 3403 1209 3474 per
1229 3380 1462 3452 reverendum
1487 3392 1620 3473 patrem
1641 3381 1744 3451 talem
1763 3381 1859 3474 epis-

425 3488 659 3569 copum,etc.
1430 3522 1435 3528 -

476 3575 510 3644 si
533 3597 620 3646 vero
642 3577 774 3647 luerint
792 3577 900 3670 aliqui
920 3579 979 3647 alii
1000 3579 1045 3648 de
1064 3576 1131 3647 alla
1156 3576 1300 3671 dyocesi
1321 3577 1441 3646 vicarii
1466 3599 1528 3647 seu
1553 3577 1785 3648 commissarii
1804 3577 1857 3648 al·

429 3673 539 3743 terius
559 3673 737 3767 episcopi,
759 3675 886 3746 modus
907 3675 1072 3768 loquendi
1090 3687 1260 3765 quantum
1281 3674 1324 3744 ad
1344 3675 1439 3766 ipsos
1458 3675 1585 3766 poterit
1604 3696 1682 3745 esse
1703 3674 1807 3746 talis:

476 3771 546 3842 Nos
566 3772 673 3841 trater
693 3772 771 3842 talis
793 3785 828 3842 et
849 3774 944 3857 talis,
967 3786 1058 3859 etc,
1080 3783 1262 3864 utsupra,
1288 3784 1322 3841 et
1341 3769 1499 3841 officialis
1520 3772 1598 3842 talis
1618 3772 1771 3844 vicarius
1795 3794 1858 3844 seu

428 3869 690 3940 commissarius
711 3869 899 3963 deputatus
915 3873 950 3941 in
970 3871 1036 3941 hac
1052 3883 1150 3963 parte
1182 3872 1208 3938 l⁰
1221 3871 1265 3938 53
1279 3866 1316 3967 b]
1338 3891 1399 3961 per
1419 3871 1652 3940 reverendum
1672 3871 1707 3938 in
1722 3870 1860 3943 Christo

428 3977 560 4060 patrem
580 3967 684 4038 talem
702 3968 904 4060 episcopum
924 3967 1172 4063 (empur'matur
1199 4023 1207 4051 ,
1229 3968 1283 4038 cui
1305 3968 1437 4037 vicario
1453 3989 1515 4036 seo
1534 3968 1775 4039 commissario
1794 3991 1858 4041 nos

426 4066 613 4157 episcopus
639 4065 717 4134 talis
743 4063 815 4158 (uel
833 4092 844 4135 .·
867 4090 930 4137 nos
955 4066 1076 4137 vicarii
1097 4066 1175 4136 talis
1195 4066 1362 4159 episcopi)
1388 4066 1626 4135 concessimus
1647 4065 1680 4133 in
1703 4067 1857 4159 presenti

427 4163 598 4253 negocio,
616 4162 681 4232 bac
700 4162 778 4248 die,
801 4175 836 4234 et
855 4165 953 4252 loco,
974 4176 1008 4234 et
1024 4163 1089 4233 hac
1108 4164 1182 4234 vice
1199 4163 1356 4234 sedendo
1376 4184 1438 4255 pro
1459 4163 1623 4233 tribunali
1645 4184 1750 4256 posse
1765 4161 1859 4234 dilli-

427 4258 503 4329 nire
530 4270 565 4329 et
592 4262 813 4332 sentenciare
838 4282 900 4332 seu
926 4274 1040 4333 actum
1058 4261 1283 4352 judiciarium
1307 4281 1494 4346 exercere,
1519 4271 1688 4353 quantum
1709 4260 1858 4354 adper-

424 4377 529 4427 sonas
544 4369 579 4428 et
593 4358 639 4427 de
655 4360 814 4450 personis
830 4361 1013 4431 dumtaxat
1037 4359 1115 4428 talis
1131 4360 1292 4453 dyocesis
1308 4355 1584 4452 (exprimatur),
1602 4370 1687 4442 eto,
1707 4356 1780 4452 (oet
1793 4380 1857 4455 po·

424 4456 506 4525 terit
523 4454 576 4525 ilo
592 4455 666 4525 dici
684 4480 695 4523 :
716 4458 771 4525 cui
793 4458 925 4528 vicario
951 4463 1013 4529 seu
1038 4457 1279 4528 commissario
1300 4456 1518 4526 reverendus
1545 4457 1577 4524 in
1603 4456 1739 4527 Christo
1758 4467 1859 4550 pater

424 4553 610 4646 episcopus
631 4550 710 4624 talis
734 4553 1012 4650 (eapru'matur)‚
1034 4555 1090 4624 vel
1112 4555 1232 4625 vicarii
1256 4555 1342 4624 tales
1363 4576 1424 4646 per
1442 4574 1524 4623 suas
1545 4564 1704 4647 patentes
1723 4554 1858 4627 litteras

423 4661 675 4721 concesserunt
693 4652 727 4720 in
746 4655 900 4746 presenti
918 4654 1087 4744 negocio,
1110 4650 1216 4746 etc),
1240 4665 1412 4744 utsupra.

472 4747 682 4819 Notandum
699 4762 815 4821 autem
834 4762 887 4821 est
906 4752 1000 4843 quod
1023 4761 1165 4843 propter
1186 4751 1292 4819 multa
1319 4750 1590 4821 convenientius
1608 4762 1662 4820 est
1679 4751 1856 4843 predictas

423 4846 723 4938 peregrinationes
744 4848 779 4918 in
800 4850 910 4920 lorma
932 4848 1122 4940 penitentie
1147 4848 1346 4941 exprimere
1365 4848 1591 4938 singillatim,
1615 4859 1719 4941 prout
1742 4870 1852 4943 supe·

423 4944 496 5012 rius
521 4956 604 5015 sunt
622 4944 815 5038 descripte,
846 4948 1011 5041 precipue
1035 4945 1177 5039 quando
1202 4946 1373 5037 equaliter
1392 4946 1557 5017 omnibus
1583 4957 1619 5017 et
1644 4946 1795 5037 singulis
1821 4957 1856 5018 et

422 5061 546 5113 omnes
574 5053 609 5112 et
633 5042 772 5134 singule
797 5043 1042 5136 injunguntur.
1073 5042 1221 5126 Quando
1247 5065 1332 5114 vero
1360 5065 1430 5115 non
1460 5045 1633 5137 equaliter
1663 5044 1853 5132 omnibus,
