4574 6404
424 643 495 714 250
711 655 874 709 americi
900 657 1140 722 incommotos
1167 659 1328 712 unacnica
1353 659 1564 712 ηηηηιτηηε.

424 819 629 891 lutationem
647 818 748 888 beate
763 816 872 887 Marie
887 814 979 902 Ace,
997 816 1140 905 Morio,
1166 840 1229 889 nec
1250 818 1449 912 symbolum
1471 817 1708 910 apostolorum
1732 815 1857 891 Credo

423 916 462 987 in
481 915 617 1010 Deum,
635 915 717 1009 quia
735 914 857 983 dicunt
875 914 933 983 illa
955 936 1016 1007 per
1035 915 1225 987 Romanam
1245 915 1434 986 Ecclesiam
1456 925 1491 985 et
1511 936 1580 986 non
1601 937 1663 1008 per
1677 914 1855 987 Christum

425 1015 533 1086 inisse
558 1014 718 1085 ordinata
744 1033 808 1083 seu
835 1013 1053 1115 compositaj
1075 1026 1342 1108 verumptamen
1366 1014 1532 1083 articulos
1551 1012 1634 1083 fidei
1652 1025 1788 1106 septem
1810 1012 1858 1086 de

424 1111 632 1195 divinitate,
651 1122 685 1181 et
709 1125 842 1202 septem
862 1108 908 1179 de
933 1108 1177 1198 humanitate,
1198 1122 1234 1182 et
1257 1111 1378 1182 decem
1400 1122 1563 1205 precepta
1591 1111 1799 1203 dechalogi,
1821 1122 1859 1183 et

424 1221 557 1302 septem
573 1229 679 1303 opera
696 1206 955 1291 misericordie,
972 1208 1039 1278 sub
1053 1209 1207 1301 quodam
1224 1208 1434 1302 compendio
1449 1219 1485 1279 et
1498 1209 1565 1279 sub
1579 1209 1732 1300 quodam
1750 1210 1860 1282 modo

424 1308 469 1379 ab
487 1307 539 1378 eis
557 1306 719 1378 ordinato
739 1315 774 1375 et
790 1305 1007 1397 composito,
1026 1305 1147 1376 dicunt
1163 1320 1198 1376 et
1215 1307 1363 1387 docent,
1384 1318 1419 1376 et
1437 1309 1474 1375 in
1491 1307 1552 1378 illo
1570 1306 1758 1402 plurimum
1778 1309 1857 1399 glo·

423 1406 559 1474 riantur
584 1415 619 1474 et
644 1403 761 1473 statim
788 1403 942 1473 ollerunt
967 1425 1006 1473 se
1029 1416 1206 1496 promptos
1232 1404 1277 1475 ad
1303 1403 1589 1497 respondendum
1617 1406 1662 1475 de
1683 1404 1753 1476 fide
1769 1426 1852 1476 sua.

423 1501 573 1572 Possunt
590 1511 707 1571 autem
739 1512 821 1569 ωηο
846 1503 915 1570 cito
937 1499 1004 1571 boc
1032 1502 1135 1572 modo
1160 1502 1236 1594 capi
1256 1527 1264 1570 :
1285 1501 1387 1572 Dicas
1414 1501 1498 1571 mibi
1524 1502 1723 1596 symbolum
1742 1501 1855 1592 fidei,

423 1599 556 1671 scilicet
577 1597 694 1670 Credo
712 1597 752 1667 in
769 1597 906 1681 Deum,
926 1601 1017 1668 sicut
1031 1599 1116 1668 dicit
1129 1599 1281 1670 Ecclesia
1297 1599 1490 1684 catholica,
1507 1600 1589 1692 quia
1608 1599 1656 1670 ibi
1674 1614 1758 1671 sunt
1776 1622 1858 1672 om·

427 1718 488 1768 nes
507 1698 659 1782 articuli,
680 1708 716 1766 et
736 1706 818 1765 ωηο
838 1697 904 1788 ipsi
924 1696 1162 1789 respondent:
1183 1696 1321 1780 Nescio,
1340 1697 1422 1789 quia
1444 1696 1561 1768 nullus
1578 1720 1632 1767 me
1649 1697 1771 1769 docuit
1791 1699 1855 1770 ita.

424 1796 524 1882 ltem,
541 1806 727 1886 antequam
744 1804 875 1886 ponant
887 1815 926 1863 se
940 1793 984 1863 ad
995 1814 1149 1864 mensam
1166 1794 1380 1864 benedicunt
1392 1789 1432 1890 [p
1450 1794 1518 1863 tao
1534 1791 1656 1893 a]eam
1673 1796 1852 1867 dicendo:

426 1892 644 1977 Bercedicite,
666 1891 785 1984 Kyrie
803 1891 942 1978 eleison,
967 1889 1109 1962 Christe
1128 1891 1265 1979 eleison,
1287 1891 1330 1961 K
1325 1892 1408 1985 yrie
1426 1892 1563 1980 eleison,
1585 1891 1702 1964 Pater
1720 1899 1859 1980 ceder,-

424 2012 496 2084 quo
511 1990 617 2078 dicto,
635 1991 812 2081 antiquior
825 1993 917 2059 inter
933 2010 994 2059 eos
1011 1989 1097 2059 dicit
1113 1990 1147 2059 in
1169 1991 1306 2081 vulgari
1325 2016 1332 2059 :
1355 1990 1446 2060 Deus
1466 1991 1526 2083 qui
1546 1991 1730 2061 benedixit
1746 1992 1856 2084 quin·

426 2110 496 2182 que
516 2108 622 2179 panes
641 2088 832 2158 ordeaceos
851 2099 887 2156 et
909 2087 998 2157 duos
1019 2090 1132 2178 pisces
1150 2087 1185 2155 in
1206 2089 1347 2159 deserto
1366 2087 1547 2181 discipulis
1573 2089 1647 2159 suis
1667 2089 1858 2161 benedicat

427 2187 517 2257 hanc
538 2206 692 2256 mensam
720 2195 755 2256 et
774 2205 814 2256 ea
833 2204 903 2277 que
921 2197 1004 2254 sunt
1028 2205 1252 2277 supeream,
1274 2198 1311 2255 et
1334 2206 1375 2256 ea
1401 2207 1471 2278 que
1497 2206 1541 2278 ap
1567 2197 1718 2256 onentur
1738 2187 1774 2256 in
1795 2207 1852 2258 ea.

426 2284 468 2354 Et
487 2284 569 2354 iacit
585 2284 723 2374 signum
741 2284 867 2368 crucis,
892 2281 1042 2352 dicendo
1060 2307 1068 2350 :
1090 2281 1137 2352 In
1155 2283 1296 2353 nomine
1313 2281 1453 2368 Patris,
1474 2289 1505 2353 et
1561 2283 1627 2370 ilii,
1649 2289 1682 2355 ct
1700 2283 1861 2377 Spiritus

426 2381 553 2454 Sancti
559 2434 569 2468 ,
590 2403 708 2452 amen.
733 2380 841 2468 ltem,
863 2379 1005 2472 qnando
1024 2391 1173 2470 surgunt
1197 2381 1242 2451 de
1261 2402 1381 2452 mensa
1406 2381 1441 2449 in
1463 2382 1610 2474 prandio
1634 2382 1690 2451 vel
1713 2382 1748 2450 in
1768 2403 1857 2453 cena

418 2480 581 2552 reddunt
599 2479 728 2570 gratias
744 2478 811 2550 boc
828 2477 945 2559 modo,
963 2477 1141 2559 videlicet,
1158 2479 1253 2569 quod
1269 2478 1446 2571 antiquior
1459 2479 1545 2550 dicit
1562 2480 1595 2548 in
1614 2478 1751 2571 vulgari
1768 2480 1859 2551 illud

423 2578 518 2673 quod
538 2576 686 2646 liabetur
703 2577 737 2644 in
753 2576 980 2668 Apocalipsi:
1003 2574 1205 2647 Benedictio
1221 2582 1251 2645 et
1267 2575 1414 2646 claritas
1433 2582 1464 2646 et
1480 2576 1654 2669 sapientia
1673 2582 1704 2646 et
1720 2577 1859 2670 protic-

308 2758 315 2770 ⁶
422 2699 508 2747 rum
524 2674 629 2758 actio,
651 2674 776 2761 bonor,
797 2674 913 2744 virtus
930 2679 965 2743 et
982 2673 1151 2764 fortitudo
1172 2673 1247 2744 Deo
1264 2680 1380 2745 coebo
1399 2675 1438 2744 ic
1454 2673 1570 2746 seculo
1578 2673 1774 2745 seculorum
1790 2700 1808 2762 ;
1825 2685 1861 2747 et

423 2784 544 2868 postea
560 2773 707 2845 subdit:
729 2771 821 2844 Deus
838 2772 963 2843 reddat
981 2772 1176 2843 mercedem
1192 2771 1319 2844 bonam
1339 2784 1374 2844 et
1393 2773 1523 2843 bonnm
1545 2773 1761 2844 escambium
1780 2794 1858 2845 om·

424 2873 528 2943 nibus
547 2871 615 2941 illis
634 2873 695 2963 qni
714 2870 939 2941 benefaciunt
958 2869 1060 2940 nobis
1079 2880 1114 2939 et
1134 2870 1347 2940 benedicunt
1363 2872 1487 2956 nobis,
1509 2881 1543 2940 et
1564 2870 1656 2940 Deus
1672 2870 1733 2962 qui
1755 2869 1860 2941 dedit

422 2970 524 3041 nobis
540 2970 656 3040 cibum
676 2968 891 3061 corporalem
911 2977 947 3038 et
965 2967 1024 3037 det
1040 2967 1140 3039 nobis
1154 2968 1271 3037 cibum
1290 2967 1522 3061 spiritualem,
1540 2979 1575 3038 et
1594 2969 1686 3038 Deos
1702 2971 1749 3038 sit
1770 2990 1855 3040 cum

423 3068 524 3139 nobis
543 3080 578 3138 et
597 3088 660 3137 nos
685 3088 763 3136 cum
784 3088 827 3137 eo
845 3085 997 3159 semper.
1019 3063 1060 3134 Et
1082 3065 1143 3133 alii
1160 3067 1375 3159 respondent
1397 3063 1550 3136 :Amen
1574 3066 1681 3150 ltem,
1703 3066 1855 3157 qnando

422 3164 637 3235 benedicunt
657 3184 811 3254 mensam
828 3175 864 3234 et
880 3162 1023 3256 quando
1044 3162 1195 3232 reddunt
1213 3164 1343 3256 gratias
1362 3173 1481 3234 tenent
1503 3175 1539 3232 nt
1558 3163 1761 3255 trequenter
1783 3184 1861 3235 ma·

424 3284 491 3333 nus
504 3263 644 3353 junctas
663 3272 699 3332 et
717 3261 859 3332 elevant
873 3281 997 3332 versus
1016 3260 1144 3331 celum.
1162 3260 1262 3343 item,
1286 3271 1364 3353 post
1383 3261 1592 3353 prandium,
1613 3261 1716 3330 dictis
1735 3263 1863 3352 gratiis

424 3371 460 3433 et
480 3361 567 3430 lacta
588 3361 747 3430 oratione
773 3370 949 3452 utsupra,
972 3357 1154 3452 predicant
1173 3368 1208 3428 et
1233 3359 1361 3429 docent
1385 3378 1448 3430 seu
1470 3359 1600 3429 iaciunt
1618 3361 1863 3431 exortationes

425 3478 507 3529 snas
528 3458 574 3528 de
593 3457 751 3528 doctrina
770 3476 834 3526 sua
862 3457 930 3527 illis
950 3459 1113 3548 quisunt
1139 3455 1188 3525 ibi
1208 3467 1410 3550 presentes,
1433 3456 1462 3527 si
1482 3457 1606 3526 sintin
1627 3455 1706 3527 loco
1724 3477 1860 3551 oppor-

428 3567 513 3627 tuno
535 3555 593 3625 ubi
619 3576 689 3627 non
720 3557 866 3624 timeant
883 3555 929 3625 de
954 3553 1190 3625 exterioribus
1214 3554 1269 3625 vel
1298 3553 1534 3624 servientibus
1560 3554 1619 3646 qui
1652 3574 1721 3625 non
1742 3565 1863 3626 essent

427 3653 690 3725 consentientes
717 3651 752 3721 in
773 3653 863 3723 lacto
891 3655 1069 3745 ipsnrnm;
1089 3661 1144 3721 set
1171 3662 1210 3721 ut
1235 3652 1451 3744 frequentius
1472 3653 1602 3721 iaciunt
1622 3652 1864 3724 exortationes

428 3772 510 3823 suas
530 3751 575 3821 de
595 3762 696 3822 nocte
717 3760 795 3842 post
813 3771 960 3834 cenam,
982 3749 1125 3841 quando
1149 3750 1334 3821 credentes
1354 3752 1510 3842 ipsorum
1530 3760 1615 3819 sunt
1630 3751 1862 3841 congregati,

428 3849 510 3942 qnia
529 3859 613 3920 tunc
633 3849 814 3920 redierunt
828 3848 873 3918 de
892 3847 1058 3939 operibus
1072 3847 1160 3931 suis,
1178 3857 1212 3916 et
1230 3846 1400 3918 secretius
1420 3867 1461 3916 ac
1478 3847 1636 3917 securius
1653 3859 1688 3918 et
1704 3848 1859 3919 abscon·

428 3946 501 4017 dite
528 3959 674 4040 possunt
699 3947 817 4037 loqui,
840 3957 875 4015 et
902 3945 1102 4031 interdum,
1126 3945 1214 4014 iacta
1243 3944 1505 4037 predicatione,
1527 3956 1662 4039 ponunt
1679 3965 1718 4016 se
1738 3966 1864 4018 omnes

428 4044 560 4115 ibidem
582 4040 623 4141 [l0
642 4043 709 4112 l36
725 4039 778 4140 b],
800 4041 901 4113 flexis
920 4043 1083 4133 genibus,
1106 4041 1261 4111 inclinati
1280 4042 1385 4113 modo
1398 4063 1469 4134 quo
1483 4062 1589 4135 supra
1600 4042 1861 4131 adorationem,

427 4153 464 4213 ct
482 4141 672 4233 aliqnando
698 4142 831 4211 iaciunt
850 4141 1008 4231 extingui
1031 4139 1163 4223 lumen,
1180 4141 1208 4209 si
1230 4140 1275 4209 sit
1295 4139 1357 4224 ibi,
1381 4151 1522 4233 propter
1543 4140 1629 4226 boc,
1652 4150 1691 4209 ut
1709 4139 1861 4228 dicitur,

428 4251 467 4309 nt
487 4260 556 4310 non
577 4239 766 4310 videantur
785 4238 841 4308 vel
861 4237 1173 4330 deprehendantur
1191 4236 1236 4307 ab
1250 4240 1429 4307 extraneis
1447 4259 1510 4307 seu
1532 4239 1769 4308 exterioribus
1790 4258 1862 4309 non

426 4338 728 4409 consentientibus
748 4336 781 4404 in
811 4337 903 4407 iacto
928 4356 1063 4405 eorum.
1086 4335 1192 4419 ltem,
1212 4334 1334 4404 dicunt
1357 4333 1583 4405 credentibus
1606 4336 1679 4407 suis
1699 4346 1735 4405 et
1753 4336 1864 4407 intor-

428 4449 525 4505 mant
543 4456 604 4505 eos
621 4434 715 4527 quod
738 4434 835 4505 nullo
855 4433 960 4503 modo
981 4432 1140 4503 revelent
1160 4453 1221 4503 ecs
1241 4432 1453 4525 capellanis,
1471 4443 1531 4501 aut
1550 4433 1706 4519 clericis,
1728 4454 1793 4504 nec
1812 4455 1866 4505 re·

430 4533 580 4624 liginsis,
601 4553 715 4623 neque
735 4530 1015 4623 inquisitoribus,
1035 4529 1132 4622 qnia,
1154 4531 1183 4600 si
1205 4531 1392 4615 scirentur,
1409 4542 1618 4623 caperentur
1635 4531 1680 4601 ab
1696 4530 1761 4613 eis,
1779 4534 1864 4623 quia

427 4630 654 4723 inquisitores
674 4641 905 4723 persecuntur
926 4648 987 4698 ecs
1003 4639 1039 4699 et
1055 4628 1103 4696 illi
1121 4627 1166 4698 de
1181 4626 1335 4698 Ecclesia
1352 4628 1506 4699 Romana
1525 4628 1666 4719 injuste,
1685 4639 1724 4697 ut
1739 4628 1865 4700 dicunt

427 4728 653 4800 credentibus
675 4728 769 4813 suis,
795 4737 936 4820 propter
964 4725 1030 4797 boc
1058 4726 1140 4817 quia
1161 4725 1227 4818 ipsi
1257 4726 1420 4797 serviunt
1437 4726 1510 4795 Deo
1535 4735 1570 4796 et
1594 4736 1739 4796 servant
1763 4746 1864 4796 man·

428 4824 508 4896 data
529 4826 590 4897 Dei
610 4836 646 4897 et
666 4835 905 4919 paupertatem
927 4844 969 4894 ac
989 4823 1239 4915 perlectionem
1258 4823 1520 4914 evangelicam,
1542 4825 1634 4893 sicut
1649 4821 1808 4894 Christus
1827 4834 1864 4896 et

432 4924 602 5015 apostoli;
622 4933 657 4994 et
676 4923 798 4994 dicunt
821 4921 917 5015 quod
943 4922 1008 5014 ipsi
1029 4920 1156 4992 melios
1182 4931 1399 5014 cognoscunt
1418 4921 1602 4991 veritatem
1623 4932 1658 4992 et
1686 4921 1779 4992 viam
1800 4921 1863 4994 Dei

432 5040 541 5111 quam·
554 5020 726 5114 capellani
745 5031 781 5090 et
799 5020 917 5091 clerici
938 5030 973 5089 et
991 5019 1144 5109 religiosi
1163 5017 1208 5088 de
1226 5018 1378 5090 Ecclesia
1398 5019 1573 5108 Romana,
1592 5029 1628 5088 et
1642 5018 1724 5091 ideo
1741 5040 1864 5112 perse·
