4612 6404
1025 653 1152 719 oomrn
1177 655 1273 706 rans.
1795 640 1865 710 273

1543 744 1571 781 ψ

436 809 548 880 Paulo
568 821 604 880 et
626 810 720 883 dicto
745 813 851 883 fratre
874 811 975 884 Petro
998 814 1184 903 lobannis,
1205 817 1305 904 cnjus
1327 814 1418 883 dicta
1444 836 1512 885 non
1538 814 1667 884 luerint
1690 815 1725 883 in
1747 815 1865 907 aliquo

434 902 497 1001 per
521 907 709 978 Ecclesiam
741 913 909 992 relutata;
939 923 992 982 set
1024 924 1092 983 tota
1124 914 1281 982 doctrina
1316 911 1426 980 sancti
1452 911 1548 980 Pauli
1576 924 1610 980 et
1639 913 1754 981 lratris
1774 912 1865 984 Petri

433 1004 602 1076 lobannis
621 1018 675 1077 est
695 1009 844 1078 tenenda
873 1009 1025 1078 totaliter
1046 1031 1107 1100 per
1126 1010 1335 1093 Ecclesiam,
1359 1030 1423 1078 nec
1443 1020 1495 1079 est
1520 1029 1588 1077 una
1615 1010 1727 1079 littera
1748 1010 1865 1080 dimit-

435 1106 553 1172 tenda.
576 1105 682 1189 ltem,
704 1107 814 1198 aliqui
831 1128 875 1176 ex
896 1107 947 1177 eis
968 1105 1089 1176 dicunt
1105 1109 1256 1178 eundem
1276 1109 1414 1176 fratrem
1433 1106 1572 1176 Petrum
1592 1106 1761 1177 Iohannis
1778 1109 1866 1178 veri-

436 1209 539 1269 tatem
558 1203 712 1272 tennisse
729 1216 763 1274 et
780 1204 913 1274 dixisse
929 1208 963 1273 in
984 1228 1026 1277 eo
1043 1208 1136 1294 qnod
1153 1205 1243 1274 dixit
1258 1218 1292 1275 ει
1309 1205 1420 1274 tenuit
1436 1206 1530 1295 qnod
1545 1204 1702 1275 Christus
1719 1207 1863 1276 vivebat

434 1298 576 1387 quando
603 1300 667 1368 init
687 1302 843 1393 pendens
861 1303 896 1371 in
917 1325 1018 1373 cruce
1041 1305 1076 1369 in
1100 1304 1207 1372 latere
1226 1304 1427 1387 lanceatus,
1451 1303 1607 1372 dicentes
1627 1303 1721 1394 qnod
1743 1307 1859 1374 anima

434 1393 558 1465 Christi
578 1399 771 1468 secundum
792 1399 841 1468 rei
862 1401 1045 1470 veritatem
1066 1400 1182 1470 adhuc
1202 1412 1277 1470 erat
1296 1402 1328 1468 in
1347 1422 1515 1494 corpore3
1538 1413 1592 1470 set
1610 1402 1691 1492 qnia
1709 1399 1865 1470 Christos

435 1505 509 1562 erat
527 1494 672 1564 multum
691 1498 905 1579 exinanitus,
923 1498 1003 1569 ideo
1022 1499 1273 1592 aspicientibus
1295 1511 1453 1568 mortuns
1469 1499 1669 1568 videbatur.
1687 1498 1865 1569 Iohannes

435 1602 550 1674 antem
583 1595 799 1682 evangelista
830 1595 910 1666 ideo
938 1596 1026 1666 dixit
1054 1618 1132 1666 eum
1161 1608 1242 1666 tunc
1275 1617 1353 1667 esse
1384 1608 1558 1666 mortuum
1589 1596 1670 1686 qnia
1707 1608 1865 1665 mortuns

434 1689 645 1781 apparebat3
665 1691 824 1763 lllathens
841 1705 956 1763 autem
974 1695 1189 1785 evangelista
1209 1695 1348 1787 scripsit
1365 1694 1459 1786 quod
1477 1692 1632 1762 Christus
1652 1693 1757 1762 vivus
1774 1707 1861 1778 erat,

434 1787 515 1876 quia
535 1790 728 1859 secundum
749 1793 797 1861 rei
817 1791 1000 1860 veritatem
1021 1795 1068 1861 ita
1088 1804 1186 1878 erat;
1208 1804 1262 1862 set
1283 1792 1435 1861 Ecclesia
1455 1792 1586 1860 abrasit
1608 1790 1673 1860 hoc
1692 1791 1736 1860 de
1756 1811 1863 1860 evan-

434 1883 526 1972 gelio
546 1884 675 1957 Mathai
700 1912 744 1957 ne
764 1887 931 1960 Iohannis
957 1890 1141 1980 evangelio
1168 1893 1364 1961 contrarius
1391 1889 1583 1958 videretur.
1612 1888 1721 1970 ltem,
1743 1888 1864 1957 dicunt

435 1991 469 2048 et
489 1976 529 2078 [l0
552 1981 619 2051 lld
637 1981 670 2082 c]
690 1996 872 2078 exponunt
891 1989 985 2077 quod
1007 1988 1120 2057 dictus
1141 1988 1246 2058 frater
1263 1988 1384 2056 Petrus
1403 1985 1571 2056 Iohannis
1592 1986 1655 2054 luit
1674 1986 1862 2079 spirituali-

436 2086 487 2146 ter
505 2079 564 2150 ille
586 2083 732 2172 angelus
756 2085 801 2155 de
827 2105 897 2175 qno
923 2083 1109 2168 scribitur,
1129 2085 1348 2178 Apocalipsis
1367 2084 1432 2168 X0,
1453 2084 1548 2175 quod
1569 2084 1675 2154 iacies
1694 2084 1769 2173 ejus
1789 2097 1865 2153 erat

434 2174 523 2269 sicut
538 2180 588 2248 sol
606 2191 640 2249 et
663 2180 816 2251 habebat
834 2181 960 2250 librum
980 2195 1138 2273 apertum
1162 2185 1196 2252 in
1218 2204 1426 2264 manases,
1449 2184 1554 2274 quia,
1578 2194 1614 2249 nt
1632 2182 1769 2259 dicunt,
1791 2183 1863 2251 sin·

435 2274 600 2362 gulariter
628 2279 718 2349 inter
748 2301 871 2350 omnes
899 2280 987 2351 alios
1018 2281 1180 2353 doctores
1212 2282 1276 2349 luit
1307 2282 1337 2350 ei
1367 2291 1486 2372 aperta
1518 2280 1647 2370 veritas
1674 2278 1799 2348 Christi
1829 2292 1864 2349 et

435 2370 663 2465 intelligentia
686 2376 763 2448 libri
783 2376 1018 2470 apocalipsis,
1041 2391 1075 2448 et
1093 2371 1126 2448 in
1150 2379 1286 2471 postilla
1305 2379 1415 2470 ipsius
1434 2398 1536 2469 quan.
1559 2376 1689 2446 habent
1705 2387 1863 2469 transpo-

434 2470 533 2540 sitam
556 2473 591 2540 in
612 2474 749 2565 vulgari
771 2478 806 2543 in
837 2477 993 2569 predicto
1014 2477 1090 2547 loco
1119 2476 1197 2546 libri
1217 2476 1435 2569 Apocalipsis
1455 2477 1519 2569 ipsi
1541 2475 1592 2545 sic
1610 2474 1810 2564 intelligunt
1829 2487 1865 2545 et

434 2581 628 2659 exponunt.
656 2574 760 2651 Item,
786 2574 907 2643 dicunt
929 2576 1022 2667 qnod
1045 2577 1216 2668 scriptura
1241 2584 1276 2643 et
1295 2573 1452 2645 doctrina
1474 2573 1617 2666 predicti
1640 2571 1754 2640 fratris
1771 2571 1862 2643 Petri

433 2663 599 2738 Iohannis
615 2682 696 2740 sunt
716 2674 829 2761 magis
849 2676 1045 2743 necessarie
1061 2671 1213 2742 Ecclesie
1225 2671 1286 2742 Dei
1307 2692 1369 2764 pro
1387 2672 1453 2740 isto
1470 2682 1625 2763 tempore
1646 2667 1739 2739 finali
1756 2691 1862 2761 qnam

433 2760 549 2854 alique
573 2767 640 2838 alie
667 2773 839 2864 scripture
862 2792 1165 2862 quorumcumque
1189 2770 1370 2840 doctorum
1396 2779 1431 2838 et
1456 2781 1676 2848 sauctorum,
1704 2768 1863 2859 exceptis

433 2861 613 2954 scripturis
640 2867 877 2960 apostolorum
905 2881 941 2938 et
963 2868 1273 2958 evangelistarum,
1296 2867 1399 2960 qnia,
1422 2878 1460 2934 ut
1479 2866 1619 2949 dicunt,
1650 2866 1723 2957 ipse
1752 2867 1863 2958 magis

433 2958 611 3032 declarant
630 2976 665 3035 et
685 2966 770 3036 dant
788 2966 984 3057 intelligere
1003 2965 1173 3036 maliciam
1193 2963 1415 3034 Anti-Christi
1437 2976 1473 3033 et
1491 2962 1741 3056 discipulorum
1763 2965 1860 3052 ejus,

433 3058 601 3131 videlicet
626 3061 869 3154 phariseorum
896 3085 984 3155 qnos
1009 3065 1131 3134 dicunt
1156 3084 1234 3134 esse
1261 3064 1412 3156 prelatos
1435 3071 1471 3129 et
1494 3060 1676 3149 religiosos
1703 3061 1862 3131 moderni

435 3159 614 3248 temporis.
638 3160 722 3230 ltem
736 3214 745 3247 ,
768 3161 890 3231 dicunt
912 3162 1005 3253 quod
1037 3162 1066 3232 si
1091 3161 1183 3231 Dens
1208 3183 1276 3232 non
1300 3158 1512 3253 providisset
1535 3156 1689 3257 Ecclesie
1714 3157 1774 3228 Dei
1804 3181 1866 3252 per

433 3252 562 3325 dictum
585 3258 726 3329 fratrem
750 3259 887 3329 Petrum
908 3259 1076 3329 lobannis
1096 3259 1151 3328 vel
1174 3258 1326 3351 aliquem
1354 3258 1461 3327 alium
1484 3256 1550 3326 sibi
1576 3255 1748 3339 similem,
1772 3267 1865 3328 totus

415 3353 585 3442 'mundus
604 3368 697 3426 esset
720 3378 824 3427 cecus
846 3357 902 3427 vel
931 3357 1119 3428 hereticus.
1149 3356 1255 3439 ltem,
1279 3357 1400 3424 dicunt
1418 3355 1513 3447 qnod
1535 3354 1584 3423 illi
1604 3356 1665 3445 qni
1686 3375 1754 3425 non
1776 3357 1863 3425 reci-

433 3447 532 3540 piunt
550 3453 744 3525 doctrinam
763 3454 819 3524 vel
840 3454 1030 3547 scripturas
1052 3455 1208 3546 ejusdem
1231 3454 1346 3524 fratris
1365 3455 1455 3523 Petri
1474 3452 1642 3522 Iohannis
1662 3462 1744 3521 sunt
1763 3455 1861 3538 ceci,

433 3565 474 3616 eo
500 3552 593 3639 qnod
622 3574 692 3623 non
724 3554 881 3622 sentiunt
904 3575 968 3623 uec
994 3553 1118 3625 vident
1143 3552 1327 3621 veritatem
1353 3551 1459 3621 Jhesn
1488 3549 1634 3636 Christi;
1659 3561 1694 3620 et
1723 3548 1773 3618 illi
1801 3552 1862 3642 qni

434 3647 620 3737 reprobant
646 3659 681 3720 ει
706 3651 967 3742 condempnant
993 3652 1068 3742 ejus
1096 3650 1289 3721 doctrinam
1316 3660 1399 3718 sunt
1421 3648 1579 3719 heretici.
1607 3648 1715 3733 ltem,
1741 3647 1864 3719 dicunt

432 3744 525 3834 quod
554 3746 669 3817 dictus
693 3748 799 3818 lrater
824 3747 861 3816 P.
890 3748 1059 3819 lobannis
1083 3757 1136 3819 est
1164 3747 1280 3817 lumen
1308 3759 1343 3817 et
1370 3748 1431 3817 lux
1453 3766 1556 3838 qnam
1585 3746 1688 3817 Dens·
1706 3745 1800 3814 misit
1827 3747 1861 3816 in

433 3843 623 3932 mundum,
650 3857 685 3915 et
713 3856 855 3938 propter
878 3847 944 3916 hoc
968 3846 1016 3915 illi
1041 3849 1101 3938 qni
1127 3866 1196 3914 non
1218 3845 1341 3914 vident
1365 3844 1458 3915 istud
1482 3844 1599 3914 lumen
1624 3843 1806 3913 ambulant
1825 3844 1861 3913 in

435 3941 599 4014 tenebris.
622 3943 731 4029 ltem,
753 3944 875 4013 dicunt
894 3943 988 4035 quod
1009 3944 1039 4014 si
1060 3964 1146 4036 papa
1168 3942 1444 4034 condempnaret
1464 3942 1656 4012 doctrinam
1678 3941 1734 4009 vel
1753 3941 1864 4034 scrip·

434 4044 545 4109 turam
575 4041 690 4112 lratris
713 4039 803 4111 Petri
830 4041 1018 4125 Iohannis,
1041 4040 1333 4132 condempnando
1359 4061 1434 4110 earn
1454 4051 1547 4110 esset
1566 4038 1755 4121 hereticus,
1779 4041 1862 4129 quia

433 4137 706 4232 condempnaret
725 4139 832 4208 vitam
853 4153 888 4209 et
907 4140 1100 4210 doctrinam
1123 4134 1164 4234 [l0
1186 4135 1252 4206 tlt
1271 4134 1308 4235 d]
1329 4136 1468 4209 Christi.
1490 4137 1597 4222 ltem,
1621 4136 1743 4206 dicunt
1764 4137 1862 4229 quod

432 4232 463 4301 si
481 4256 569 4330 papa
588 4236 862 4329 condempnaret
881 4237 1008 4307 dictam
1033 4237 1227 4308 doctrinam
1245 4248 1306 4305 ant
1324 4237 1550 4328 scripturam,
1573 4235 1639 4326 ipsi
1663 4256 1732 4306 non
1754 4256 1858 4327 repn-

434 4340 546 4402 tarent
569 4355 644 4404 eam
666 4336 980 4429 condemnatam,
1003 4346 1038 4404 et
1061 4336 1089 4404 si
1117 4345 1258 4427 propter
1279 4332 1344 4404 hoc
1363 4333 1686 4404 excommunicaret
1708 4353 1769 4402 eos
1791 4353 1861 4403 non

433 4441 635 4522 reputarent
662 4452 701 4502 se
727 4453 806 4502 esse
830 4434 1173 4514 excommunicatos,
1199 4452 1263 4501 nec
1287 4432 1318 4501 ei
1345 4431 1551 4516 obedirent,
1582 4451 1647 4500 nec
1672 4430 1862 4501 redderent

432 4523 540 4599 libros
582 4529 672 4620 ejus.
712 4529 824 4615 ltem,
866 4530 948 4600 dicti
988 4528 1134 4622 Requiui
1172 4527 1304 4598 habent
1344 4528 1451 4598 libros
1490 4528 1573 4598 dicti
1613 4528 1727 4598 fratris
1768 4527 1861 4598 Petri

432 4621 597 4697 Iohannis
623 4648 668 4697 ex
708 4626 816 4696 latino
853 4628 1081 4719 transpositos
1114 4628 1149 4696 in
1183 4626 1318 4716 volgari
1352 4646 1441 4718 qnos
1476 4636 1767 4718 transposuerunt
1795 4646 1857 4695 seu

433 4725 684 4795 transtulerunt
723 4724 831 4816 aliqui
870 4746 915 4794 ex
951 4725 1161 4817 sequacibus
1198 4727 1300 4807 suls,
1340 4722 1506 4794 videlicet
1538 4723 1715 4794 Postillam
1753 4745 1861 4815 snper

434 4816 665 4915 Apocalipsim
695 4832 731 4892 et
763 4822 950 4915 quemdam
979 4831 1162 4892 tractatum
1196 4841 1341 4913 parvum
1374 4820 1420 4891 de
1450 4831 1655 4914 paupertate
1688 4832 1724 4891 et
1751 4822 1857 4891 alium

433 4920 515 4988 satis
543 4941 690 5012 parvum
715 4920 760 4990 de
785 4919 1028 5003 mendicitate,
1057 4932 1092 4989 et
1114 4918 1301 5011 quemdam
1322 4918 1429 4988 aliurn
1455 4919 1500 4989 de
1523 4930 1655 5012 septem
1677 4919 1859 5012 spiritibus

433 5016 611 5108 malignis,
647 5029 682 5088 et
714 5017 866 5109 quedam
896 5017 964 5088 alia
996 5017 1213 5110 scriptitata,
1245 5037 1315 5109 qne
1353 5016 1470 5088 omnia
1502 5016 1597 5088 dicto
1634 5016 1731 5086 fratri
1757 5017 1859 5087 Petro

1661 5138 1699 5202 35
