4574 6404
866 696 971 749 nurui
998 695 1095 748 raus.
1654 679 1696 748 l7

268 957 325 1023 ta.
349 957 484 1023 Forma
499 958 744 1022 absolutionis
761 958 993 1022 contumacis
1008 957 1047 1021 in
1063 972 1176 1021 causa
1190 955 1273 1021 fidei
1289 958 1322 1020 si
1337 964 1546 1021 revertatur
1560 965 1596 1020 et
1611 958 1700 1022 velit

714 1066 904 1130 mandatis
920 1065 1074 1129 ecclesie
1089 1064 1244 1128 obedire.

312 1306 433 1378 Frater
451 1306 531 1377 Ber.
556 1307 742 1395 Gnidonis,
762 1310 841 1380 ord.
861 1309 1012 1394 Predic,
1029 1309 1229 1400 inquisitor,
1250 1318 1335 1389 etc,
1353 1307 1529 1378 universis
1546 1308 1590 1378 ad
1610 1330 1700 1400 quos

266 1415 448 1497 presentes
469 1405 584 1475 littere
603 1408 831 1497 pervenerint
850 1419 1005 1476 eternam
1025 1407 1059 1476 in
1077 1407 1225 1476 Domino
1243 1405 1405 1476 salntem.
1422 1445 1467 1457 —
1487 1405 1612 1476 Sancta
1631 1427 1700 1476 ma·

262 1511 315 1573 ter
331 1501 485 1571 Ecclesia
502 1503 588 1570 nulli
608 1503 741 1573 claudit
757 1504 928 1594 gremium
950 1505 1127 1586 redeunti,
1145 1525 1267 1574 verum
1287 1503 1390 1573 etiam
1410 1503 1525 1572 sinum
1544 1525 1646 1574 sunm
1664 1515 1700 1574 et

262 1599 361 1690 regni
379 1599 519 1670 celestis
539 1601 682 1688 januam
711 1602 824 1695 aperit
850 1624 935 1672 vere
964 1602 1204 1696 penitentibus
1232 1611 1267 1671 et
1294 1601 1471 1685 contritis,
1500 1600 1624 1672 edocta
1651 1602 1698 1693 pii

262 1698 370 1790 patris
404 1699 568 1789 exemplo
602 1700 661 1790 qui
688 1700 824 1770 festivis
851 1701 1077 1793 amplexibus
1105 1700 1264 1789 gaudens
1292 1699 1446 1791 suscepit
1472 1698 1516 1768 ad
1545 1699 1697 1788 graciam

263 1791 371 1864 filium
394 1795 579 1887 prodigum
604 1807 854 1867 revertentem.
876 1796 1077 1882 Quocirca,
1095 1797 1198 1866 talem
1217 1796 1259 1865 N.
1273 1817 1377 1885 quern
1393 1796 1475 1865 olim
1494 1816 1698 1866 excommu-

263 1892 449 1963 nicationis
467 1894 611 1965 vinculo
633 1889 673 1989 [t0
693 1894 736 1963 to
756 1891 789 1991 a]
817 1896 1089 1977 innodavimus,
1112 1916 1174 1964 sua
1195 1893 1413 1964 contumacia
1436 1894 1469 1961 in
1491 1913 1595 1963 causa
1616 1892 1698 1965 fidei

264 1990 448 2083 exigente,
471 2012 563 2062 nunc
592 2004 853 2083 comparentem
877 1993 1109 2084 personaliter
1133 2012 1250 2061 coram
1276 1990 1377 2060 nobis
1397 2002 1431 2060 et
1452 1992 1628 2080 jurantem
1653 1993 1698 2062 ad

265 2098 386 2157 sancta
413 2087 474 2156 Dei
506 2089 689 2180 evangelie
717 2091 891 2160 mandetis
916 2091 1044 2162 nostris
1071 2103 1105 2159 et
1123 2089 1276 2158 Eeclesie
1303 2088 1508 2179 simpliciter
1532 2089 1696 2174 obedire,

266 2182 484 2256 absolvimus
512 2187 707 2258 secundum
734 2190 879 2258 lormam
910 2187 1065 2258 Ecclesie
1089 2187 1133 2257 ab
1158 2186 1531 2256 excommunicationis
1556 2187 1700 2258 vinculo

265 2302 337 2373 quo
357 2281 493 2354 ratione
510 2285 669 2377 predicte
685 2285 906 2356 contumacis
922 2308 983 2378 per
1003 2307 1065 2356 nos
1085 2286 1199 2354 tuerat
1216 2283 1419 2369 innodatae,
1433 2294 1468 2354 et
1485 2295 1606 2355 tenore
1624 2306 1701 2377 pre

265 2380 417 2448 sentium
448 2381 704 2453 denunciamus
733 2383 899 2453 omnibus
925 2383 1150 2468 absolutum,
1179 2382 1386 2451 mandantes
1413 2392 1447 2450 et
1478 2381 1700 2473 imponentes

266 2476 381 2546 eidem
403 2478 471 2548 sub
487 2479 618 2549 virtute
636 2480 770 2572 prestiti
790 2482 982 2572 juramenti
1006 2494 1043 2550 ut
1067 2481 1168 2550 faeiat
1195 2478 1262 2549 boc
1289 2489 1323 2548 et
1344 2478 1423 2548 boc.
1446 2476 1701 2574 (enprimetur

265 2574 457 2645 seeundum
470 2575 676 2669 qualitatem
694 2578 784 2671 faeti
797 2585 830 2648 et
838 2600 1046 2671 persone-
1062 2577 1125 2647 Vel
1138 2577 1187 2648 sie
1200 2576 1276 2646 elle
1290 2574 1448 2647 clausule
1461 2599 1475 2648 .·
1488 2576 1699 2670 prefigenles

266 2672 381 2742 eidem
409 2673 483 2759 tali,
504 2676 571 2744 sub
595 2696 684 2768 pena
708 2677 1085 2747 excommunicationis
1111 2686 1145 2745 et
1168 2674 1303 2745 virtute
1331 2675 1464 2767 prestiti
1484 2677 1696 2766 juramenti,

266 2777 402 2862 tempus
426 2782 461 2841 et
481 2775 692 2859 terminum,
719 2773 887 2844 videlieet
907 2775 1010 2844 talem
1035 2773 1128 2844 diem
1156 2770 1432 2866 (emprimeter)
1459 2773 1546 2842 intra
1567 2796 1696 2864 quam,

264 2864 426 2956 Tholose,
449 2869 483 2938 in
505 2869 611 2942 domo
629 2870 882 2963 inquisitionis,
906 2872 1141 2964 personaliter
1158 2880 1359 2963 compareat
1377 2891 1493 2941 coram
1516 2871 1617 2941 uobis
1637 2893 1700 2941 au·

265 2962 404 3036 diturus
424 2977 459 3037 et
479 2978 683 3061 recepturus
706 2979 812 3060 atque
835 2969 1077 3061 completurus
1099 2968 1300 3038 mandatum
1329 2981 1484 3038 nostrum
1510 2969 1600 3039 circa
1622 2991 1699 3063 pre·

264 3063 384 3152 missa,
405 3077 440 3135 et
456 3065 610 3135 tacturus
627 3066 714 3136 alias
735 3067 829 3158 quod
851 3066 956 3137 inerit
977 3064 1154 3160 rationis).
1176 3066 1317 3152 Datum,
1339 3076 1407 3136 etc.

265 3317 324 3381 20.
349 3317 483 3381 Forma
498 3320 640 3383 citandi
657 3319 873 3398 fugiturum
892 3323 935 3386 de
951 3338 1055 3386 muro
1072 3330 1106 3384 et
1123 3325 1479 3388 excommunicatum
1492 3339 1556 3403 pro
1571 3330 1699 3387 contu·

304 3426 424 3489 macla
438 3426 478 3488 in
495 3442 609 3490 causa
626 3424 709 3491 ildei
725 3429 825 3492 ultra
841 3445 982 3493 annum
997 3476 1005 3503 ,
1023 3436 1064 3491 ut
1079 3431 1204 3492 veniat
1221 3430 1451 3495 diffinitivam
1475 3432 1698 3494 sententiam

305 3531 514 3605 auditurus,
532 3535 702 3614 quamvis
727 3536 862 3600 absens
886 3553 950 3616 per
970 3537 1244 3600 contumaciam
1271 3554 1316 3602 ao
1343 3538 1586 3618 pertinaciam
1609 3546 1700 3602 tunc

305 3639 448 3702 existat.

313 3881 434 3952 Frater
448 3882 527 3955 Ber.
549 3883 736 3972 Gnidonis,
756 3886 834 3957 ord.
852 3886 1004 3972 Prodit,
1026 3886 1226 3979 inquisitor,
1248 3900 1332 3974 ete,
1348 3887 1613 3981 talieapellano‚
1627 3899 1695 3960 etc.

263 3978 404 4049 -Cum
428 3980 506 4050 talis
518 3983 562 4052 de
578 3983 636 4053 tali
655 3984 732 4053 loco
747 3984 791 4054 de
804 4005 905 4054 muro
922 3984 1168 4076 inquisitorum
1181 3984 1331 4056 Tholose
1347 3988 1505 4078 personis
1517 3987 1700 4079 culpabili·

264 4077 330 4147 bus
360 4079 540 4170 profacto
570 4079 706 4151 heresis
733 4083 923 4174 deputato,
953 4082 1041 4151 clam
1071 4094 1106 4152 et
1135 4084 1320 4154 temerarie
1350 4083 1548 4175 aufugerit,
1577 4096 1697 4155 contra

264 4175 445 4267 proprium
458 4177 722 4267 juramentum,
744 4178 788 4249 ad
810 4202 914 4272 quem
938 4202 1075 4249 murum
1098 4180 1211 4250 luerat
1231 4180 1490 4251 sentencialiter
1510 4181 1698 4274 condemp-

265 4284 367 4343 natus
391 4268 432 4368 [ll
458 4274 501 4343 to
528 4271 563 4372 h]
592 4276 636 4346 ad
662 4277 838 4367 agendum
870 4277 1098 4370 penitentiam
1128 4298 1190 4370 pro
1219 4277 1384 4369 hiisque
1411 4278 1634 4349 commiserat
1662 4280 1696 4348 in

264 4369 355 4441 lacto
382 4370 519 4443 heresis
541 4373 575 4442 in
596 4394 668 4465 quo
698 4374 811 4444 luerat
831 4375 1094 4467 deprehensns,
1123 4385 1157 4445 et
1183 4377 1391 4445 sententiam
1413 4379 1697 4447 excommunica·

266 4466 371 4539 tionis
391 4469 426 4537 in
447 4469 561 4563 ipsum
584 4471 687 4541 latam
708 4493 812 4564 quam
835 4494 880 4542 ex
901 4472 968 4541 hoc
990 4473 1132 4541 incurrit
1155 4484 1204 4541 tot
1230 4473 1331 4542 anuis
1351 4472 1557 4543 sustinuerit
1580 4476 1698 4543 animo

265 4563 452 4652 indurato,
474 4588 612 4639 necnon
635 4570 861 4661 postmodum
884 4581 1047 4660 tauquam
1069 4581 1252 4662 suspectus
1272 4569 1317 4639 de
1336 4570 1450 4640 heresi
1468 4570 1699 4642 vehementer

266 4659 339 4755 (cel
352 4664 431 4735 sic:
455 4674 619 4757 tanquam
641 4679 826 4737 accusatus
847 4666 891 4737 de
910 4666 1026 4736 heresi
1045 4678 1079 4736 et
1098 4666 1299 4762 suspectus)
1318 4667 1443 4737 citatus
1465 4669 1570 4738 luerit
1589 4690 1696 4740 cano·

267 4759 346 4832 nice
365 4783 446 4832 cum
468 4763 620 4855 publicis
641 4765 765 4835 edictis
785 4778 823 4834 ut
842 4765 946 4834 certis
967 4764 1092 4834 diebus
1112 4775 1147 4834 et
1167 4764 1242 4833 loeo
1262 4764 1522 4858 perhemptorie
1542 4767 1697 4858 ossigna-

270 4857 313 4927 tis
332 4859 567 4950 personaliter
586 4875 806 4954 compareret
826 4859 1059 4955 responsurus
1079 4862 1123 4932 de
1143 4859 1212 4931 tide
1232 4872 1267 4932 et
1285 4862 1330 4933 de
1348 4863 1415 4932 biis
1436 4884 1506 4955 que
1525 4866 1699 4936 commisit

266 4953 300 5023 iu
322 4957 413 5028 lacto
434 4957 568 5028 heresis
588 4971 708 5030 eontra
735 4958 864 5044 iidem,
887 4971 922 5030 et
946 4959 1089 5031 minime
1110 4961 1367 5053 comparuerit,
1389 4982 1453 5031 uec
1480 4961 1607 5053 aliquis
1635 4984 1698 5055 pro

265 5053 387 5124 eodem
404 5108 413 5143 ,
435 5055 470 5124 in
486 5076 592 5127 causa
609 5055 690 5127 lidei
706 5077 829 5150 parere
844 5057 1105 5149 subterfugiens
1122 5068 1155 5128 et
1171 5059 1424 5130 contumaciter
1438 5081 1476 5130 se
1491 5061 1696 5150 absentans,

1521 5179 1539 5245 3
