4574 6404
435 650 508 721 200
724 665 887 720 rnacrtca
912 647 1343 733 moursrrronrs'mannrrcn
1369 665 1581 719 rnavnarrs.

434 834 535 910 rant,
557 845 662 917 quam
687 823 717 896 si
744 844 806 917 per
834 844 964 893 anuum
989 824 1221 896 sustinuerint
1246 824 1364 895 animo
1385 824 1572 918 pertinaci,
1595 845 1641 895 ex
1662 833 1744 894 tunc
1767 823 1874 895 velut

434 921 581 993 heretici
603 920 919 1013 condempnentur.

484 1018 682 1090 Bonilacius
702 1039 788 1090 vero
814 1038 901 1111 papa
921 1018 1022 1088 vlllr·
1050 1020 1249 1091 uberiorem
1278 1021 1563 1092 constitutionem
1591 1021 1684 1090 circa
1713 1017 1874 1112 predicta

435 1116 565 1198 edidit,
587 1115 775 1187 nonnullos
793 1135 897 1187 casus
920 1116 1009 1188 alios
1034 1117 1191 1188 adiciens
1215 1118 1251 1186 in
1277 1118 1400 1189 cadem
1431 1119 1499 1187 lata
1521 1117 1694 1188 sententia
1722 1136 1875 1187 excom·

436 1213 683 1286 manicationis
694 1213 771 1306 ipso
782 1214 863 1303 jure
877 1214 912 1283 in
926 1217 1140 1284 contrarium
1152 1216 1332 1302 iacientes,
1342 1214 1447 1285 Extra
1467 1215 1512 1285 de
1525 1214 1691 1286 hereticis
1706 1214 1797 1285 libro
1812 1213 1875 1283 Vl⁰

435 1320 515 1405 cap⁰
531 1337 538 1380 :
563 1309 609 1381 Ut
623 1309 854 1405 inquisitionis
867 1311 1067 1402 moenium.
1082 1312 1139 1383 Et
1153 1312 1259 1407 infru
1272 1307 1314 1407 [p
1330 1312 1398 1381 tto
1414 1308 1446 1410 c]
1468 1338 1475 1381 :
1492 1311 1762 1403 §probibemus
1779 1331 1874 1403 quo-

434 1430 504 1501 que
524 1409 716 1479 districtius
737 1409 982 1501 potestatibus,
1005 1409 1158 1481 dominis
1177 1410 1441 1502 temporalibus,
1463 1420 1497 1480 ct
1514 1409 1709 1480 rectoribus
1728 1429 1873 1480 eorum·

435 1527 505 1599 que
528 1505 751 1589 officialibus,
773 1528 817 1576 nc
839 1506 906 1599 ipsi
935 1507 980 1577 dc
999 1506 1067 1578 boc
1096 1509 1261 1592 crimine,
1291 1528 1370 1577 cum
1392 1528 1487 1578 mere
1506 1508 1552 1578 sit
1569 1506 1871 1592 ecclesiasticum,

434 1603 685 1696 quoquomodo
708 1615 922 1696 cognoscant
949 1604 1005 1675 vel
1033 1605 1216 1696 judicent,
1247 1606 1325 1675 sive
1354 1615 1474 1698 captos
1512 1604 1696 1698 predicto
1722 1604 1875 1676 crimine

434 1701 569 1793 absque
588 1701 832 1795 episcoporum
854 1705 933 1772 sive
959 1702 1232 1794 inquisitorum,
1256 1713 1318 1772 aut
1336 1702 1459 1773 saitem
1480 1702 1624 1772 alterius
1642 1701 1781 1772 tinentia
1805 1722 1874 1772 scu

434 1800 615 1884 mandato,
626 1819 645 1868 a
658 1819 798 1870 carcere
818 1798 969 1869 liberare
983 1801 1451 1892 antexecutionemsibipro
1464 1799 1667 1889 hujusmodi
1682 1798 1834 1869 crimine
1850 1820 1873 1870 a

435 1897 650 1993 dyocesano,
671 1897 728 1966 vel
749 1896 1030 1989 inquisitoribus,
1048 1919 1110 1968 seu
1127 1898 1336 1989 inquisitore
1351 1899 1542 1988 injunctam
1561 1906 1740 1990 prompte,
1763 1906 1870 1987 prout

435 1995 479 2064 ad
500 2016 602 2064 suum
622 2004 757 2087 spectat
775 1992 943 2079 officium,
966 1995 1080 2066 lacere
1104 2017 1167 2067 seu
1194 1996 1388 2088 adimplere
1407 1995 1626 2080 detractent,
1651 1994 1706 2064 vel
1733 1995 1868 2088 dyoce-

435 2091 512 2161 sani
533 2107 594 2163 aut
612 2091 858 2183 inquisitorum
882 2093 1063 2183 juditium,
1084 2094 1319 2176 sententiam,
1347 2114 1409 2162 sou
1431 2113 1634 2186 processum
1657 2091 1789 2163 directe
1810 2091 1871 2162 vel

435 2189 606 2261 indirecte
634 2188 805 2282 impedire
825 2202 1039 2282 presumant.
1066 2191 1202 2283 Siquis
1227 2211 1312 2261 vero
1339 2190 1385 2259 de
1412 2190 1579 2283 predictis
1608 2189 1868 2282 potestatibus,

434 2287 587 2358 dominis
615 2287 886 2378 temporalibus,
914 2289 1108 2359 rectoribus
1140 2309 1203 2359 seu
1232 2309 1353 2358 eorum
1381 2287 1592 2358 officialibus
1621 2309 1685 2357 seu
1712 2286 1879 2380 baylivis-

433 2397 552 2455 contra
573 2385 729 2477 predicta
748 2385 868 2455 lecerit
886 2399 947 2455 aut
967 2387 1100 2477 prelato
1118 2384 1199 2456 lidei
1222 2386 1368 2476 negocio
1387 2406 1471 2478 sepe
1484 2385 1564 2456 latis
1584 2385 1785 2479 dyocesanu
1807 2383 1869 2456 vel

435 2482 701 2575 inquisitoribus
727 2482 942 2553 incumbenti
969 2505 1008 2554 se
1031 2505 1210 2576 opponere
1239 2484 1327 2553 lorte
1357 2485 1628 2576 presumpserit,
1659 2482 1716 2552 vel
1746 2483 1867 2575 ipsum

432 2581 654 2672 aliquatenus
674 2579 858 2672 impedire,
880 2601 1016 2652 necnon
1039 2582 1155 2674 etqui
1179 2581 1331 2651 scienter
1354 2581 1389 2649 in
1411 2580 1576 2674 predictis
1603 2579 1741 2651 dederit
1764 2579 1870 2649 auxi·

434 2677 538 2764 lium,
566 2677 750 2748 consilium
779 2677 835 2748 vel
864 2679 1039 2763 savorem,
1062 2679 1438 2751 excommunicationis
1465 2700 1504 2748 se
1531 2678 1671 2748 noverit
1700 2697 1871 2748 mucrone

434 2796 653 2868 percussum,
666 2796 772 2866 quam
786 2778 817 2845 si
833 2797 1037 2866 perannum
1052 2778 1170 2846 animo
1184 2776 1393 2847 sustinuerit
1409 2775 1593 2869 pertinaci,
1607 2796 1653 2845 ex
1672 2786 1754 2844 tunc
1768 2775 1870 2845 velut

435 2873 609 2944 hereticus
628 2873 920 2966 condempnetur.
1081 2935 1085 2943 .

482 2970 510 3064 t)
529 2970 715 3051 Vicesimo,
746 2984 892 3063 possunt
916 2972 1143 3063 inquisitores
1171 2973 1341 3063 premissa
1367 2971 1485 3042 omnia
1513 2971 1582 3040 sibi
1614 2972 1801 3039 commissa
1831 2971 1866 3040 in

434 3068 557 3138 litteris
591 3068 791 3161 apostolicis
825 3067 1011 3139 Clementis
1047 3091 1137 3162 pape
1170 3069 1259 3152 llllt,
1289 3069 1449 3160 Gregorii
1486 3089 1575 3162 pape
1605 3068 1661 3151 Χῖ,
1696 3066 1868 3162 Nicbolay

457 3186 523 3257 ape
542 3164 617 3234 llll‘i
638 3166 829 3236 consimilis
851 3167 981 3238 tenoris
999 3178 1163 3239 contenta
1183 3165 1355 3259 caoequi,
1378 3169 1563 3248 invocato,
1585 3166 1614 3234 si
1635 3185 1724 3258 opus
1744 3165 1865 3253 luerit,

434 3186 476 3358 ΓΡ
495 3262 564 3330 tto
586 3259 623 3360 d]
644 3264 778 3334 auxilio
799 3264 932 3334 brachii
953 3265 1140 3349 secularis,
1161 3265 1436 3335 contradictores
1461 3283 1724 3356 percensuram
1751 3263 1868 3333 eccle·
1893 3287 1896 3293 ·

433 3361 622 3445 siasticam,
643 3362 877 3454 appellatione
898 3363 1104 3455 postposita,
1126 3361 1403 3453 compescendo,
1433 3381 1656 3453 quocumque
1680 3359 1868 3452 privilegio

433 3460 489 3528 vel
511 3457 728 3549 indulgentia
750 3480 818 3529 non
840 3461 1015 3532 obstante.
1039 3461 1087 3529 lle
1104 3460 1170 3531 boc
1188 3459 1338 3530 babetur
1358 3462 1393 3528 in
1412 3459 1554 3550 prelatis
1575 3458 1700 3529 litteris
1719 3469 1864 3549 aposto·

431 3555 506 3626 licis
525 3553 725 3643 Clementis,
745 3556 903 3648 Gregorii
924 3579 964 3627 ac
982 3556 1169 3651 Nicbolay,
1200 3555 1404 3650 pontificum
1428 3577 1652 3627 romanorum
1675 3580 1682 3621 ε
1705 3552 1802 3627 Licet
1820 3577 1869 3627 eoa

430 3651 587 3722 omnibns
595 3677 611 3738 ;
629 3655 725 3737 item,
743 3652 820 3723 Pre
837 3655 982 3727 cunctis.
997 3655 1050 3726 Et
1064 3655 1181 3748 intra,
1198 3655 1237 3724 in
1250 3657 1325 3746 fine
1339 3655 1503 3749 spaeram
1518 3654 1743 3723 litter-crum:
1759 3653 1868 3723 Deni-

429 3773 499 3843 que
519 3762 556 3819 ut
575 3751 666 3821 circa
688 3756 855 3844 premissa
878 3754 979 3845 plene
1001 3754 1100 3823 vobis
1120 3766 1153 3823 et
1173 3753 1321 3844 singulis
1343 3763 1498 3822 vestrum
1517 3749 1732 3822 cohertionis
1752 3771 1867 3844 expe·

430 3849 502 3918 dita
523 3861 558 3917 et
577 3849 792 3920 inviolabilis
811 3853 897 3920 assit
909 3852 1115 3935 arroteritae,
1129 3850 1293 3921 volumus
1307 3862 1345 3918 ut
1361 3872 1402 3920 ea
1420 3850 1535 3920 omnia
1551 3848 1698 3918 viriliter
1713 3869 1868 3939 exequa-

431 3947 530 4038 mini‚
553 3947 730 4032 invocato,
751 3948 780 4016 si
808 3969 897 4041 opus
917 3949 1040 4029 luerit,
1064 3949 1198 4019 auxilio
1223 3948 1356 4018 brachii
1378 3947 1566 4028 secularis,
1588 3945 1868 4018 contradictores

430 4065 492 4136 per
529 4064 713 4114 censuram
751 4045 1045 4128 ecclesiasticam,
1082 4046 1317 4139 appellatione
1354 4047 1560 4137 postposita,
1593 4043 1867 4135 compescendo,

429 4163 498 4211 non
531 4142 751 4213 obstantibus
784 4143 961 4235 aliquibus
996 4143 1190 4235 privilegiis
1223 4142 1279 4213 vel
1319 4142 1549 4234 indulgentiis
1583 4140 1869 4234 quibuscumque

430 4242 589 4330 personis
626 4241 783 4330 cujusvis
820 4241 1055 4323 conditionis,
1095 4241 1278 4331 dignitatis
1312 4239 1368 4309 vel
1404 4240 1555 4331 gradus,
1594 4238 1773 4329 religionis
1806 4239 1867 4309 vel

428 4337 585 4419 ordinis,
616 4348 652 4406 et
671 4339 855 4432 presertim
876 4337 1167 4425 Cistercensium,
1194 4337 1477 4421 predicatorum,
1496 4337 1691 4415 Minorum,
1713 4358 1775 4406 seu
1797 4335 1868 4407 He·

307 4431 310 4438 “
429 4436 653 4517 remitarum,
679 4437 756 4505 sive
775 4436 1089 4506 communitatibus
1114 4437 1168 4505 vel
1197 4435 1487 4505 universitatibus
1515 4435 1697 4504 civitatum
1718 4443 1753 4504 et
1771 4432 1869 4505 loco·

428 4554 503 4601 rum
529 4532 729 4625 specialiter
751 4535 806 4603 vel
835 4533 1046 4623 generaliter
1074 4533 1141 4603 sub
1164 4554 1386 4625 quacumque
1414 4533 1604 4603 verborum
1633 4531 1868 4623 expressione

425 4651 488 4699 sen
523 4632 632 4701 torma
659 4652 678 4700 a
710 4642 900 4701 memorata
931 4630 1016 4701 sede
1041 4632 1218 4701 concessis
1246 4631 1301 4700 vel
1336 4632 1573 4724 inposterum
1604 4628 1865 4723 concedendis,

427 4730 562 4797 etiamsi
582 4730 718 4798 dicatur
738 4729 773 4797 in
795 4729 862 4798 illis
882 4730 977 4821 qnod
1006 4729 1057 4799 eis
1082 4750 1144 4822 per
1170 4729 1308 4821 aliquas
1328 4728 1461 4798 litteras
1483 4739 1594 4798 lotum
1619 4727 1664 4795 de
1687 4726 1797 4796 verbo
1817 4726 1867 4797 ad

425 4825 573 4895 verbum
617 4837 771 4898 tenorem
812 4847 881 4896 non
911 4827 1130 4897 continentes
1167 4827 1432 4919 privilegiorum
1468 4825 1524 4896 vel
1561 4823 1865 4915 indulgentiarum

426 4923 578 5012 ipsarum
606 4935 756 5016 nequeat
784 4924 969 5015 derogari,
997 4936 1033 4994 ct
1058 4924 1128 4993 illis
1152 4924 1307 4994 manime
1335 4923 1529 5014 privilegiis
1563 4933 1599 4992 et
1629 4920 1864 5011 indulgentiis

423 5019 591 5109 quibusa
618 5022 703 5092 sede
721 5024 797 5114 ipsa
822 5042 1027 5093 concessum
1054 5031 1108 5091 cst
1133 5021 1310 5114 aliquibus
1337 5042 1400 5092 seu
1429 5019 1644 5093 concedetur
1665 5013 1707 5115 [l0
1729 5018 1792 5086 lll
1819 5015 1857 5115 a]

1027 5664 1428 6008 ‘X-
