4612 6404
433 688 504 757 236
721 705 885 758 rnnurrct
912 706 1153 772 ruoursrrrours
1180 709 1343 763 naamon
1368 710 1581 762 enavimus,

431 864 565 934 heresis
587 865 783 934 veritatem.
803 863 837 932 Si
858 875 974 934 autem
996 866 1072 960 ipse
1091 869 1289 960 requisierit
1310 879 1447 961 tempus
1467 889 1530 938 seu
1551 867 1708 960 spacium
1731 867 1870 937 delibe-

431 963 530 1031 randi
555 976 591 1030 ut
620 961 728 1052 magis
751 962 911 1031 consulte
939 965 1172 1057 respoudeat,
1195 965 1320 1058 poterit
1353 968 1387 1034 ei
1411 967 1583 1049 concedi,
1606 966 1635 1035 si
1668 965 1871 1057 inquisitori

430 1059 623 1151 expediens
644 1058 828 1142 videatur,
852 1063 1033 1150 presertim
1060 1065 1091 1130 si
1110 1075 1277 1156 appareat
1296 1064 1391 1154 quod
1415 1065 1502 1155 petit
1524 1063 1589 1132 hoc
1606 1063 1701 1133 bono
1721 1061 1868 1147 animo,

431 1178 499 1226 nou
523 1157 670 1242 indolo;
690 1157 790 1239 alias,
815 1169 953 1253 tenetur
969 1160 1046 1229 siue
1063 1160 1233 1230 dilatione
1252 1160 1444 1251 requisitus
1464 1161 1509 1228 de
1527 1161 1619 1229 lacto
1635 1161 1778 1253 proprio
1800 1180 1872 1230 res·

432 1254 600 1346 pondere,
623 1253 848 1324 Postmodum
872 1276 956 1325 vero
978 1278 1039 1347 per
1067 1259 1239 1328 notarium
1271 1258 1449 1351 publicum
1476 1258 1651 1326 scribatur
1670 1257 1747 1327 dies
1771 1278 1870 1335 com·

434 1352 615 1443 paritionis
635 1351 752 1432 illins,
776 1352 942 1422 videlicet
958 1378 966 1422 ε
982 1375 1076 1424 anno
1095 1356 1169 1437 tali,
1187 1355 1336 1425 kalenda
1356 1355 1433 1438 tali,
1452 1355 1531 1425 talis
1550 1355 1591 1423 N.
1611 1355 1731 1424 detali
1751 1367 1870 1426 castro

431 1471 492 1518 sen
514 1449 621 1525 villa,
645 1449 722 1518 talis
742 1450 922 1542 dyocesis,
942 1463 1067 1542 sponte
1088 1454 1256 1535 veniens,
1275 1453 1330 1522 vel
1352 1453 1499 1536 citatus,
1517 1453 1572 1521 vel
1595 1463 1765 1545 vocatus,
1786 1473 1868 1521 con-

430 1546 574 1617 stitutus
596 1547 629 1614 iu
646 1547 775 1636 juditio
801 1568 917 1616 coram
941 1548 1107 1640 religioso
1123 1551 1200 1621 viro
1219 1551 1276 1619 tali
1300 1550 1358 1632 N„
1380 1550 1590 1641 inquisitore
1609 1549 1763 1620 heretice
1787 1569 1866 1642 pra·

431 1647 551 1713 vitatis
580 1645 614 1712 in
647 1665 756 1734 reguo
784 1644 926 1714 Francia
955 1667 1016 1738 per
1039 1648 1158 1717 sedem
1184 1647 1412 1739 apostolicam
1442 1648 1634 1739 deputato,
1656 1649 1798 1736 juratus
1822 1646 1869 1716 ad

430 1754 549 1811 sancta
569 1742 632 1810 Dei
648 1741 837 1832 Evangelia
861 1743 998 1833 plenam
1019 1757 1053 1813 et
1081 1766 1211 1814 meram
1232 1746 1349 1814 dicere
1367 1745 1551 1814 veritatem
1572 1746 1616 1814 de
1632 1746 1724 1814 lacto
1741 1766 1805 1814 seu
1823 1744 1868 1814 do

430 1839 578 1908 crimine
594 1838 727 1908 heresis
745 1840 930 1931 ipsumque
945 1841 1253 1933 contingentibus,
1273 1854 1341 1911 tam
1357 1843 1402 1911 de
1419 1864 1476 1925 se,
1494 1843 1585 1911 sicut
1600 1844 1644 1912 de
1665 1841 1865 1935 principali,

431 1958 535 2028 quam
563 1937 608 2005 de
628 1937 706 2006 aliis
726 1938 885 2030 personis
909 1938 1000 2008 vivis
1026 1952 1061 2007 et
1085 1941 1283 2032 deiunctis,
1304 1942 1395 2008 sicut
1425 1942 1543 2024 testis,
1565 1940 1656 2010 dixit
1675 1953 1711 2009 et
1730 1939 1869 2009 conlea-

429 2055 491 2103 sus
516 2035 597 2117 luit,
621 2047 688 2103 etc.

479 2132 676 2202 Notandum
698 2144 814 2202 autem
829 2134 938 2224 qnod,
960 2137 990 2203 si
1010 2135 1139 2227 aliquis
1152 2147 1273 2206 contra
1290 2134 1394 2204 fidem
1411 2146 1532 2226 aperte
1547 2145 1582 2205 et
1594 2135 1777 2205 manileste
1797 2135 1869 2204 dis

432 2241 593 2322 putaret,
617 2231 770 2300 rationes
795 2241 829 2300 et
849 2227 890 2327 [l0
911 2229 979 2301 129
999 2229 1035 2329 d]
1064 2233 1290 2304 auctoritates
1316 2234 1445 2325 quibus
1472 2244 1736 2303 consueverunt
1763 2231 1870 2302 inniti

434 2326 578 2397 heretici
606 2328 828 2413 inducendo,
854 2329 931 2398 talis
951 2330 1098 2399 laciliter
1121 2353 1183 2423 per
1202 2329 1324 2401 fideles
1348 2330 1501 2401 Ecclesia
1529 2330 1699 2401 litteratos
1718 2330 1869 2400 convin-

433 2437 575 2494 ceretur
601 2423 790 2508 hereticus,
820 2448 898 2495 cum
926 2448 969 2497 eo
997 2427 1072 2520 ipso
1096 2429 1168 2518 J‘am
1191 2427 1366 2498 hereticus
1394 2438 1598 2498 censeretur
1618 2449 1690 2519 quo
1709 2449 1869 2497 errorem

430 2518 624 2615 defendere
649 2523 834 2593 niteretur.
856 2524 916 2593 Set
934 2524 1015 2616 qnia
1044 2525 1202 2595 moderni
1227 2525 1373 2595 heretici
1396 2538 1548 2617 querunt
1569 2537 1603 2594 et
1631 2526 1793 2594 nituntur
1813 2524 1867 2594 la·

433 2630 547 2689 tenter
570 2621 713 2713 palliare
733 2642 869 2691 errores
888 2643 972 2691 suos
994 2625 1103 2715 magis
1121 2645 1226 2715 quarn
1244 2635 1365 2716 aperte
1383 2623 1506 2705 lateri,
1533 2623 1613 2692 ideo
1634 2621 1700 2691 viri
1723 2622 1871 2693 litterati

430 2728 493 2810 per
522 2718 702 2788 scientiam
733 2721 986 2811 scripturarum
1008 2742 1076 2789 uon
1099 2733 1246 2813 possunt
1276 2742 1337 2791 eos
1356 2721 1590 2801 convincere,
1618 2722 1700 2812 quia
1720 2741 1784 2812 per
1802 2719 1867 2789 ial-

332 2836 335 2840 “
431 2814 536 2885 lacios
555 2818 744 2886 verborum
767 2829 802 2886 et
827 2839 890 2909 per
913 2819 1129 2908 excogitatas
1153 2818 1305 2887 astuciae
1333 2819 1558 2901 dilabuntur,
1581 2828 1615 2887 et
1643 2818 1724 2888 ideo
1745 2817 1871 2909 pocius

353 2929 355 2934 ’
430 2915 696 2983 contunduntur
715 2914 760 2984 ab
779 2915 830 2984 eis
850 2916 919 2984 viri
939 2916 1101 2999 litterati,
1120 2928 1154 2985 et
1174 2917 1238 3009 ipsi
1259 2916 1403 2986 heretici
1420 2917 1611 3005 gloriantes
1633 2935 1695 3008 per
1710 2914 1778 2985 hoc
1793 2934 1872 2983 am-

431 3013 523 3104 plius
545 3012 773 3097 roborantur,
795 3013 958 3082 videntes
975 3014 1069 3104 qnod
1091 3015 1177 3082 viris
1198 3014 1358 3083 litteratis
1379 3015 1424 3083 ita
1444 3013 1597 3082 illudunt
1615 3012 1708 3103 qnod
1731 3011 1777 3082 de
1795 3032 1872 3082 ma·

431 3110 536 3178 nibus
557 3131 677 3180 eorum
710 3131 772 3201 por
798 3130 880 3180 snas
906 3110 1095 3202 vulpinas,
1122 3111 1303 3182 versucias
1329 3122 1365 3181 et
1391 3123 1566 3181 tortuosas
1595 3108 1870 3202 responsionum

431 3206 597 3297 ambages
617 3208 743 3277 callide
768 3207 989 3278 celabuntur.
1013 3208 1123 3278 Nimis
1142 3209 1235 3278 enim
1258 3220 1312 3278 est
1336 3230 1444 3296 grave
1473 3207 1647 3278 hereticos
1668 3207 1872 3300 deprehen-

431 3303 529 3387 dere,
554 3305 613 3373 ubi
633 3305 696 3397 ipsi
720 3327 788 3374 uon
809 3317 929 3398 aperte
947 3306 1159 3377 confitentur
1181 3328 1335 3376 errorem
1351 3318 1404 3375 set
1424 3306 1614 3389 occultant,
1637 3305 1693 3375 vel
1716 3304 1775 3373 ubi
1797 3326 1872 3376 nou

433 3399 607 3471 habentur
626 3414 719 3472 certa
744 3413 779 3472 et
799 3403 1007 3472 sufficientia
1030 3404 1227 3473 testimonia
1246 3414 1365 3473 contra
1387 3407 1505 3496 ipsos3
1528 3405 1562 3472 iu
1587 3425 1657 3495 quo
1676 3423 1760 3472 casu
1781 3423 1873 3473 con-

420 3501 743 3592 ›curruntundique
756 3501 919 3591 angustie
931 3501 1122 3593 inquirenti
1134 3528 1141 3569 :
1154 3502 1352 3591 angitenim
1368 3502 1602 3582 consciencia,
1617 3519 1740 3570 exona
1753 3513 1871 3591 parte,

430 3598 459 3665 si
481 3618 550 3667 nou
569 3599 752 3668 confessus
773 3620 839 3668 nec
855 3599 1039 3669 convictus
1059 3602 1247 3689 puniatur;
1266 3621 1311 3668 ex
1330 3599 1439 3668 altera
1452 3611 1660 3689 veroparte‚
1680 3597 1779 3687 angit
1798 3618 1874 3667 am·

433 3695 524 3783 plius
544 3696 699 3765 auiurum
722 3696 932 3787 inquirentis
953 3695 1176 3766 iulormatum
1198 3696 1243 3765 de
1263 3695 1436 3779 falsitate,
1459 3707 1494 3764 et
1514 3696 1718 3778 calliditate,
1741 3704 1778 3763 et
1796 3716 1874 3765 ma·

434 3793 509 3861 licia
533 3794 652 3862 talium
680 3814 741 3885 per
767 3794 1285 3887 experientiam‘lrequentem‚
1308 3794 1337 3863 si
1360 3792 1514 3863 evadant
1536 3816 1598 3886 per
1617 3813 1716 3863 suam
1749 3792 1874 3884 vulpi·

431 3911 509 3959 nam
530 3892 698 3960 astuciam
716 3891 751 3958 in
768 3888 848 3961 fidei
868 3901 1129 3984 nocumentum,
1146 3892 1228 3984 qnia
1247 3912 1293 3961 ex
1313 3890 1380 3960 hoc
1399 3891 1467 3982 ipsi
1483 3891 1635 3982 amplius
1656 3890 1874 3959 roborantur

431 4000 465 4054 et
487 3989 763 4080 multiplicantur
783 4002 817 4058 et
836 3990 1035 4059 callidiores
1046 3988 1258 4058 efficiuntur.
1279 3988 1331 4057 Ex
1350 3987 1458 4067 altera
1476 4009 1619 4080 qnoque
1640 3998 1751 4079 parte,
1776 3986 1872 4081 layci

431 4084 552 4155 fideles
574 4087 655 4156 inde
674 4099 818 4156 sumunt
840 4087 1019 4156 materiam
1042 4086 1199 4156 scandali
1225 4087 1319 4177 quod
1343 4085 1518 4176 inceptum
1544 4083 1781 4177 inquisitionis
1808 4106 1873 4154 ne·

431 4185 568 4272 gocium
589 4195 708 4253 contra
730 4185 882 4274 aliquem
904 4185 1004 4276 quasi
1025 4186 1169 4254 contuse
1186 4183 1409 4275 relinquitur,
1427 4195 1462 4251 et
1477 4182 1630 4273 quodam
1648 4182 1753 4251 modo
1768 4180 1874 4250 infir-

434 4295 571 4350 mantur
589 4283 622 4350 iu
644 4281 735 4365 fide,
760 4283 921 4352 videntes
939 4282 1032 4372 quod
1053 4282 1120 4349 viri
1141 4281 1280 4349 litterati
1303 4281 1391 4349 sica
1414 4282 1573 4372 personis
1591 4279 1738 4348 rudibus
1759 4288 1795 4348 et
1818 4279 1874 4348 vi-

433 4377 524 4447 libus
546 4379 753 4456 illuduntur,
770 4381 851 4471 qnia
873 4380 1019 4448 credunt
1043 4400 1106 4448 nos
1121 4379 1166 4447 ita
1189 4379 1222 4447 iu
1240 4387 1401 4470 promptu
1418 4376 1549 4447 habere
1573 4372 1615 4473 [l0
1632 4377 1700 4445 t30
1715 4371 1750 4471 a]
1771 4375 1872 4467 ipsas

431 4474 512 4544 fidei
534 4478 687 4546 rationes
707 4478 840 4546 lucidas
859 4491 889 4545 et
912 4488 1051 4568 apertas
1069 4479 1163 4567 quod
1185 4476 1301 4544 nullus
1322 4474 1357 4543 in
1374 4473 1443 4543 hiis
1463 4475 1565 4545 nobis
1583 4475 1697 4544 valeat
1716 4475 1872 4544 obviare

431 4575 514 4664 quin
535 4576 652 4644 statim
674 4575 826 4644 sciamus
853 4575 965 4665 ipsum
993 4573 1227 4659 convincere,
1249 4576 1296 4642 ita
1316 4573 1411 4662 qnod
1441 4573 1545 4641 etiam
1574 4573 1639 4664 ipsi
1661 4571 1750 4664 layci
1771 4570 1872 4642 clare

433 4672 567 4762 possint
588 4673 681 4766 ipsas
699 4671 895 4762 intelligere
914 4671 1089 4766 ratioqes;
1113 4682 1149 4740 et
1166 4670 1247 4740 ideo
1267 4691 1335 4739 uon
1353 4670 1547 4761 expeditio
1565 4669 1623 4738 tali
1643 4689 1726 4738 casu
1743 4681 1872 4738 contra

432 4765 605 4840 hereticos
624 4772 675 4839 sic
689 4780 824 4839 astutos
843 4768 888 4838 de
907 4767 978 4837 lida
996 4789 1113 4837 coram
1136 4768 1244 4860 laycis
1263 4766 1457 4858 disputare.

479 4866 744 4937 advertendum
761 4877 877 4934 autem
893 4877 946 4935 est
962 4865 1071 4954 quod,
1089 4867 1179 4933 sicut
1196 4885 1264 4932 unu
1280 4864 1437 4931 omnium
1452 4863 1653 4934 morborum
1668 4873 1723 4933 est
1740 4863 1871 4933 eadem

424 4963 622 5048 medicina,
640 4965 725 5054 quin
746 4963 867 5054 pocius
887 4962 1104 5051 singulorum
1124 4961 1267 5029 diverse
1284 4969 1367 5026 sunt
1385 4971 1420 5028 et
1439 4961 1577 5051 singule
1598 4960 1794 5044 medicine,
1818 4964 1873 5031 sic

432 5080 495 5128 nec
514 5061 558 5129 ad
578 5081 702 5129 omnes
723 5058 896 5128 hereticos
911 5058 1131 5126 diversarum
1152 5067 1325 5124 sectarum
1346 5054 1438 5124 idem
1456 5059 1580 5128 modus
1599 5058 1869 5148 interrogandi,
