4574 6404
430 676 477 744 tt
719 693 882 744 ranerius
909 693 1149 760 rnoursrrrorus
1175 691 1338 748 annarrcn
1364 691 1574 745 rnnvrrrrrs.

429 860 466 920 et
490 862 691 922 contentam
724 851 758 919 in
780 851 905 921 litteris
925 852 1116 939 citatoriis,
1143 867 1178 924 et
1197 854 1341 924 minime
1360 851 1627 943 comparueritis
1653 854 1687 924 in
1717 855 1861 945 eadem;

430 949 638 1019 auctoritate
671 948 965 1043 apostolicaque
993 950 1191 1046 irrugimur‚
1226 964 1347 1021 tenore
1376 951 1613 1041 presentium,
1644 974 1707 1024 nus
1740 953 1864 1025 iterato

430 1044 526 1136 quod
547 1056 600 1116 est
623 1045 780 1118 secundo
800 1046 949 1116 citamus
973 1047 1146 1139 vobisque
1166 1047 1393 1141 precipiendo
1413 1046 1639 1133 mandamus,
1660 1051 1705 1120 ad
1730 1051 1862 1122 instan-

431 1142 513 1212 tiam
534 1154 570 1213 et
592 1141 860 1236 requisitionem
882 1145 966 1215 dicti
992 1145 1087 1232 talis,
1110 1147 1276 1238 quatinus
1302 1145 1358 1215 tali
1384 1144 1441 1214 die
1466 1166 1535 1236 que
1563 1146 1761 1218 intitulatur
1785 1150 1864 1220 talis

429 1238 518 1325 lrla.,
536 1240 700 1321 Thalnae,
724 1241 758 1309 in
776 1242 882 1313 dumo
902 1242 1138 1333 inquisitionis
1149 1245 1250 1335 juxta
1264 1242 1420 1313 Castrum
1439 1241 1681 1327 Narbonense,
1697 1267 1862 1338 persona-

430 1336 509 1409 liter
535 1339 767 1431 compareatis
796 1361 912 1410 curam
943 1339 1066 1424 uubis,
1098 1363 1195 1412 more
1216 1341 1313 1411 testis
1330 1342 1567 1431 juramentum
1591 1353 1808 1434 prestaturns
1828 1357 1864 1415 et

429 1434 517 1506 alias
537 1437 724 1507 veritatem
754 1437 912 1507 dicturus
935 1448 969 1507 et
997 1459 1230 1531 responsurus
1256 1460 1363 1530 super
1384 1437 1451 1507 illis
1474 1437 1519 1507 de
1543 1439 1671 1529 quibus
1697 1441 1731 1508 in
1758 1462 1863 1512 causa

430 1531 523 1604 dicte
548 1535 764 1604 detensionis
789 1556 808 1604 a
836 1535 937 1607 nobis
964 1535 1021 1604 vel
1043 1537 1221 1631 deputatis
1248 1557 1309 1630 per
1334 1557 1399 1606 nos
1424 1535 1559 1605 fueritis
1584 1538 1773 1629 requisitus
1799 1560 1862 1609 sen

429 1629 681 1721 interrogatum
700 1632 734 1700 in
755 1632 992 1725 comparando
1014 1634 1129 1703 taliter
1148 1656 1212 1705 vus
1229 1634 1399 1703 habentes
1417 1654 1460 1703 ne
1477 1644 1638 1724 oporteat
1656 1636 1777 1722 tercio,
1796 1638 1862 1707 suh

428 1749 518 1820 pena
539 1731 911 1801 excommunicationis
931 1742 966 1799 et
985 1731 1064 1800 aliis
1085 1731 1186 1824 penis
1207 1732 1399 1814 canonicis,
1422 1742 1456 1800 et
1475 1752 1536 1822 per
1557 1752 1740 1824 personam
1757 1734 1860 1804 aliam

426 1846 491 1897 vos
510 1827 623 1910 citari,
644 1839 679 1897 et
695 1828 781 1897 alias
800 1850 861 1920 per
880 1849 1063 1898 consuram
1080 1829 1351 1900 ecclesiasticam
1375 1829 1525 1897 ulterius
1543 1850 1608 1900 vos
1623 1831 1800 1923 compelli.
1820 1831 1863 1902 Et

427 1922 463 1991 in
487 1924 626 2014 signum
655 1945 695 1994 ac
716 1925 953 1996 testimonium
982 1928 1080 2017 quod
1103 1938 1284 2020 presentes
1304 1927 1437 1995 litteras
1465 1927 1686 2017 receperitis,
1707 1929 1861 2020 sigillum

427 2031 583 2091 vestrum
613 2021 647 2090 in
677 2022 809 2092 eisdem
840 2024 1026 2116 apponatis
1053 2018 1093 2118 [l0
1120 2024 1163 2093 l3
1188 2021 1237 2121 cl.
1266 2024 1389 2094 Datum
1416 2035 1450 2093 et
1476 2023 1592 2115 sigillo
1620 2041 1740 2097 nostro
1766 2027 1862 2117 sigil-

426 2117 549 2204 latum,
570 2119 808 2196 etc.,Reddite
831 2119 978 2206 litteras,
1001 2131 1068 2190 etc.

426 2400 485 2465 28.
509 2401 642 2465 Forma
657 2401 797 2464 citandi
813 2401 948 2464 liberos
963 2409 999 2464 et
1013 2400 1166 2465 heredes
1192 2417 1256 2466 seu
1278 2401 1458 2466 bonorum
1476 2403 1685 2467 detentores
1704 2403 1861 2484 alicujus

466 2508 629 2572 defuncti
648 2508 691 2571 de
707 2525 776 2587 quo
794 2509 1115 2588 pronunciandum
1138 2517 1194 2573 est
1216 2510 1361 2587 dejure
1383 2510 1504 2588 ipsum
1523 2510 1619 2584 lore,
1645 2511 1677 2573 si
1701 2512 1859 2588 viveret,

464 2617 740 2681 immuraudum
755 2623 903 2696 propter
920 2615 1017 2680 bona
1032 2616 1090 2680 val
1106 2623 1286 2697 tanquam
1303 2617 1488 2697 relapsum
1510 2619 1551 2681 in
1573 2617 1731 2682 heresim
1756 2635 1859 2684 seuu-

464 2724 536 2789 lari
561 2725 695 2803 juditio
723 2724 1022 2805 relinquendum,
1053 2731 1095 2787 ut
1117 2731 1221 2787 certa
1242 2725 1300 2787 die
1323 2732 1360 2786 et
1380 2724 1459 2788 loco
1484 2726 1651 2801 veniant,
1685 2727 1716 2788 si
1736 2725 1860 2790 volue-

465 2833 561 2906 rint,
582 2831 813 2895 diffinitivam
829 2831 1057 2895 sententiam
1070 2830 1247 2895 audituri.

406 3166 410 3174 .
472 3100 678 3172 FraterBer.
700 3101 894 3187 (luidonis,
918 3101 996 3172 ord.
1018 3101 1145 3187 Pred,
1167 3100 1367 3193 inquisitor,
1390 3111 1473 3188 etc,
1496 3102 1680 3195 capellano
1696 3100 1769 3191 tali,
1787 3113 1855 3174 etc.

423 3197 566 3268 -Cum
587 3199 666 3270 talis
684 3201 728 3270 de
749 3199 807 3270 tali
830 3199 906 3270 luco
920 3199 1213 3271 nuncdelunctus
1229 3200 1312 3269 olim
1333 3199 1416 3269 dum
1434 3198 1573 3270 viveret
1594 3200 1857 3271 multacommi-

424 3296 509 3366 serit
528 3296 562 3365 in
591 3297 681 3368 lacto
708 3297 862 3384 heresis,
889 3296 979 3367 sicut
1004 3318 1065 3390 per
1093 3297 1201 3390 ipsius
1228 3298 1487 3368 contessionem
1515 3298 1639 3368 factam
1670 3298 1704 3366 iu
1728 3299 1858 3389 juditio

424 3394 580 3485 legitime
596 3395 696 3467 nohis
716 3405 867 3482 cunstat,
883 3406 1105 3488 propterque
1120 3395 1254 3486 dejure
1267 3395 1395 3481 luerat,
1408 3394 1437 3464 si
1450 3395 1601 3479 viveret,
1613 3394 1857 3468 immuraudus

423 3488 497 3583 (υεί
510 3491 561 3561 sic
577 3491 620 3561 de
637 3492 808 3586 relapso:
829 3514 908 3563 cum
931 3492 1008 3562 talis
1029 3492 1069 3561 N.
1092 3493 1137 3562 de
1158 3493 1217 3562 tali
1241 3492 1317 3563 loco
1336 3492 1438 3576 olim,
1461 3493 1544 3561 dum
1566 3493 1725 3577 viveret,
1749 3494 1856 3564 multa

424 3589 640 3660 commiserit
666 3590 700 3659 in
729 3590 818 3662 lacto
845 3590 998 3674 heresis,
1022 3602 1100 3683 pust
1124 3590 1277 3661 heresim
1306 3609 1326 3658 a
1354 3611 1394 3660 se
1423 3592 1458 3658 in
1483 3590 1613 3681 juditio
1639 3591 1853 3681 abjuratam,

424 3687 515 3757 sicut
540 3708 603 3779 per
629 3687 739 3779 ipsius
758 3688 1013 3759 confessionem
1039 3689 1164 3759 iactam
1192 3689 1226 3756 in
1243 3687 1374 3779 juditio
1395 3687 1552 3777 legitime
1576 3688 1678 3759 nobis
1698 3701 1854 3779 constat3

425 3784 497 3875 (υεί
513 3785 563 3856 sic
583 3812 594 3853 :
616 3785 707 3855 sicut
737 3807 797 3877 per
823 3786 1084 3877 inquisitionem
1111 3798 1145 3856 et
1172 3807 1234 3879 per
1261 3795 1367 3855 testes
1386 3786 1419 3853 in
1441 3785 1671 3878 inquisitione
1697 3798 1857 3879 receptos

426 3882 645 3970 invenimus,
669 3895 898 3976 propterque
918 3885 962 3954 de
983 3886 1061 3973 jure
1083 3884 1195 3953 luerat
1221 3893 1387 3974 tanquam
1410 3883 1568 3975 relapsus
1590 3884 1624 3952 in
1647 3884 1798 3954 heresim
1821 3887 1855 3955 in

420 3980 550 4069 juditio
568 3982 762 4072 abjuratam
784 3981 932 4051 seculari
951 3981 1078 4071 juditio
1100 3980 1388 4072 relinquendus),
1411 3991 1448 4049 et
1465 3981 1723 4052 interveniente
1744 3992 1856 4054 morte

425 4077 508 4147 dicti
537 4079 614 4148 talis
644 4101 712 4148 non
741 4080 845 4149 luerit
874 4079 918 4149 de
947 4079 1126 4171 premissis
1151 4077 1347 4148 commissis
1373 4098 1434 4169 per
1462 4079 1613 4149 eundem
1644 4081 1679 4148 in
1708 4081 1856 4151 crimine

423 4172 558 4246 heresis
601 4198 662 4268 per
701 4176 910 4246 sententiam
948 4177 1184 4259 declaratum,
1231 4197 1308 4245 cum
1350 4175 1384 4244 in
1428 4176 1485 4245 tali
1521 4198 1603 4246 casu
1646 4179 1856 4270 procedatur

424 4286 502 4364 pust
526 4287 670 4344 mortem
691 4275 734 4344 ad
754 4274 1002 4344 declarandum
1024 4294 1086 4343 seu
1109 4272 1411 4366 pronunciandum
1434 4274 1570 4344 ratione
1592 4275 1763 4345 bonorum
1789 4275 1858 4367 (υεί

422 4369 471 4439 sic
497 4372 540 4444 de
566 4371 733 4465 relapso:
757 4372 891 4441 ratione
919 4372 1091 4442 bonorum
1120 4382 1156 4440 ct
1181 4371 1268 4441 alias
1295 4371 1431 4442 ratione
1457 4370 1614 4441 criminis
1639 4371 1854 4468 detestandi)

422 4483 543 4539 contra
567 4471 750 4541 defunctos
778 4463 819 4565 [l0
842 4471 884 4537 t3
910 4465 946 4565 d]
974 4469 1174 4559 hujusmodi
1196 4469 1297 4558 juxta
1321 4468 1507 4538 canonicas
1530 4471 1750 4555 sanctiones,
1773 4493 1853 4541 nec·

423 4586 493 4637 nun
513 4569 707 4638 secundum
736 4589 859 4654 usum,
888 4580 923 4637 et
949 4567 1066 4636 stilum
1094 4564 1192 4636 offitii
1215 4565 1451 4656 inquisitionis
1477 4567 1647 4637 hactenus
1669 4569 1702 4635 in
1726 4568 1853 4639 talibus

300 4735 303 4739 .
421 4677 651 4754 consuetum3
673 4666 880 4736 auctoritate
900 4664 1091 4757 apostoliea
1117 4685 1185 4754 qua
1215 4663 1394 4754 iungimur
1413 4664 1515 4735 vohis
1537 4665 1744 4734 mandamus
1767 4686 1854 4758 qua·

423 4761 518 4832 tinus
537 4764 651 4834 citetis
672 4762 908 4856 peremptorie
925 4783 969 4833 ex
986 4773 1085 4854 parte
1104 4774 1220 4831 nostra
1239 4760 1368 4831 liberos
1385 4774 1421 4831 et
1438 4762 1601 4845 heredes,
1621 4784 1661 4832 ac
1680 4764 1851 4835 hunorum

421 4859 623 4932 detentores
642 4861 723 4931 dieti
747 4859 824 4929 talis
844 4860 999 4929 defuncti
1022 4859 1056 4927 iu
1082 4859 1230 4951 propriis
1247 4857 1433 4929 domiciliis
1457 4861 1661 4930 eorumdem
1687 4863 1852 4931 ucetiam

422 4957 561 5049 publice
582 4959 615 5025 iu
637 4957 783 5027 ecclesia
805 4969 936 5043 vestra,
957 4957 1051 5027 clero
1068 4968 1103 5026 et
1124 4955 1253 5049 populo
1270 4968 1484 5047 congregato
1503 4958 1632 5028 ibidem
1649 4959 1692 5028 ad
1707 4959 1854 5029 audien-

420 5056 503 5126 dum
525 5055 664 5143 divina,
688 5054 748 5124 die
767 5053 941 5126 dominica
962 5053 1125 5147 proximo
1153 5053 1328 5139 venienti,
1351 5075 1421 5145 que
1441 5054 1639 5126 intitulatur
1661 5057 1739 5127 talis
1755 5057 1850 5144 lla,
