4574 6404
444 656 489 725 62
731 673 894 727 ruscum
920 674 1161 741 ruonrsrrrours
1188 673 1350 728 annarias
1376 674 1587 726 rmvrrirrs.

443 831 671 924 apostolicam
693 831 895 924 deputatus,
917 832 1099 924 posuimus
1119 853 1160 903 ac
1179 833 1428 925 deputavimus
1445 832 1492 903 ad
1511 833 1708 902 custodiam
1730 835 1819 902 muri
1840 845 1875 905 et

443 948 623 999 carcerum
647 927 798 999 Tholose
814 930 877 999 ubi
899 928 1061 1002 homines
1083 930 1276 1024 culpabiles
1301 952 1365 1022 pro
1391 930 1538 1000 crimine
1557 927 1693 1000 heresis
1713 930 1876 1000 detinen-

445 1035 514 1112 tur,
537 1027 641 1097 talem
660 1025 702 1097 N.
724 1026 904 1114 clericum,
926 1031 1113 1121 ipsumque
1128 1029 1309 1099 custodem
1326 1029 1410 1098 dicti
1427 1028 1516 1097 muri
1536 1038 1572 1097 et
1590 1030 1871 1116 immnratorum,

443 1143 507 1194 seu
526 1126 562 1192 in
582 1123 781 1194 carceribus
801 1125 1038 1212 detentorum,
1064 1127 1210 1197 fecimus
1237 1137 1272 1196 et
1299 1128 1546 1197 constituimus
1565 1126 1734 1217 quamdiu
1756 1138 1876 1198 nostre

443 1241 506 1290 seu
526 1241 769 1292 successorum
791 1234 991 1294 nostrorum
1016 1225 1051 1293 in
1072 1221 1189 1295 oiiicio
1215 1224 1454 1315 inquisitionis
1484 1223 1656 1317 placuerit
1684 1223 1873 1310 voluntati,

443 1339 521 1388 cum
542 1320 707 1389 omnibus
726 1320 962 1406 libertatibus,
984 1324 1111 1412 graciis
1132 1332 1166 1392 et
1192 1322 1386 1414 privilegiis
1415 1332 1483 1390 tam
1509 1321 1555 1392 ab
1578 1322 1770 1412 apostolica
1789 1323 1876 1392 sede

442 1437 547 1507 quam
578 1419 723 1487 etiamn
744 1420 839 1509 regia
868 1421 1050 1510 majestate
1078 1419 1255 1490 concessis
1281 1417 1491 1489 oliicialibus
1514 1427 1549 1488 et
1574 1420 1745 1489 ministris
1768 1418 1875 1489 ollicii

442 1514 704 1605 inquisitionis,
727 1535 864 1587 necnon
882 1538 961 1587 cum
982 1515 1097 1588 vadiis
1115 1517 1251 1588 domini
1276 1519 1386 1587 nostri
1406 1518 1499 1608 regis
1518 1512 1665 1588 Fra'ncie
1690 1517 1766 1586 dari
1790 1518 1873 1587 dicti

442 1614 536 1681 muri
554 1612 761 1684 custodibus
780 1618 979 1696 consuetis,
998 1615 1199 1705 juramento
1218 1613 1396 1685 fidelitatis
1417 1627 1452 1685 et
1470 1613 1597 1685 secreti
1617 1615 1713 1708 prius
1734 1626 1875 1706 recepto

442 1709 584 1779 anobis
604 1722 640 1781 et
660 1713 805 1803 prestito
822 1712 1007 1783 abeodem
1030 1737 1037 1780 :
1062 1713 1261 1783 inhibentes
1283 1712 1451 1805 premissa
1477 1712 1670 1783 monitione
1689 1715 1872 1800 canonica,

441 1807 508 1876 sub
537 1810 920 1881 excommunicacionis
946 1809 1096 1902 aliisque
1114 1811 1214 1903 penis
1233 1811 1430 1891 canonicis,
1461 1810 1626 1882 omnibus
1649 1819 1685 1880 et
1702 1810 1871 1899 singulis,

442 1926 487 1974 ne
506 1904 633 1997 aliquis
649 1907 780 1977 dictum
801 1908 983 1979 custodem
1012 1918 1192 2001 presumat
1213 1911 1248 1977 in
1279 1906 1396 1979 officio
1416 1917 1607 1979 memorate
1631 1908 1791 1978 custodie
1810 1907 1873 1976 ali-

333 2060 336 2064 .
440 2014 615 2094 quatenns
633 2005 817 2097 impedire.
841 2005 878 2074 ln
901 2027 1051 2097 qnorum
1071 2008 1228 2077 omnium
1242 2008 1479 2076 testimoninm
1501 2017 1536 2076 et
1553 2007 1734 2075 munimen
1755 2005 1871 2075 eidem

441 2099 500 2170 tali
520 2100 563 2169 N.
585 2112 766 2195 presentes
793 2101 927 2174 litteras
946 2103 1063 2196 sigillo
1079 2114 1199 2175 nostro
1218 2103 1458 2176 concessimus
1481 2103 1665 2194 sigillatas.
1692 2102 1817 2174 Datum
1838 2115 1874 2173 et

440 2208 571 2284 actum,
592 2211 659 2270 etc.

440 2451 499 2517 ³8.
524 2453 576 2533 [F0
593 2451 630 2515 33
646 2453 677 2533 d]
695 2453 829 2518 Forma
842 2454 965 2519 littere
981 2455 1243 2520 castimonialis
1258 2472 1322 2536 pro
1333 2457 1470 2534 juratis
1486 2456 1592 2520 officii
1604 2454 1868 2537 inquisitionis.

475 2699 592 2770 Frater
601 2699 799 2771 Bernardus
808 2700 1008 2793 inquisitor,
1019 2701 1292 2781 etc.‚universis
1303 2701 1627 2794 presenteslitteras
1636 2704 1869 2794 inspecturis,

439 2808 507 2868 etc.
518 2797 711 2869 —Tenore
721 2802 936 2891 presentium
951 2811 1071 2870 notum
1085 2797 1145 2869 liat
1159 2798 1260 2869 talem
1270 2799 1312 2867 N.
1323 2799 1537 2869 servientem
1547 2820 1626 2870 esse
1636 2798 1774 2869 fidelem
1787 2821 1871 2870 uos-

441 2906 531 2964 trnm
554 2898 684 2987 pariter
706 2907 741 2966 et
754 2897 910 2987 juratum
935 2922 943 2965 :
965 2897 1141 2989 quocirca
1165 2899 1202 2965 in
1232 2896 1486 2990 persequendis
1507 2907 1542 2967 et
1563 2896 1745 2989 capiendis
1768 2895 1871 2967 here·

442 2995 519 3063 ticis
540 2994 735 3064 manifestis
754 2995 981 3085 generaliter,
995 3016 1131 3066 necnon
1148 2997 1185 3063 in
1203 2996 1282 3064 aliis
1301 2995 1523 3084 exequendis
1546 3016 1616 3086 qne
1637 3015 1698 3087 per
1717 2996 1870 3064 eundem

438 3090 637 3182 specialiter
657 3091 865 3163 duxerimus
884 3104 920 3162 et
939 3093 1226 3163 mandaverimus
1244 3092 1468 3185 exequenda,
1486 3092 1651 3162 volumus
1670 3102 1705 3162 et
1726 3092 1869 3161 manda-

440 3208 518 3258 mns
538 3187 583 3258 ab
605 3188 770 3259 omnibus
788 3188 917 3259 Christi
943 3188 1107 3261 fidelibus
1130 3211 1219 3282 quos
1244 3189 1320 3283 ipse
1350 3190 1551 3281 requisierit
1575 3200 1610 3260 et
1634 3189 1763 3281 quibus
1782 3189 1872 3258 indi-

439 3285 555 3375 guerit
575 3286 689 3356 eidem
710 3287 871 3380 impendi
887 3299 1086 3381 promptum
1106 3287 1277 3358 auxilium
1301 3298 1336 3356 et
1351 3287 1536 3358 consilium
1558 3297 1809 3380 opportunum.
1832 3287 1868 3355 ln

438 3383 538 3473 cujus
559 3384 610 3453 rei
626 3384 865 3455 testimonium
884 3386 1038 3477 sigillum
1063 3397 1220 3456 nostrum
1249 3385 1471 3478 presentibus
1496 3385 1664 3455 duximus
1686 3405 1869 3486 apponen-

438 3480 537 3552 dum.
557 3481 698 3567 Datum,
719 3493 787 3555 etc.

490 3576 647 3673 (Poterit
664 3586 784 3651 ouem
800 3580 840 3650 io
857 3581 932 3673 fiete
949 3579 1050 3668 addi,
1070 3586 1100 3650 si
1115 3586 1148 3650 el
1165 3580 1304 3674 quoodo
1327 3579 1518 3674 eccpedieas
1540 3580 1653 3650 omum
1671 3579 1798 3674 (aemi,
1817 3602 1869 3649 se-

435 3698 542 3770 queus
563 3677 722 3749 clausula
746 3678 897 3749 natales
922 3680 1036 3751 littere
1056 3679 1127 3748 siut
1143 3685 1317 3770 perpetue
1345 3703 1356 3746 .·
1389 3679 1611 3771 presentibus
1637 3677 1762 3749 litteris
1786 3687 1869 3771 post

437 3796 546 3846 unum
566 3796 697 3846 annum
715 3796 736 3846 a
752 3776 833 3847 data
854 3780 1067 3869 presentium
1087 3777 1231 3847 minime
1253 3774 1446 3869 valituris.)

434 4028 494 4092 39.
518 4029 652 4095 Forma
672 4029 795 4094 littere
816 4046 880 4110 pro
901 4029 1055 4094 licentia
1077 4029 1234 4094 exeundi
1258 4030 1437 4095 terminos
1461 4030 1572 4094 alicui
1595 4029 1807 4106 assignatos
1828 4029 1868 4094 in

801 4152 935 4217 penam
950 4153 993 4200 ex
1008 4137 1134 4219 aliqua
1146 4153 1262 4203 cansa
1275 4137 1499 4202 rationabili.

478 4351 614 4424 Tenore
639 4353 855 4446 presentium
882 4365 1002 4425 notum
1031 4352 1091 4425 fiat
1122 4356 1216 4448 quod
1244 4376 1308 4426 uos
1341 4354 1418 4425 talis
1448 4355 1657 4447 inquisitor,
1685 4354 1751 4448 piis
1779 4375 1867 4446 quo·

429 4449 590 4520 rumdam
617 4449 790 4522 bonorum
819 4452 974 4524 virorum
1001 4452 1163 4546 precibus
1183 4452 1357 4539 inclinati,
1377 4452 1542 4522 dedimus
1567 4463 1602 4522 et
1625 4453 1866 4523 concessimus

428 4546 604 4618 licentiam
629 4549 783 4619 exeundi
809 4560 909 4620 extra
939 4549 1042 4620 talem
1071 4549 1249 4644 dyocesim
1278 4550 1338 4620 tali
1365 4551 1407 4620 N.
1431 4550 1476 4620 de
1504 4550 1563 4620 tali
1596 4549 1672 4620 loco
1692 4551 1758 4619 ista
1785 4549 1865 4619 vice

427 4665 532 4715 causa
560 4646 851 4738 peregrinationis
871 4647 1037 4718 visitandi
1067 4647 1187 4717 limina
1214 4647 1447 4718 Reatehlarie
1473 4648 1518 4718 de
1547 4647 1655 4718 Podio
1677 4658 1713 4718 et
1732 4649 1863 4717 transi-

428 4752 501 4812 tum
528 4737 569 4837 [l⁰
590 4740 636 4811 3l
653 4739 688 4841 a]
717 4744 868 4814 faciendi
899 4766 960 4838 per
989 4745 1093 4815 talem
1121 4745 1263 4831 villam,
1291 4766 1311 4814 a
1346 4757 1503 4838 tempore
1530 4745 1612 4815 date
1645 4748 1861 4839 presentium

426 4860 538 4931 usque
562 4840 609 4911 ad
635 4841 835 4934 proximum
857 4842 991 4913 instans
1015 4843 1140 4913 iestum
1167 4843 1278 4913 sancti
1301 4843 1505 4926 Michaelis,
1534 4843 1758 4936 presentibus
1786 4852 1865 4936 post

422 4937 618 5028 predictum
645 4939 771 5008 testum
802 4939 948 5011 minime
971 4939 1146 5012 valituris.
1174 4940 1211 5010 ln
1238 4941 1340 5032 cujus
1368 4941 1417 5011 rei
1444 4940 1686 5013 testimoninm
1706 4938 1861 5031 sigillum

422 5044 582 5106 nostrum
603 5034 827 5128 presentibus
847 5037 1016 5109 duximus
1035 5039 1300 5134 apponendum.
1324 5039 1465 5127 Datum,
1487 5059 1581 5110 anno
1600 5050 1635 5109 ct
1656 5037 1715 5110 die
1735 5037 1810 5107 tali.
