4612 6404
435 652 508 744 ali
721 689 882 743 nmmum
907 688 1148 757 rnoursrrronrs
1174 689 1337 744 amentes
1361 689 1574 751 muniris.

436 851 618 922 doctorum
639 848 790 918 Ecclesie
815 859 851 919 et
869 848 1089 921 traditionem
1111 850 1267 940 ejusdem
1288 860 1411 922 sancta
1426 849 1582 924 Ecclesia
1600 850 1776 924 catholice
1797 875 1867 926 non

437 949 550 1020 solnm
574 969 635 1041 pro
655 949 801 1016 veritate
819 949 1006 1017 asserenda
1026 949 1060 1016 in
1078 947 1207 1039 juditio
1227 947 1320 1017 licite
1336 958 1372 1017 et
1390 969 1436 1021 ex
1455 947 1577 1019 debito
1595 951 1641 1018 sit
1654 949 1865 1041 jurandum,

436 1047 685 1116 verumetiam
713 1065 757 1114 ex
786 1055 916 1115 statuto
940 1043 1099 1139 ejusdem
1129 1056 1248 1115 contra
1275 1046 1446 1138 prelatum
1472 1066 1626 1119 errorem
1651 1048 1865 1137 jamdudum

438 1144 533 1214 edito
552 1166 559 1210 :
581 1142 614 1211 st
636 1142 695 1234 qui
713 1162 757 1211 ex
778 1143 829 1212 cis
844 1143 1033 1232 juramenti
1056 1143 1260 1233 religionem
1277 1142 1528 1234 superstitione
1547 1146 1765 1236 dampnabili
1794 1169 1865 1218 res·

437 1254 585 1334 pnentes
589 1241 710 1331 jurare
724 1240 911 1322 noluerint,
930 1261 974 1311 ex
989 1240 1055 1311 lroc
1074 1243 1150 1332 ipso
1164 1239 1309 1311 heretici
1326 1251 1548 1332 reputentur,
1560 1240 1669 1312 Extra
1682 1243 1729 1312 de
1740 1244 1868 1316 hereti·

437 1339 501 1415 cis.
523 1337 903 1423 Encoinmurricomus,
925 1340 960 1406 in
980 1340 1005 1429 §
1026 1337 1067 1410 Si
1102 1337 1142 1406 ui
1155 1338 1253 1408 circo
1271 1335 1395 1426 finem.

486 1436 682 1506 Notandum
714 1450 827 1506 tannen
854 1436 948 1527 quod
979 1438 1046 1529 ipsi
1075 1360 1116 1531 ὅ·
1139 1432 1207 1503 tat
1224 1431 1259 1533 a]
1280 1435 1471 1505 Valdenses
1491 1435 1697 1530 dispensant
1717 1439 1753 1507 in
1770 1440 1867 1530 jnra-

439 1546 570 1618 ment0‚
589 1549 624 1604 ut
646 1537 755 1627 possit
769 1535 857 1604 inter
872 1555 933 1603 eos
948 1535 1026 1625 quis
1039 1535 1160 1625 jurare
1179 1555 1241 1626 pro
1262 1544 1373 1602 morte
1392 1554 1455 1602 sua
1476 1533 1533 1604 vol
1553 1533 1700 1603 alterius
1720 1537 1867 1608 vitanda

438 1653 500 1702 seu
521 1632 725 1715 evadenda,
754 1643 788 1700 et
817 1631 920 1700 etiam
951 1653 994 1702 ne
1022 1633 1110 1702 alios
1129 1632 1317 1723 complices
1335 1631 1459 1722 prodat
1485 1643 1546 1701 aut
1571 1642 1746 1703 secretum
1770 1645 1868 1704 secte

438 1749 502 1799 sne
522 1730 666 1799 revelet.
685 1729 808 1798 Dicunt
826 1729 919 1798 enim
932 1750 1010 1799 esse
1027 1728 1157 1798 crimen
1172 1728 1431 1819 inexpiabilcet
1444 1740 1623 1819 peccatum
1639 1728 1672 1797 in
1693 1731 1866 1824 Spiritum

438 1825 600 1896 Sanctum
619 1827 767 1920 prodere
786 1827 936 1918 aliquem
958 1827 1003 1896 de
1019 1839 1112 1896 secta
1129 1847 1193 1896 sua
1215 1826 1418 1918 perlectum}
1438 1824 1542 1909 item,
1564 1847 1609 1901 ex
1627 1829 1752 1898 eodem
1771 1829 1868 1899 fonte

439 1926 568 1995 erroris
585 1926 738 2018 predicta
757 1938 851 1994 secta
874 1935 909 1995 et
930 1923 1063 1994 heresis
1080 1924 1205 1994 asserit
1221 1944 1326 1994 omne
1339 1922 1506 2014 juditium
1523 1944 1602 2000 csso
1619 1945 1637 1991 a
1656 1925 1729 1996 Deo
1750 1925 1869 2018 prohi-

438 2020 547 2091 hitnur
561 2037 593 2093 ct
608 2045 668 2116 per
682 2043 901 2113 consequens
914 2043 992 2092 esse
1009 2035 1202 2115 peccatum,
1223 2034 1256 2091 ct
1270 2033 1390 2091 contra
1407 2020 1467 2088 Dei
1484 2020 1758 2115 prohibitionem
1775 2023 1870 2095 cais·

396 2181 400 2192 .
440 2129 512 2189 tere
531 2123 624 2212 quoil
641 2122 750 2211 judea
771 2121 897 2212 aliquis
918 2122 953 2188 in
974 2141 1196 2212 quocumque
1213 2140 1295 2188 casn
1317 2128 1351 2186 el
1370 2140 1415 2189 ex
1436 2138 1659 2212 quacumque
1677 2141 1784 2191 causa
1808 2121 1871 2192 ho·

439 2218 566 2286 minem
584 2219 719 2309 judicet
738 2217 782 2286 ad
810 2217 1019 2310 supplicium
1048 2220 1205 2309 corporis
1229 2229 1288 2286 ant
1312 2214 1357 2285 ad
1382 2236 1506 2309 penam
1526 2217 1710 2308 sanguinis
1734 2240 1798 2287 seu
1820 2217 1870 2289 ad

440 2329 607 2409 mortem,
633 2314 739 2385 verba
764 2318 876 2385 sancti
895 2314 1075 2405 Evangelii
1098 2314 1155 2385 uhi
1174 2314 1339 2384 scribitur
1369 2338 1378 2385 ε
1409 2311 1529 2383 Nolite
1541 2313 1716 2404 judicare
1740 2320 1776 2386 el
1795 2336 1873 2386 non

434 2412 697 2502 judicabimini,
717 2413 796 2481 item
816 2437 825 2483 ε
844 2411 930 2483 Non
948 2412 1093 2499 occides,
1114 2424 1147 2483 et
1161 2432 1382 2504 quecumque
1391 2412 1533 2491 similia,
1552 2412 1630 2484 sine
1641 2413 1875 2506 expositione

439 2509 555 2580 dehita
576 2512 620 2581 ad
641 2509 705 2580 hcc
724 2511 924 2604 applicans,
956 2530 1080 2583 necea
1103 2510 1324 2599 intelligens,
1354 2530 1418 2579 nec
1443 2508 1616 2602 recipiens
1645 2511 1872 2581 intellectum

440 2628 504 2677 neo
519 2608 774 2703 expositionem
795 2629 939 2693 eornm,
960 2608 1050 2678 sicut
1069 2620 1187 2678 sancta
1204 2607 1356 2677 Romana
1375 2605 1527 2676 Ecclesia
1546 2627 1586 2676 ea
1603 2628 1689 2679 sane
1701 2607 1875 2701 intelligit

438 2714 473 2774 el
492 2708 593 2775 tradit
616 2705 779 2775 fidelihus
801 2705 994 2776 secundnm
1011 2707 1203 2776 doctrinam
1221 2704 1359 2774 Patrum
1376 2719 1409 2773 et
1424 2704 1607 2775 doctorum
1625 2718 1658 2776 ct
1675 2709 1873 2777 canonicas

437 2806 649 2876 sanctiones.
672 2805 770 2884 item,
784 2803 984 2874 sanctiones
998 2803 1185 2874 canonicas
1200 2802 1464 2892 decretalcsqne
1482 2803 1751 2874 constitutiones
1768 2824 1873 2874 sum-

438 2920 573 2970 morum
596 2900 797 2995 pontificum
823 2913 858 2971 et
877 2911 1005 2971 statuta
1026 2902 1070 2971 de
1088 2901 1232 2992 iejuniis
1248 2911 1283 2969 et
1302 2900 1347 2970 de
1367 2900 1464 2970 lestis
1483 2900 1642 2974 colendis
1660 2922 1700 2971 ac
1719 2902 1873 2972 decreta

437 2995 574 3068 Patrum
598 3000 750 3092 predicta
771 3010 863 3069 secta
885 3000 1033 3070 devians
1052 3019 1071 3068 a
1093 2998 1149 3068 via
1170 3010 1205 3068 et
1225 3010 1318 3068 recta
1338 2998 1462 3066 semita
1483 3019 1552 3068 non
1574 2999 1696 3091 recipit
1716 3020 1783 3070 nec
1805 3019 1872 3070 va·

439 3093 511 3164 lere
528 3106 683 3189 reputat,
705 3108 756 3166 set
776 3097 910 3189 spernit
927 3106 961 3166 el
976 3096 1107 3189 respuit
1122 3106 1158 3164 et
1172 3096 1421 3187 condempnat.
1441 3095 1545 3183 item,
1561 3096 1652 3169 circa
1663 3088 1881 3166 sacramen-⁸

439 3202 510 3261 tnm
535 3195 726 3286 penitentie
747 3207 781 3264 et
800 3195 918 3265 claves
935 3192 1088 3264 Ecclesie
1109 3193 1339 3286 perniciosius
1356 3192 1561 3263 oberrantes
1581 3192 1728 3286 predicti
1751 3206 1871 3264 secta·

439 3301 532 3360 tores
550 3292 669 3361 dicunt
690 3303 808 3362 tenent
824 3302 859 3362 el
874 3292 1001 3363 docent
1019 3312 1058 3360 se
1078 3289 1209 3360 hahere
1224 3301 1429 3382 potestatem
1446 3312 1465 3360 a
1484 3293 1561 3363 solo
1580 3292 1652 3362 Deo
1670 3304 1744 3361 eta
1766 3291 1872 3363 nulio

437 3386 529 3474 alio,
550 3389 639 3459 sicut
659 3389 806 3481 apostoli
841 3388 1040 3460 hahuerunt
1059 3409 1078 3458 a
1096 3387 1253 3471 Christo,
1275 3386 1441 3457 audiendi
1462 3386 1701 3462 consessiones
1721 3388 1870 3482 predic-

438 3495 550 3556 torum
570 3489 724 3558 virorum
754 3507 795 3557 ao
820 3488 1004 3558 mulierum
1033 3485 1099 3555 sibi
1128 3486 1319 3555 volentium
1347 3484 1506 3556 confiteri
1532 3497 1566 3557 et
1593 3487 1804 3561 absolvendi
1832 3496 1873 3556 el
1912 3474 1921 3495 ’

435 3586 648 3676 penitentias
669 3585 895 3675 injungendi3
916 3595 951 3655 et
969 3583 1208 3654 confessiones
1227 3583 1347 3653 talium
1368 3583 1515 3653 audiunt
1537 3579 1579 3680 [Ρ
1602 3582 1671 3655 tas
1692 3579 1728 3679 h]
1750 3601 1786 3653 et
1805 3582 1871 3655 ah

436 3682 579 3752 solvunt
597 3695 632 3753 ct
652 3682 877 3775 penitentiam
896 3682 1101 3774 injungunt,
1122 3682 1286 3773 quamvis
1306 3702 1375 3751 non
1394 3683 1464 3751 sint
1483 3683 1683 3753 sacerdotes
1710 3702 1776 3751 nec
1791 3683 1869 3753 ole-

436 3779 498 3850 rici
526 3802 587 3874 per
613 3781 764 3871 aliquem
785 3780 988 3873 episcopum
1019 3778 1173 3849 Romane
1197 3777 1350 3849 Ecclesie
1373 3778 1549 3859 ordinati,
1582 3790 1637 3851 set
1664 3791 1746 3849 suut
1772 3779 1869 3871 layci

436 3876 659 3967 simpliciter;
686 3877 861 3970 talemque
885 3887 1090 3970 potestatem
1117 3897 1186 3946 non
1209 3875 1420 3946 confitentur
1437 3899 1476 3948 se
1503 3876 1634 3948 habere
1659 3896 1678 3946 a
1705 3876 1868 3948 Romana

435 3972 603 4054 Ecclesia.
624 3985 677 4046 set
699 3977 819 4068 pocius
838 3973 1044 4055 diffitentur,
1066 3985 1101 4044 et
1118 3994 1240 4044 reuera
1258 3994 1355 4044 neca
1377 3975 1448 4046 ileo
1466 3995 1531 4045 nec
1546 3975 1591 4047 ob
1611 3975 1688 4066 ejus
1707 3972 1867 4044 Ecclesia

436 4071 546 4167 ipsam
568 4072 712 4156 habeut,
734 4094 812 4142 cum
833 4074 904 4142 sint
921 4083 1021 4143 extra
1042 4071 1229 4142 Ecclesiam
1248 4082 1283 4141 et
1299 4072 1345 4141 ab
1365 4071 1437 4163 ipsa
1456 4071 1607 4145 Ecclesia
1621 4075 1693 4163 jain
1716 4072 1865 4162 prescisi

435 4183 533 4240 extra
555 4191 658 4263 quatu
678 4183 816 4240 nonest
834 4191 916 4241 vcra
937 4169 1128 4264 penitentia
1150 4190 1265 4261 neque
1281 4169 1388 4238 salus.
1410 4169 1492 4240 item
1511 4223 1520 4255 ,
1539 4170 1694 4264 predicta
1714 4179 1808 4238 sucta
1828 4181 1867 4240 ει

435 4265 568 4339 heresis
585 4268 823 4359 indulgentias
844 4289 914 4361 qno
931 4269 1022 4336 fiunt
1039 4278 1074 4338 et
1093 4267 1222 4336 dantur
1246 4289 1308 4359 per
1333 4267 1484 4359 prelatos
1503 4267 1658 4340 Ecclesie
1677 4266 1865 4338 irridendo

433 4367 559 4436 asserit
578 4367 718 4458 penitus
738 4387 807 4435 non
829 4367 961 4437 valere.
983 4363 1078 4434 Circa
1099 4377 1355 4435 sacramentnm
1379 4386 1466 4436 vero
1485 4364 1696 4436 eucharistie
1715 4373 1860 4451 errant,

434 4464 609 4546 dicentes,
632 4486 701 4535 non
721 4465 859 4557 publice
875 4475 928 4535 set
949 4464 983 4532 in
998 4474 1135 4534 secreto
1153 4483 1241 4544 suo,
1263 4462 1357 4553 quod
1379 4464 1413 4530 in
1428 4473 1647 4537 sacramento
1660 4463 1782 4531 aitaris
1802 4480 1864 4554 pa-

433 4561 488 4631 nis
506 4571 542 4632 et
562 4562 682 4631 vinum
710 4585 778 4633 non
797 4560 947 4631 elficitor
965 4559 1098 4653 Corpus
1117 4572 1151 4630 et
1169 4558 1319 4652 Sanguis
1343 4559 1490 4640 Christi.
1519 4561 1551 4629 si
1569 4559 1737 4631 sacerdos
1762 4560 1860 4629 cele·

433 4657 538 4729 hraus
558 4670 618 4728 ant
636 4680 845 4730 consecrans
864 4660 910 4728 sit
930 4672 1108 4752 peccator,
1127 4671 1161 4729 at
1182 4669 1346 4750 reputant
1365 4656 1560 4750 quemlihet
1577 4657 1753 4728 hominem
1779 4677 1861 4749 pec·

432 4768 583 4826 calorem
622 4756 687 4825 nisi
726 4758 771 4827 sit
806 4758 851 4828 de
882 4768 977 4827 secta
1014 4758 1183 4849 ipsorum.
1217 4756 1325 4838 item,
1357 4758 1480 4827 dicunt
1508 4756 1603 4846 quod
1638 4754 1862 4825 consecratio

431 4851 593 4946 Corporis
608 4866 642 4924 et
658 4854 845 4946 Sanguinis
863 4853 989 4924 Christi
1020 4865 1133 4946 potest
1158 4851 1234 4922 heri
1257 4875 1276 4923 a
1305 4854 1463 4945 quolibet
1480 4853 1599 4943 justo,
1627 4853 1792 4944 quamvis
1813 4853 1862 4922 sil

430 4950 572 5043 laycus,
592 4973 656 5022 nec
682 4953 727 5021 sit
751 4953 915 5022 sacerdos
936 4962 997 5022 ant
1017 4952 1189 5042 presbiter
1204 4950 1252 5019 ab
1269 4950 1435 5046 episcopo
1453 4949 1626 5022 catholico
1643 4950 1856 5033 ordinatus,

430 5046 524 5116 dnm
537 5057 654 5118 tamen
673 5047 720 5118 sit
738 5048 784 5118 de
802 5060 895 5119 secta
916 5048 1090 5139 ipsorum,
1111 5059 1147 5117 et
1170 5044 1237 5116 hoc
1256 5047 1362 5116 etiam
1380 5047 1530 5119 credunt
1555 5049 1602 5119 de
1624 5047 1856 5135 mulieribus,
