4574 6404
941 646 1060 699 ruurrr
1086 646 1183 698 runs,
1497 725 1499 729 ‚
1708 630 1775 698 tut

344 805 484 897 scriptis
515 803 678 895 cognosci
704 813 870 896 poterunt
901 803 1098 874 evidenter.
1133 803 1233 876 Tales
1265 815 1396 890 autem,
1433 814 1616 897 postquam
1646 809 1775 900 recepti

344 902 475 974 fuerint
490 912 525 972 et
543 899 694 972 contessi
716 901 751 970 in
762 901 907 989 juditio,
923 902 1145 994 postmodum
1163 924 1286 973 omnes
1299 923 1437 973 errores
1452 924 1536 973 suos
1552 924 1641 994 quos
1661 905 1774 996 primo

346 1010 536 1072 tenuerunt
561 999 692 1069 debent
721 1020 886 1070 revocare
922 1011 957 1069 et
984 999 1149 1070 detestari
1178 1022 1239 1071 ore
1265 1000 1428 1093 proprio,
1465 1021 1600 1071 necnon
1628 1001 1772 1073 eosdem

346 1096 1772 1190 erroresspecialiteretomnemheresimgeneraliterpubliceinjuditioabjurare,

344 1193 522 1287 fidemque
538 1191 744 1265 catholicam
755 1193 914 1266 confiteri
928 1205 963 1265 et
974 1195 1042 1264 alia
1053 1192 1095 1289 [Ρ
1111 1195 1156 1262 80
1172 1193 1206 1293 a]
1223 1195 1426 1287 promittere
1442 1206 1477 1265 et
1485 1196 1604 1285 jurare
1612 1209 1774 1288 quesunt
1788 1280 1791 1286 ‚

346 1293 380 1362 in
397 1292 600 1382 hujusmodi
624 1293 684 1383 qui
704 1293 921 1385 recipiuntur
940 1293 985 1362 ad
1005 1293 1274 1364 conversionem
1295 1293 1339 1362 ab
1358 1291 1473 1364 heresi
1492 1291 1567 1362 lieri
1587 1305 1769 1381 consueta,

346 1401 379 1461 et
396 1390 449 1461 sic
467 1391 608 1461 demum
628 1390 673 1459 ad
692 1391 868 1482 agendum
887 1390 1114 1484 penitentiam
1134 1391 1170 1460 in
1189 1404 1396 1484 perpetuum
1414 1392 1504 1459 muri
1519 1411 1694 1462 carcerem
1714 1393 1774 1464 de·

346 1488 530 1558 trudantur
544 1513 551 1556 :
566 1497 700 1558 retenta
716 1498 886 1580 potestate
903 1488 1098 1578 mitigandi,
1112 1488 1204 1559 sicut
1220 1487 1361 1559 estheri
1378 1498 1600 1559 consuetum.
1613 1488 1772 1562 Predicta

344 1596 460 1657 antem
480 1585 674 1656 reservatio
693 1607 756 1656 seu
776 1586 931 1678 receptio
951 1586 995 1655 ad
1016 1586 1243 1679 penitentiam
1265 1599 1344 1680 post
1363 1587 1466 1655 latam
1486 1587 1710 1673 sententiam,
1735 1602 1772 1658 ut

345 1683 582 1776 premittitur3
603 1683 668 1753 etsi
690 1703 758 1753 non
779 1683 824 1753 sit
843 1683 887 1753 de
911 1685 991 1775 jure
1009 1687 1208 1768 communi,
1231 1695 1284 1754 est
1313 1695 1430 1754 tamen
1449 1685 1494 1754 de
1513 1705 1578 1754 usu
1598 1685 1769 1756 hactenus

344 1781 378 1851 in
406 1781 567 1874 pluribus
592 1780 732 1850 casibus
759 1780 933 1852 similibus
965 1781 1015 1851 sic
1045 1793 1188 1874 optento
1216 1779 1320 1853 cilicii
1349 1781 1586 1872 inquisitionis
1614 1781 1770 1854 heretice

344 1879 527 1972 pravitatis
552 1879 647 1970 quod
674 1900 811 1949 summe
836 1878 1095 1972 privilegiatum
1126 1880 1243 1950 extitit
1273 1891 1308 1950 et
1332 1879 1480 1950 salutem
1506 1880 1700 1950 animarum
1729 1902 1769 1951 ac

345 1977 531 2070 puritatem
559 1975 642 2047 fidei
662 1976 812 2047 intendit
832 1977 1073 2070 principaliter
1091 1989 1127 2048 et
1146 1978 1311 2069 inquirit,
1332 1988 1367 2048 et
1385 1977 1465 2048 ideo
1484 1977 1658 2048 hereticos
1684 1998 1770 2049 con-

346 2073 433 2145 verti
449 2086 485 2144 et
501 2075 617 2145 redire
636 2074 795 2145 volentes
807 2075 851 2144 ad
864 2075 1134 2146 ecclesiasticam
1151 2076 1318 2146 unitatem
1343 2075 1465 2168 recipit
1484 2074 1528 2144 ad
1542 2075 1768 2167 penitentiam

345 2172 457 2265 prima
474 2172 575 2260 vice;
598 2194 661 2264 per
678 2172 917 2243 consessiones
937 2174 1042 2242 etiam
1064 2173 1185 2243 talium
1206 2174 1418 2264 deteguntur
1435 2173 1554 2265 sepius
1580 2173 1770 2265 complices

346 2280 380 2340 et
395 2290 555 2358 errores,
578 2280 677 2340 etex
697 2269 1109 2341 hocinveniturveritas
1137 2281 1172 2341 et
1199 2271 1330 2340 salsitas
1351 2269 1526 2362 detegitur
1553 2282 1589 2341 et
1615 2269 1769 2341 otfictum

344 2380 591 2461 prosperatur;
615 2367 674 2437 ubi
702 2379 819 2438 autem
850 2369 1035 2440 conversio
1065 2368 1143 2440 talis
1163 2366 1241 2438 licta
1261 2390 1324 2438 seu
1343 2368 1506 2439 simulata
1530 2367 1771 2440 verisimiliter

345 2464 611 2557 inquisitoribus
627 2478 825 2558 appareret,
843 2476 981 2537 cessant
997 2467 1173 2559 predicta,
1193 2478 1231 2536 ut
1247 2467 1314 2536 lata
1328 2466 1506 2537 sentencia
1526 2487 1628 2536 suum
1641 2470 1771 2537 sorcia-

344 2573 401 2632 tur
417 2563 597 2634 ellectum.

346 2815 406 2881 39.
429 2817 641 2882 incidenter
670 2819 857 2895 colligitur
881 2820 949 2883 sub
974 2819 1188 2900 compendio
1211 2818 1492 2883 tundamentum
1514 2819 1649 2883 erroris
1672 2828 1769 2884 secte

383 2923 486 2988 illius
513 2925 714 3005 apostatice
740 2934 775 2989 et
802 2935 1068 3007 consequenter
1091 2928 1294 2991 destruitur
1319 2944 1383 2991 seu
1406 2927 1556 2991 eliditur
1576 2944 1768 2992 erroneum

383 3030 638 3097 fulcimentum
654 3034 815 3112 ejusdem
834 3043 870 3097 et
883 3035 1020 3098 veritas
1041 3034 1267 3111 declaratur,
1288 3042 1330 3098 ut
1350 3035 1402 3099 sic
1422 3036 1587 3116 opposita
1608 3037 1655 3100 ad
1674 3037 1771 3101 invi-

384 3155 461 3204 cem
478 3149 690 3220 comparata
702 3143 822 3218 magis
838 3150 990 3222 pateant
1005 3157 1041 3205 et
1055 3141 1216 3206 lucidius
1232 3140 1417 3222 patefiant.

390 3355 462 3426 Hec
490 3369 544 3427 est
570 3357 676 3448 igitur
702 3369 794 3427 secta
823 3379 892 3428 non
920 3369 988 3429 tam
1014 3358 1269 3452 supersticiose,
1286 3380 1390 3450 quam
1419 3359 1629 3450 pernitiosa,
1652 3363 1758 3453 pesti·

346 3454 415 3524 lera
444 3449 485 3550 [l⁰
505 3455 550 3522 80
568 3450 621 3552 b]‚
650 3459 840 3547 apostatica
866 3467 901 3526 et
920 3455 1086 3544 heretica,
1109 3476 1201 3526 nove
1222 3459 1402 3527 inventrix
1421 3455 1556 3528 heresis
1575 3467 1611 3527 et
1634 3461 1764 3528 veteris

346 3550 544 3637 invitatrix,
568 3554 668 3642 cujus
688 3553 788 3630 wdevii
808 3565 997 3625 sectatores
1017 3576 1095 3624 cum
1120 3553 1312 3647 pertinacia
1338 3547 1673 3645 negant'dominnm
1700 3576 1761 3647 pa·

345 3668 436 3741 pam,
453 3650 622 3719 vicarium
638 3651 775 3722 Domini
790 3651 895 3722 lhesu
910 3650 1048 3734 Christi,
1067 3672 1170 3744 posse
1181 3651 1303 3722 tollere
1319 3651 1364 3722 de
1380 3653 1495 3722 medio
1505 3654 1666 3723 ordinum
1678 3652 1760 3721 Fra·

345 3755 433 3816 trum
452 3747 626 3818 Mincrnm
647 3750 829 3836 ordinem3
850 3771 928 3820 curn
955 3761 1070 3820 tamen
1096 3749 1212 3819 nullus
1231 3750 1319 3820 ordo
1343 3761 1421 3842 post
1440 3749 1599 3821 ordinem
1619 3763 1760 3842 aposto·

345 3843 454 3915 lorum
470 3845 505 3915 in
522 3845 675 3916 Ecclesia
691 3847 869 3916 institutus
885 3847 1012 3917 habeut
1026 3845 1223 3917 firmitatem
1240 3846 1306 3917 nisi
1323 3868 1385 3939 per
1399 3848 1518 3918 sedem
1535 3846 1762 3940 apostolicam

344 3942 497 4013 extiterit
515 3942 753 4031 confirmatus,
771 3965 812 4015 ea
830 3965 915 4015 vero
930 3946 1136 4015 auctoritate
1157 3965 1322 4015 romanus
1337 3947 1496 4037 pontifex
1510 3957 1624 4037 potest
1640 3966 1765 4036 quem-

344 4059 492 4132 cumque
516 4041 674 4111 ordinem
702 4043 882 4113 demedio
910 4043 1031 4114 tollere
1050 4063 1119 4135 qua
1146 4043 1258 4134 potuit
1275 4042 1494 4114 confirmare.
1517 4043 1617 4129 ltem,
1640 4042 1764 4112 dicunt

344 4148 377 4208 at
403 4139 629 4231 pertinaciter
647 4152 810 4211 asserunt
828 4142 1003 4233 professos
1028 4132 1123 4212 Beati
1143 4139 1315 4211 Francisci
1337 4141 1491 4232 regulam
1514 4161 1583 4211 non
1607 4160 1685 4210 esse
1707 4161 1762 4211 as·

345 4235 462 4307 trictos
481 4238 524 4306 ad
545 4238 782 4308 obediendum
809 4259 955 4309 romano
974 4235 1128 4331 pontilici
1153 4241 1188 4309 in
1213 4239 1286 4308 suis
1310 4238 1604 4309 declarationibus
1624 4259 1687 4308 seu
1710 4239 1760 4308 in-

343 4335 651 4428 terpretationibus
671 4337 769 4406 lactis
797 4336 887 4406 circa
908 4337 1062 4428 regulam
1086 4336 1183 4406 Beati
1203 4336 1373 4407 Francisci
1397 4347 1457 4406 aut
1475 4336 1551 4426 ejus
1570 4336 1764 4407 observan-

343 4430 445 4520 tiam,
463 4436 653 4524 quoniam,
677 4446 715 4503 ut
733 4435 852 4520 aiunt,
876 4434 950 4525 ipsu
969 4435 1089 4525 regula
1108 4432 1337 4525 Evangelium
1357 4432 1481 4503 Christi
1502 4445 1573 4518 est,
1591 4443 1626 4503 et
1645 4433 1704 4524 qui
1728 4436 1763 4502 iu

342 4530 417 4619 ejus
440 4530 618 4601 intellectu
641 4552 703 4601 seu
728 4533 975 4603 observatione
994 4529 1162 4602 deliciunt
1180 4531 1300 4623 procul
1319 4552 1339 4600 a
1361 4530 1431 4601 fide
1449 4542 1485 4601 et
1503 4529 1629 4600 Christi
1649 4530 1765 4600 livan-

342 4626 432 4718 gelio
453 4641 680 4719 separantur,
704 4630 851 4701 eandem
885 4629 1040 4720 regulam
1066 4628 1190 4699 Christi
1210 4629 1401 4720 Evangelio
1429 4632 1463 4697 in
1489 4628 1653 4700 omnibns
1682 4649 1761 4698 coe-

342 4735 488 4816 quautes
518 4737 750 4819 preceptaque
779 4749 820 4798 ac
843 4724 1087 4797 diffinitionem
1110 4725 1245 4797 romani
1266 4725 1439 4819 pontilicis
1468 4737 1756 4817 contempnentes

342 4822 457 4893 animo
477 4825 658 4915 pertinaci,
677 4845 746 4896 non
761 4824 981 4896 attendentes
1000 4825 1168 4896 insensati
1186 4823 1282 4916 quod
1300 4824 1329 4895 si
1351 4824 1505 4917 predicta
1524 4824 1643 4915 regula
1661 4823 1758 4894 Beati

340 4915 513 4990 Francisci
528 4919 652 4991 Christi
674 4922 902 5014 Evangelium
921 4934 987 5011 est,
1004 4925 1237 5014 autquinque
1257 4920 1449 5013 Evangelia
1470 4932 1660 5015 ponuntur,
1682 4933 1759 5014 aut,

342 5015 517 5110 abrogatis
534 5031 684 5110 quatuor
700 5021 887 5113 prioribuS,
907 5041 1037 5091 novum
1058 5042 1166 5090 unum
1179 5030 1214 5090 et
1230 5020 1344 5091 solum
1359 5019 1588 5112 Evangelium
1605 5019 1760 5112 predica·

1572 5141 1609 5204 19
