4574 6404
424 646 468 713 72
712 660 874 713 vulcarca
902 660 1143 727 rivoursrrion'rs
1171 661 1334 714 navarros
1359 661 1572 714 ranvrrnms.

423 833 459 892 et
488 820 566 891 aliis
601 819 797 913 nephandis
828 819 1063 908 criminibus;
1095 833 1174 915 post
1206 821 1453 913 inquisitiones
1488 822 1533 893 de
1566 823 1733 896 mandato
1763 824 1863 896 sedis

423 918 615 1012 apostolice
641 938 748 1011 super
772 917 840 989 hoc
868 918 901 987 in
937 921 1113 990 universis
1137 919 1402 989 christianitatis
1429 920 1587 1011 partibus
1613 921 1721 992 lactas
1748 921 1863 992 felicis

424 1016 677 1088 recordationis
706 1015 870 1086 dominus
894 1014 1053 1088 Clemens
1082 1038 1170 1110 papa
1195 1016 1245 1099 V,
1273 1037 1319 1086 ex
1344 1020 1449 1088 certis
1476 1021 1592 1088 causis
1621 1040 1691 1110 que
1721 1020 1765 1090 ad
1794 1015 1859 1117 [id]

423 1116 534 1208 ipsius
553 1117 709 1184 animum
730 1113 1007 1201 ind'uxeruut,et
1024 1126 1103 1208 post
1121 1115 1228 1183 multa
1250 1124 1384 1184 matura
1405 1126 1441 1185 et
1459 1115 1596 1207 digesta
1614 1117 1774 1202 consilia,
1789 1138 1860 1188 non

422 1234 485 1306 per
512 1213 655 1283 modum
681 1210 868 1282 diffinitive
900 1213 1075 1283 sententie
1102 1224 1156 1283 set
1184 1233 1245 1305 per
1272 1212 1365 1282 viam
1399 1214 1613 1305 provisionis
1644 1215 1858 1307 apostolice,

421 1313 536 1403 ipsum
557 1310 736 1402 quondam
754 1309 915 1380 ordinem
935 1312 1083 1402 ejusque
1102 1321 1244 1397 statum,
1262 1309 1421 1380 habitum
1443 1319 1549 1403 atque
1569 1333 1698 1382 nomen
1714 1312 1862 1382 sustulit

424 1419 459 1479 et
483 1408 636 1478 cassavit
665 1409 701 1476 in
731 1407 887 1498 generali
911 1409 1061 1480 concilio
1086 1409 1297 1492 Viennensi,
1323 1428 1365 1478 ac
1389 1411 1482 1478 circa
1509 1431 1678 1503 personas
1714 1411 1861 1480 fratrum

423 1507 534 1598 ipsius
562 1505 711 1576 condam
731 1505 866 1575 ordinis
886 1507 1010 1577 voleus
1031 1507 1163 1576 utiliter
1190 1505 1399 1599 providere,
1422 1507 1547 1578 iratres
1566 1508 1724 1598 ejusdem
1746 1529 1861 1600 quon·

424 1603 503 1672 dam
525 1603 675 1691 ordinis,
696 1603 907 1694 quibusdam
928 1605 1084 1697 exceptis
1103 1625 1192 1696 quos
1211 1604 1280 1674 sibi
1294 1605 1493 1675 reservavit
1505 1604 1718 1697 specialiter,
1739 1606 1862 1699 dispo·

423 1702 544 1772 sitioni
563 1711 598 1771 et
620 1702 751 1792 juditio
769 1702 996 1773 conciliorum
1018 1702 1310 1795 provincialium,
1333 1724 1403 1794 qne
1422 1724 1530 1795 super
1548 1702 1615 1773 boo
1635 1724 1698 1795 per
1718 1704 1861 1773 univer·

424 1820 481 1869 sas
511 1800 636 1869 mundi
668 1811 785 1892 partes
814 1800 928 1871 voluit
959 1800 1186 1891 congregari,
1214 1799 1316 1869 drrxit
1342 1800 1483 1893 penitus
1513 1800 1792 1892 relinquendos3
1821 1822 1862 1871 ac

423 1897 675 1968 nichilominus
695 1898 819 1969 fratres
837 1919 960 1969 omnes
978 1898 1137 1990 ejusdem
1158 1896 1337 1989 quondam
1361 1896 1496 1969 ordinis
1521 1920 1601 1968 cum
1628 1900 1757 1989 quibus
1776 1909 1860 1970 tnnc

423 2015 531 2087 super
559 1995 765 2066 criminibus
791 2005 826 2066 et
854 1998 1033 2067 erroribus
1060 1996 1228 2088 predictis
1255 2017 1325 2066 non
1353 1997 1469 2066 luerat
1494 1997 1701 2087 inquisitum
1729 2007 1765 2067 et
1791 1997 1858 2067 sub

423 2113 529 2162 manu
565 2105 600 2163 et
633 2103 805 2186 potestate
835 2093 990 2164 Ecclesie
1027 2107 1110 2164 tunc
1142 2094 1309 2185 temporis
1342 2093 1488 2164 minime
1519 2093 1761 2181 habebantur,
1804 2103 1863 2166 set

424 2201 524 2262 erant
538 2190 863 2281 forsitanlugittivi,
882 2192 916 2260 in
934 2195 1011 2284 ipso
1024 2191 1216 2261 Viennensi
1234 2192 1383 2263 concilio
1398 2194 1522 2262 citavit
1538 2203 1577 2262 ut
1593 2192 1681 2262 inira
1700 2188 1741 2288 [N
1756 2193 1801 2261 38
1819 2186 1859 2288 d]

423 2309 532 2358 unum
566 2309 696 2358 annum
728 2310 833 2381 quem
868 2292 920 2359 eis
953 2311 1015 2382 pro
1052 2288 1202 2358 termino
1228 2292 1465 2383 peremptorio
1494 2291 1709 2381 assignavit,
1737 2311 1857 2361 coram

424 2386 634 2479 dyocesanis
654 2387 727 2457 suis
747 2408 869 2457 eornm
889 2386 1041 2456 subituri
1059 2406 1210 2457 examen
1233 2407 1274 2457 ac
1295 2387 1468 2480 recepturi
1489 2410 1553 2481 pro
1573 2388 1707 2458 meritis
1727 2410 1856 2459 secun-

424 2483 508 2554 dnm
534 2484 703 2574 juditium
731 2484 959 2556 conciliorum
990 2484 1247 2578 predictorum,
1273 2495 1438 2555 curarent
1462 2486 1694 2578 personaliter
1719 2507 1860 2579 compa-

425 2603 529 2670 rere3
552 2583 647 2674 quod
674 2585 705 2652 si
731 2582 821 2652 intra
848 2582 961 2674 ipsum
988 2603 1119 2652 annum
1148 2603 1218 2654 non
1243 2593 1488 2676 comparerent
1508 2603 1625 2654 coram
1648 2583 1860 2677 dyocesanis

424 2679 581 2767 eisdem,
603 2701 645 2750 eo
671 2681 747 2773 ipso
775 2679 1151 2751 excommunicationis
1173 2684 1384 2750 sententiam
1409 2680 1611 2767 incurrere,
1632 2690 1668 2750 et
1689 2684 1720 2751 si
1748 2684 1858 2774 ipsam

425 2777 825 2848 excommunicationem
846 2799 909 2870 per
928 2798 1059 2847 annum
1081 2778 1307 2871 pertinaciter
1326 2777 1543 2849 sustinerent
1561 2798 1622 2849 eos
1641 2777 1741 2848 velut
1756 2778 1860 2849 here·

424 2874 512 2946 ticos
535 2876 650 2947 voluit
672 2875 945 2968 condempnari,
969 2888 1071 2968 prout
1095 2878 1130 2944 in
1156 2875 1280 2945 litteris
1309 2875 1511 2968 apostolicis
1536 2876 1696 2966 ejusdem
1724 2876 1859 2947 domini

423 2969 611 3043 Clementis
635 2972 745 3043 lacius
772 2973 967 3044 dinoscitur
990 2973 1178 3059 contineri;
1203 2983 1352 3066 postque
1371 2973 1496 3043 eodem
1519 2972 1664 3044 domino
1682 2973 1862 3046 Clemente
1937 3056 1939 3059 ,

423 3070 517 3139 viam
546 3071 713 3141 universe
737 3071 852 3141 carnis
878 3073 1038 3163 ingresso
1064 3092 1105 3141 ac
1129 3071 1351 3141 sanctissimo
1377 3081 1477 3161 patre
1503 3080 1538 3142 et
1564 3071 1709 3142 domino
1737 3084 1860 3144 nostro

424 3165 568 3238 domino
592 3166 751 3239 Iohanne
783 3168 904 3239 divina
935 3168 1159 3262 providentia
1186 3188 1276 3261 papa
1299 3167 1409 3238 xxiv
1435 3168 1481 3238 ad
1509 3191 1687 3240 summum
1721 3169 1859 3262 apicem

423 3265 641 3358 apostolatus
664 3276 866 3358 assumpto,
889 3266 1138 3337 accedentibus
1156 3265 1202 3335 ad
1221 3265 1449 3358 apostolicam
1473 3267 1594 3337 sedem
1613 3266 1860 3360 infrascriptis

332 3450 335 3456 Ι
423 3362 485 3434 tali
503 3363 546 3433 N.
569 3374 605 3433 et
624 3363 684 3434 tali
707 3364 749 3435 N.
770 3361 1044 3458 (emprimootur
1059 3363 1206 3434 nomino
1227 3362 1469 3458 singulorum)
1488 3365 1726 3436 servientibus
1745 3364 1861 3436 iratri-

423 3462 491 3532 bus
515 3461 599 3532 dicti
620 3462 798 3554 quondam
829 3461 964 3532 ordinis
993 3464 1077 3554 qui,
1107 3471 1211 3554 prout
1230 3462 1386 3554 ipsorum
1408 3461 1562 3533 babebat
1580 3463 1749 3549 assertio,
1770 3474 1860 3533 tem·

424 3579 510 3653 pore
528 3558 752 3647 sublatiouis,
769 3580 833 3630 sen
852 3560 1073 3644 cassationis,
1092 3579 1133 3630 ac
1153 3561 1358 3630 citationum
1378 3559 1616 3653 predictarum
1638 3572 1674 3632 et
1691 3571 1775 3632 ante
1794 3582 1859 3655 per

424 3658 530 3748 longa
561 3666 718 3748 tempora
746 3677 787 3726 ao
815 3666 893 3750 post
918 3661 1086 3728 continue
1110 3658 1249 3728 inerant
1276 3659 1311 3727 in
1335 3660 1540 3750 captivitate
1559 3659 1706 3730 Soldani
1731 3679 1773 3729 ao
1796 3679 1861 3751 pro

423 3753 553 3825 Christi
572 3757 716 3824 nomine
738 3754 814 3824 dira
833 3775 874 3825 ac
892 3755 980 3825 dura
997 3755 1090 3849 passi
1112 3757 1254 3827 luerunt
1269 3755 1304 3826 in
1320 3755 1445 3826 eadem
1460 3756 1861 3850 captivitate,supplicia

425 3864 461 3924 et
478 3864 665 3938 tormenta,
680 3851 913 3945 expositoque
932 3875 996 3945 per
1014 3873 1076 3923 eos
1095 3853 1190 3946 quod
1209 3853 1364 3924 dedicta
1378 3856 1581 3946 captivitate
1597 3866 1698 3925 erant
1717 3854 1860 3924 noviter

426 3949 578 4039 liberati,
595 3949 761 4043 quodque
781 3971 886 4042 quam
906 3951 976 4022 cito
993 3952 1141 4023 comode
1160 3960 1352 4045 potuerunt
1367 3951 1414 4022 ad
1432 3950 1553 4022 sedem
1575 3946 1616 4048 [ἱ0
1636 3952 1682 4020 39
1702 3948 1736 4048 a]
1755 3972 1862 4045 apos-

425 4048 566 4120 tolioam
590 4058 784 4137 venerant,
807 4048 918 4141 ipsius
942 4070 1091 4121 examen
1114 4061 1150 4120 et
1172 4049 1339 4140 juditium
1361 4048 1542 4120 humiliter
1558 4049 1738 4139 subituri3
1763 4048 1858 4120 idem

424 4147 667 4217 sanctissimus
692 4155 792 4238 pater
817 4146 919 4216 nobis
948 4148 1007 4218 tali
1026 4147 1068 4217 N.
1087 4168 1129 4218 ac
1151 4146 1210 4217 tali
1229 4146 1271 4216 N.
1293 4146 1468 4239 episcopis
1493 4146 1732 4218 cardinalibus
1758 4166 1857 4218 com·

424 4243 519 4314 misit
538 4244 680 4315 oraculo
703 4244 787 4315 vive
806 4243 905 4315 vocis
925 4256 964 4315 ιιι
981 4266 1060 4316 cum
1081 4245 1215 4315 eisdem
1236 4243 1321 4314 dicti
1340 4244 1519 4337 quondam
1539 4244 1674 4316 ordinis
1693 4244 1860 4315 iratribus

423 4363 531 4434 super
548 4342 651 4436 dictis
670 4342 869 4429 heresibus,
891 4354 927 4412 et
944 4343 1227 4429 enormitatibus,
1245 4362 1286 4412 ac
1305 4342 1503 4429 erroribus,
1525 4362 1566 4412 ac
1581 4341 1759 4413 nonnullis
1779 4341 1861 4413 aliis

423 4451 527 4536 prout
539 4441 576 4509 in
587 4439 744 4510 articulis
755 4439 991 4533 infrascriptis
1002 4442 1068 4512 sub
1081 4441 1177 4511 hulla
1187 4440 1272 4510 dicti
1283 4437 1611 4511 dominiClementis
1625 4439 1857 4527 transmissis,

422 4559 573 4633 quorum
605 4548 704 4609 tenor
731 4537 820 4608 inira
852 4537 1087 4626 describitur,
1112 4538 1283 4631 premissa
1309 4537 1532 4630 tangentibus
1558 4536 1757 4630 dequibus
1781 4537 1860 4631 ipse

423 4636 603 4729 quondam
632 4635 720 4707 ordo
738 4634 873 4730 Templi
898 4646 934 4707 et
957 4636 1068 4730 ipsius
1093 4637 1236 4722 iratres,
1258 4645 1296 4705 nt
1318 4634 1451 4707 dictum
1470 4646 1541 4723 est,
1564 4635 1756 4706 extiterant
1774 4656 1860 4728 gra·

422 4735 516 4806 viter
541 4733 734 4820 diffamati,
763 4734 952 4827 diligenter
976 4754 1019 4804 ao
1044 4733 1248 4825 singillatim
1274 4744 1310 4804 et
1335 4745 1472 4805 secreto
1498 4733 1679 4825 inquirere
1711 4732 1860 4804 dabere-

424 4853 520 4919 mus3
543 4852 680 4924 nosque
706 4832 809 4921 juxta
840 4831 1126 4903 commissionem
1153 4831 1255 4901 nohis
1283 4831 1410 4902 iactam
1440 4830 1693 4925 procedentes,
1718 4839 1861 4923 recepto

422 4929 468 4999 ab
485 4929 618 5000 eisdem
640 4930 805 5000 iratribus
828 4939 864 5001 et
882 4950 1004 5001 eornm
1024 4928 1185 5022 quolibet
1208 4930 1409 5019 juramento
1436 4928 1532 5022 quod
1557 4928 1697 5022 plenam
1722 4937 1760 4998 et
1787 4947 1861 4998 me·

422 5046 498 5098 ram
517 5026 676 5098 dicerent
690 5027 875 5099 veritatem
895 5027 941 5099 de
959 5026 1027 5098 biis
1043 5046 1150 5120 super
1168 5026 1297 5118 quibus
1318 5027 1432 5098 lorent
1450 5027 1656 5119 interrogati
1676 5025 1722 5097 de
1739 5025 1856 5097 lorma
