4574 6404
829 655 955 720 curura
980 656 1077 708 nans,
1594 638 1665 709 aaa

240 821 291 903 eis
317 821 507 892 abstinere.
530 819 637 901 Item,
660 828 845 909 postquam
872 829 955 887 sunt
980 816 1109 907 recepti
1140 816 1183 885 ad
1214 815 1307 884 illam
1337 818 1538 885 societatem
1559 836 1664 908 quam

240 928 367 991 vocant
381 916 647 996 fraternitatem,
667 926 701 984 et
716 915 952 1007 promiserunt
969 914 1204 984 obedientiam
1221 914 1392 1005 superiori
1411 934 1476 983 suo
1492 924 1580 983 etse
1595 935 1666 983 ser-

239 1037 323 1088 uare
340 1015 577 1106 evangelicam
596 1022 853 1106 paupertatem,
873 1034 917 1081 ex
935 1023 1016 1081 tunc
1031 1010 1162 1080 debent
1177 1032 1319 1081 servare
1335 1011 1527 1080 castitatem
1545 1022 1580 1080 et
1595 1032 1665 1082 non

239 1114 370 1184 habere
389 1112 590 1207 proprium,
612 1122 666 1188 set
684 1110 816 1180 debent
835 1110 988 1180 uendere
1008 1109 1123 1179 omnia
1144 1130 1213 1201 que
1230 1107 1360 1177 babent
1380 1123 1415 1178 et
1434 1130 1566 1201 ponere
1584 1131 1664 1201 pre-

239 1212 330 1284 cium
350 1211 385 1281 in
405 1208 581 1281 communi
605 1218 640 1279 et
656 1207 778 1277 vivere
797 1208 842 1276 de
861 1206 1149 1297 elemosinisque
1170 1206 1298 1275 dantur
1316 1206 1366 1274 eis
1386 1226 1405 1274 a
1424 1207 1497 1275 suis
1515 1207 1664 1276 creden·

239 1309 333 1380 tibus
352 1319 387 1379 et
405 1306 705 1379 consentientibus
725 1306 760 1374 iu
781 1305 871 1375 facto
889 1306 1065 1397 ipsorum3
1082 1317 1116 1373 et
1136 1305 1193 1372 ille
1212 1304 1272 1395 qui
1294 1305 1403 1393 major
1422 1315 1476 1373 cst
1495 1305 1586 1373 inter
1605 1325 1668 1374 eos

240 1405 418 1478 distribuit
435 1417 471 1476 et
490 1406 669 1497 dispensat
694 1403 838 1472 cuilibet
863 1403 1056 1473 secundum
1079 1402 1320 1472 necessitatem
1342 1401 1432 1490 ejus.
1456 1402 1563 1486 ltem,
1586 1401 1666 1471 Val-

240 1504 367 1583 denses
381 1502 634 1574 continentiam
650 1501 796 1570 laudant
809 1501 1035 1570 credentibus
1049 1501 1141 1586 suis;
1156 1499 1354 1569 concedunt
1370 1510 1484 1569 tamen
1502 1510 1539 1566 ut
1552 1500 1667 1568 urenti

240 1601 378 1672 libidini
396 1598 559 1671 satisfieri
579 1599 706 1669 debeat
725 1619 948 1689 quocumque
968 1599 1072 1667 modo
1090 1598 1204 1690 turpi,
1225 1608 1442 1689 exponentes
1463 1596 1548 1664 illud
1568 1616 1666 1689 apos-

241 1698 303 1771 toli
322 1718 444 1769 eorum
463 1723 471 1766 ε
493 1695 620 1767 Melius
635 1701 684 1765 cst
699 1695 830 1766 audere
848 1718 956 1788 quom
972 1695 1051 1787 ari,
1071 1694 1227 1764 dicentes
1244 1694 1339 1785 quod
1360 1693 1485 1763 melius
1504 1694 1549 1763 sit
1567 1694 1669 1765 satis·

242 1904 357 1975 summ
378 1892 482 1964 valde
503 1903 622 1962 tenent
640 1891 835 1976 occultum,
858 1913 903 1961 ne
923 1892 1093 1960 vilescant
1117 1893 1209 1982 apud
1231 1889 1415 1960 credentes
1440 1889 1641 1960 suos.'ltem
1654 1943 1664 1977 ,

242 1991 405 2062 collectas
425 1991 556 2076 faciunt
576 2012 637 2083 per
656 1988 839 2059 credentes
863 2000 898 2058 et
916 1988 1047 2058 amicos
1067 2000 1101 2057 et
1120 2008 1160 2057 ea
1181 2010 1250 2081 que
1271 1988 1351 2056 data
1370 1997 1505 2056 suntet
1523 1987 1669 2058 collecta

244 2087 404 2159 deferunt
418 2088 462 2158 ad
481 2087 697 2180 superiorem
714 2108 832 2156 suum.
853 2086 959 2171 ltcm,
984 2086 1131 2177 singulis
1151 2087 1252 2155 annis
1274 2095 1393 2154 tenent
1409 2094 1472 2153 aut
1490 2085 1670 2154 celebrant

244 2207 351 2266 unum
369 2185 426 2256 vel
446 2186 517 2256 duo
538 2179 580 2281 [f0
602 2185 670 2254 t35
688 2180 721 2282 c]
743 2184 893 2277 capitula
913 2185 1090 2275 generalia
1112 2185 1146 2251 in
1167 2184 1284 2277 aliqua
1302 2181 1487 2274 sollempni
1508 2182 1591 2252 villa
1611 2204 1670 2252 oc·

244 2284 336 2355 culte
355 2294 523 2376 quantum
549 2293 714 2375 possunt,
735 2282 987 2353 convenientes
1008 2282 1042 2351 in
1063 2281 1180 2373 aliqua
1200 2284 1307 2352 domo
1324 2280 1495 2350 conducta
1523 2301 1584 2372 per
1605 2280 1669 2349 ali-

244 2402 348 2475 quem
367 2381 426 2452 uel
444 2380 580 2472 aliquos
600 2379 890 2451 decredentibus
911 2380 971 2449 diu
990 2391 1092 2465 ante,
1114 2381 1214 2470 quasi
1234 2380 1304 2449 sint
1325 2388 1560 2462 mercatores,
1580 2387 1615 2447 et
1634 2379 1670 2448 in

244 2477 311 2548 illis
334 2478 496 2571 capitulis
522 2479 631 2568 major
653 2478 809 2549 omnium
835 2477 974 2546 ordinat
993 2489 1028 2548 et
1047 2477 1201 2569 disponit
1220 2477 1265 2548 de
1293 2474 1494 2569 presbiteris
1522 2485 1558 2545 et
1584 2476 1670 2568 dya-

244 2576 415 2649 chonibus
443 2586 478 2646 et
504 2577 549 2646 de
575 2576 753 2646 mittendis
773 2575 817 2644 ad
844 2574 1005 2645 diversas
1027 2587 1142 2666 partes
1169 2586 1204 2645 et
1230 2575 1391 2666 regiones
1416 2573 1459 2643 ad
1487 2572 1671 2646 credentes

246 2685 279 2744 et
296 2674 429 2745 amicos
442 2695 526 2745 suos
542 2695 604 2766 pro
621 2672 901 2744 confessionibus
918 2672 1104 2742 audiendis
1120 2683 1155 2742 et
1171 2673 1372 2744 elemosinis
1387 2670 1593 2760 colligendis
1608 2725 1618 2758 ,
1635 2682 1671 2742 et
1788 2743 1795 2753 ,

245 2770 342 2842 audit
359 2781 394 2841 et
424 2771 546 2864 recipit
572 2772 741 2842 rationem
772 2771 817 2841 de
844 2770 999 2841 collectis
1023 2782 1058 2840 et
1078 2770 1122 2840 de
1141 2771 1306 2862 expensis
1336 2771 1448 2839 factis.
1471 2769 1577 2850 ltem,
1601 2791 1671 2840 non

245 2865 404 2943 laborant
423 2870 584 2939 manibus
603 2871 676 2939 suis
700 2879 882 2962 postquam
903 2879 986 2937 suut
1005 2869 1085 2938 lacti
1106 2869 1269 2961 perfecti,
1290 2890 1355 2938 nec
1379 2868 1509 2937 faciunt
1528 2866 1672 2959 aliquod

246 2986 332 3059 opus
352 2965 397 3036 ad
420 2966 626 3037 lucrandum
647 2966 713 3035 nisi
734 2965 879 3035 forsitan
899 2966 934 3035 in
960 2987 1041 3035 caso
1063 2966 1106 3035 ad
1128 2966 1441 3048 dissimulandum,
1463 2986 1507 3034 ne
1527 2984 1672 3055 cognos-

246 3077 387 3151 cantur,
408 3077 469 3134 ant
487 3064 809 3157 deprehendantur.
832 3064 938 3147 ltem,
961 3067 1193 3134 communiter
1215 3075 1343 3134 vocant
1360 3086 1399 3135 se
1420 3066 1542 3133 fratres
1563 3073 1598 3132 et
1616 3062 1670 3132 di·

246 3172 327 3242 eunt
342 3183 381 3232 se
399 3183 478 3233 esse
494 3160 668 3254 Pauperes
683 3160 807 3230 Christi
823 3182 885 3230 seu
905 3161 1081 3253 Pauperes
1098 3161 1143 3232 de
1156 3162 1340 3252 Lugduno.
1359 3162 1463 3249 Item,
1479 3159 1672 3252 aliquando

245 3279 283 3337 so
308 3261 473 3351 ingerunt
496 3259 659 3329 simulate
684 3258 978 3329 familiaritatibus
1005 3260 1247 3350 religiosorum
1275 3271 1310 3329 et
1336 3259 1542 3330 clericorum
1577 3269 1614 3328 ut
1634 3279 1674 3329 se
1783 3295 1785 3298 ·

246 3366 452 3447 contegant,
475 3367 510 3427 et
527 3357 721 3448 largiuntur
740 3359 791 3426 eis
816 3377 960 3426 munera
981 3357 1038 3426 vel
1056 3357 1166 3444 dona,
1186 3358 1241 3427 vel
1261 3358 1393 3427 faciunt
1416 3357 1585 3449 obsequia
1606 3377 1672 3426 seu

244 3455 393 3526 servicia
421 3466 459 3523 ut
484 3455 550 3524 sibi
578 3466 612 3524 et
639 3454 713 3525 suis
738 3453 927 3546 adquirant
948 3456 1221 3547 oportunitatem
1241 3455 1440 3525 liberiorem
1465 3452 1616 3538 latendi,
1640 3465 1675 3524 et

245 3551 411 3639 vivendi,
435 3563 471 3623 et
496 3552 644 3623 nocendi
672 3552 870 3622 animabus.
895 3552 1002 3636 Item,
1031 3553 1255 3645 frequentant
1274 3553 1439 3623 ecclesias
1459 3565 1493 3622 et
1513 3551 1673 3644 predica·
1741 3614 1745 3622 .

247 3648 357 3721 tiones
375 3660 410 3720 et
429 3649 464 3718 in
481 3650 644 3720 omnibus
658 3671 697 3719 se
714 3649 877 3739 religiose
895 3661 928 3719 et
946 3652 1138 3742 composite
1156 3651 1312 3720 exterius
1330 3661 1457 3742 gerunt
1474 3661 1509 3719 et
1526 3650 1672 3719 student

244 3744 377 3818 habere
394 3748 504 3818 verba
523 3751 624 3839 quasi
643 3747 740 3816 linita
760 3760 794 3817 ct
809 3759 923 3817 cauta.
942 3748 1048 3835 ltem,
1066 3749 1196 3818 faciunt
1217 3749 1342 3818 multas
1361 3749 1538 3819 orationes
1558 3747 1593 3814 in
1614 3746 1674 3818 dia

247 3854 281 3916 et
299 3843 424 3917 dicunt
438 3855 473 3915 et
488 3844 665 3915 instruunt
679 3845 863 3916 credentes
878 3867 960 3916 suos
976 3847 1070 3937 quod
1087 3846 1216 3915 faciant
1229 3846 1320 3916 sicut
1335 3846 1402 3940 ipsi
1417 3857 1452 3916 et
1470 3866 1548 3915 cum
1569 3845 1669 3936 ipsis,

247 3939 370 4014 Modus
388 3952 504 4013 autem
535 3943 661 4014 orandi
689 3942 844 4034 ipsorum
867 3943 944 4013 talis
964 3953 1038 4030 est,
1060 3943 1244 4027 videlicet,
1264 3946 1380 4036 quod,
1402 3942 1504 4013 flexis
1523 3941 1673 4033 genibus

248 4039 281 4110 in
309 4051 426 4124 terra,
453 4040 622 4111 inclinant
649 4052 683 4111 et
708 4039 899 4133 appodiant
924 4061 963 4110 se
992 4062 1098 4134 super
1120 4036 1160 4136 [ι’
1182 4040 1250 4109 t35
1271 4038 1307 4139 d]
1329 4042 1482 4132 aliquam
1501 4042 1672 4128 bancam,

248 4137 302 4209 vol
322 4159 430 4231 snper
449 4137 582 4229 aliquid
601 4137 697 4208 aliud
715 4137 898 4208 consimile
918 4138 963 4207 ad
986 4138 1051 4208 boc
1070 4151 1214 4231 aptum,
1232 4150 1267 4210 et
1285 4142 1357 4225 sic,
1378 4137 1479 4208 flexis
1499 4138 1672 4230 genibus,

249 4233 281 4305 iu
300 4246 394 4306 terra
413 4234 591 4322 inclinati,
612 4245 705 4305 stant
725 4235 772 4305 ibi
794 4256 916 4306 omnes
943 4248 1084 4307 orantes
1105 4237 1139 4305 in
1165 4236 1304 4307 silentio
1328 4237 1375 4305 ita
1395 4237 1455 4305 diu
1475 4237 1569 4328 quod
1591 4256 1673 4328 pos-

248 4334 316 4414 sint
337 4331 455 4403 dicere
472 4330 588 4403 xxm
608 4333 664 4403 vel
691 4333 763 4403 XL·
791 4333 929 4403 vicibus
956 4335 1148 4405 orationem
1169 4332 1286 4404 Pater
1303 4339 1441 4417 noster,
1463 4344 1499 4403 et
1524 4332 1674 4426 amplius

248 4428 482 4522 aliquociens3
504 4441 540 4501 et
557 4429 623 4500 boc
641 4432 772 4500 faciunt
789 4430 918 4502 cotidie
935 4431 1141 4522 regulariter
1161 4433 1303 4522 quando
1321 4442 1404 4502 sunt
1422 4453 1501 4501 cum
1521 4430 1670 4501 creden·

250 4526 341 4599 tibus
360 4528 435 4598 suis
455 4538 490 4599 et
509 4528 810 4598 consentientibus
830 4527 865 4597 in
887 4528 977 4599 facto
1002 4531 1157 4621 ipsorum
1177 4529 1254 4600 sine
1270 4530 1347 4599 aliis
1367 4528 1566 4614 extraneis,
1592 4537 1674 4597 ante

249 4625 432 4717 prandium
453 4636 488 4695 et
506 4623 603 4717 post,
621 4636 658 4697 et
676 4637 757 4695 ante
771 4646 893 4696 cenam
914 4637 949 4696 et
969 4637 1067 4719 post,
1086 4638 1121 4696 et
1141 4626 1185 4695 de
1206 4639 1306 4697 nocte
1322 4627 1464 4719 quando
1479 4625 1603 4697 volunt
1621 4627 1674 4696 ire

249 4720 292 4792 ad
309 4722 438 4795 lectum
462 4735 649 4815 antequam
671 4734 801 4815 ponant
827 4744 865 4792 se
889 4723 933 4792 ad
949 4724 1159 4814 jacendum;
1181 4724 1263 4794 item
1283 4723 1328 4794 de
1349 4746 1468 4807 mane,
1488 4735 1672 4817 postquam

249 4831 478 4899 surrexerunt
500 4820 545 4890 de
564 4820 677 4907 lecto;
698 4821 803 4906 item,
827 4821 862 4890 in
881 4820 1058 4912 aliquibus
1078 4821 1155 4890 aliis
1182 4822 1319 4892 vicibus
1338 4844 1401 4915 per
1426 4821 1520 4892 diem
1540 4833 1609 4890 tam
1628 4820 1673 4891 de

249 4937 350 4989 mane
368 4938 473 5010 quam
495 4917 541 4988 de
560 4917 718 4988 meridie.
740 4918 846 5006 Item,
869 4917 999 4987 nullam
1022 4919 1125 4988 aliam
1150 4920 1345 4991 orationem
1364 4919 1487 4990 dicunt
1506 4928 1589 4990 tuno
1608 4939 1673 4990 nec

249 5011 374 5102 docent
390 5036 455 5087 nec
474 5015 605 5086 habent
619 5015 686 5087 nisi
705 5019 898 5088 orationem
914 5015 1032 5087 Pater
1050 5023 1182 5105 noster,
1200 5038 1264 5088 nec
1282 5017 1416 5111 aliquid
1437 5026 1606 5110 reputant
1617 5035 1672 5087 sa·

1479 5138 1516 5204 32
