4612 6404
1043 672 1148 725 eninm
1173 671 1270 724 rans
1823 655 1865 725 il

439 854 518 905 nem
538 832 664 901 iactam
689 831 722 900 in
740 831 871 922 juditio
896 832 941 902 de
961 832 1128 924 predictis
1147 832 1312 902 omnibus
1337 831 1493 923 legitime
1517 833 1618 903 nobis
1642 841 1799 919 constat,
1824 855 1872 904 ex

439 945 522 1002 tunc
541 928 634 1000 sicut
653 949 716 1020 per
736 929 998 1021 inquisitionem
1015 940 1051 1000 et
1070 951 1132 1022 per
1151 940 1257 1001 testes
1274 930 1309 998 in
1329 929 1557 1022 inquisitione
1573 929 1727 1020 legitime
1745 951 1868 1023 recep·

438 1043 491 1102 tos
512 1025 730 1112 invenimus,
745 1026 860 1096 dictus
879 1028 957 1098 talis
973 1028 1007 1096 in
1024 1027 1218 1118 abjuratam
1236 1027 1388 1098 heresim
1400 1027 1598 1108 relabendo
1613 1027 1703 1098 vidit
1714 1038 1751 1097 et
1767 1027 1871 1098 scivit

439 1128 540 1198 talem
563 1122 755 1193 hereticum
772 1125 806 1194 in
826 1126 933 1196 domo
950 1146 1027 1213 sua,
1045 1136 1078 1194 et
1096 1124 1208 1194 voluit
1225 1134 1261 1195 et
1277 1125 1382 1217 peciit
1400 1125 1506 1217 recipi
1523 1125 1752 1217 pereundam
1769 1124 1868 1196 here

437 1225 543 1295 ticum
565 1223 598 1291 in
625 1221 850 1313 dampnatum
877 1233 1007 1293 sectam
1030 1221 1283 1308 hereticorum,
1307 1223 1442 1314 fuitque
1462 1234 1623 1314 receptus
1648 1245 1711 1315 per
1730 1223 1870 1316 imposi-

439 1323 567 1393 tionem
592 1340 758 1388 munnum
779 1321 862 1390 dicti
886 1321 1052 1405 heretici,
1075 1331 1109 1390 et
1133 1320 1345 1391 hereticatus
1364 1321 1558 1391 secundum
1578 1321 1765 1412 pessimam
1785 1342 1870 1390 cun·

437 1418 662 1490 suetudinem
676 1417 880 1488 eorumdem
895 1419 930 1487 in
946 1418 1067 1488 ultima
1087 1439 1149 1488 sua
1168 1418 1379 1510 egritudine,
1399 1429 1433 1488 et
1448 1418 1720 1510 dampnabiliter
1735 1418 1869 1488 obiitin

437 1517 583 1603 eadem,
613 1515 766 1607 lecitque
793 1515 946 1607 legatum
968 1515 1123 1587 heretico
1145 1517 1347 1607 supradicto
1375 1515 1431 1586 vel
1454 1515 1638 1596 hereticis,
1661 1528 1697 1586 et
1716 1515 1869 1609 quedam

437 1615 504 1685 alia
524 1613 700 1684 commisit
728 1614 762 1681 in
784 1614 874 1685 lacto
898 1613 1034 1683 heresis
1054 1613 1136 1683 dum
1163 1613 1280 1683 adhuc
1304 1609 1345 1709 [h
1365 1611 1409 1684 12
1428 1610 1462 1710 a]
1485 1625 1605 1705 ageret
1624 1615 1659 1683 iu
1685 1613 1868 1698 humanis,

437 1713 481 1783 de
500 1711 628 1804 quihus
647 1733 716 1780 non
733 1723 870 1781 constat
890 1710 992 1782 nobis
1009 1711 1121 1803 ipsum
1145 1711 1253 1781 luisse
1273 1711 1498 1782 emendatum
1521 1733 1584 1782 uec
1602 1710 1752 1782 finaliter
1767 1713 1868 1804 peni·

437 1820 593 1892 tentem;
626 1808 707 1878 ideo
727 1809 935 1879 anctoritate
950 1809 1140 1902 apostolica
1160 1829 1230 1900 qua
1251 1809 1442 1899 fungimur,
1463 1811 1529 1880 suh
1547 1811 1647 1902 penis
1667 1810 1867 1894 canonicis,

437 1908 539 1978 vobis
559 1906 716 1977 districte
739 1907 965 1999 precipiendo
988 1902 1216 1991 mandamus,
1241 1907 1407 1998 quatinus
1427 1909 1559 1994 citetis,
1582 1920 1666 1996 etc.,
1692 1918 1867 2000 utsupra.

484 2003 541 2074 De
557 2003 697 2095 relapso
712 2003 955 2075 tantummodo
974 2003 1116 2076 dicutur
1133 2003 1183 2074 sic
1204 2029 1215 2072 .·

484 2100 568 2172 Cum
590 2102 668 2172 talis
686 2102 732 2173 de
753 2104 811 2173 tali
836 2103 914 2175 loco
934 2102 1017 2173 olim
1042 2104 1223 2172 confessus
1242 2102 1348 2172 luerit
1366 2103 1401 2172 in
1424 2102 1553 2193 juditio
1572 2126 1611 2175 se
1636 2104 1672 2173 in
1691 2104 1783 2175 facto
1806 2103 1869 2175 he-

437 2199 523 2270 resis
551 2200 770 2271 commisisse
799 2201 956 2271 videndo
984 2210 1019 2270 et
1045 2199 1223 2271 visitando
1251 2198 1426 2271 hereticos
1457 2211 1492 2270 et
1526 2203 1561 2270 in
1590 2201 1695 2273 domo
1729 2203 1870 2295 propria

438 2297 663 2391 receptando,
684 2298 1014 2391 predicationesque
1037 2317 1158 2367 eorum
1175 2308 1210 2366 et
1228 2298 1423 2368 doctrinam
1441 2319 1624 2370 erroneam
1642 2299 1820 2370 audiendo
1836 2310 1871 2370 et

439 2398 543 2466 modo
561 2395 743 2466 hereticali
764 2397 859 2488 ipsos
874 2395 1071 2482 adorando,
1090 2396 1135 2465 de
1154 2415 1246 2487 pane
1261 2415 1384 2466 eornm
1400 2395 1588 2468 benedicto
1606 2419 1668 2468 seu
1687 2396 1871 2468 maledicto

439 2493 558 2587 pocius
577 2493 820 2574 comedendo,
843 2495 877 2563 in
904 2492 974 2562 lide
993 2514 1057 2564 seu
1079 2494 1195 2587 potins
1221 2492 1366 2586 perfidia
1387 2495 1592 2566 eorumdem
1617 2495 1814 2589 credendo,
1833 2505 1869 2565 et

437 2591 586 2683 quedam
609 2591 675 2662 alia
706 2591 741 2660 in
769 2592 863 2662 dioto
882 2591 1030 2661 crimine
1048 2591 1320 2674 committendo,
1353 2614 1488 2663 necnon
1511 2604 1589 2687 post
1610 2594 1866 2664 consessionem

436 2709 534 2758 snam
563 2691 686 2760 iactam
713 2690 747 2759 in
764 2689 894 2780 juditio
916 2689 961 2758 de
986 2688 1151 2779 predictis
1177 2687 1328 2758 heresim
1359 2692 1391 2758 in
1408 2691 1539 2782 J'uditio
1558 2690 1756 2782 abjuravit,
1777 2691 1868 2762 sicut

438 2808 499 2878 per
517 2789 676 2879 ejusdem
698 2788 776 2859 talis
802 2787 1058 2857 contessionem
1083 2786 1127 2856 de
1148 2787 1314 2879 predictis
1339 2788 1494 2879 legitime
1516 2789 1618 2859 nobis
1637 2800 1774 2860 constat
1797 2790 1870 2880 (vel

437 2884 486 2955 st'c
505 2910 517 2953 .·
543 2886 635 2957 sicut
662 2886 697 2954 in
721 2885 807 2955 actis
831 2884 980 2977 publicis
1011 2884 1212 2970 invenitur,
1241 2884 1368 2956 celsio
1395 2910 1404 2957 ε
1430 2887 1520 2956 sicut
1545 2909 1606 2979 per
1631 2898 1706 2956 acta
1728 2887 1865 2978 publica

438 2981 675 3074 inquisitionis
695 2983 851 3074 legitime
872 2981 975 3054 nohis
994 2986 1164 3073 constat),
1188 3003 1233 3051 ex
1253 2994 1348 3066 tunc,
1363 2984 1454 3053 siout
1475 3006 1535 3075 per
1555 2984 1817 3076 inquisitionem
1833 2996 1869 3056 et

439 3101 498 3172 per
519 3092 626 3152 testes
654 3081 699 3173 in·
716 3081 948 3173 inquisitione
974 3079 1132 3170 legitime
1162 3092 1320 3172 receptos
1343 3081 1564 3175 invenimus,
1585 3081 1700 3152 dictus
1727 3082 1805 3152 talis
1832 3083 1868 3152 in

436 3178 631 3268 abjuratam
659 3178 812 3249 heresim
835 3177 1027 3248 relabendo
1046 3176 1138 3247 vidit
1157 3188 1192 3247 et
1217 3179 1322 3248 scivit
1346 3201 1387 3249 ac
1411 3179 1569 3249 visitavit
1592 3178 1786 3250 hereticum
1811 3181 1867 3252 vel

441 3274 627 3364 hereticos,
645 3277 738 3347 dona
758 3297 820 3347 seu
842 3296 987 3345 munera
1005 3274 1056 3345 eis
1075 3275 1182 3359 misit,
1203 3276 1373 3367 obsequia
1387 3288 1422 3347 et
1440 3276 1594 3347 favorem
1612 3278 1664 3348 eis
1681 3278 1865 3370 impendit,

435 3372 540 3443 vitam
562 3384 597 3443 et
616 3385 745 3444 sectam
766 3373 971 3444 eorumdem
990 3372 1069 3443 aliis
1084 3373 1362 3458 commendavit,
1381 3388 1414 3445 et
1431 3374 1584 3467 quedam
1604 3375 1671 3444 alia
1692 3376 1869 3446 commisit

438 3470 474 3538 in
494 3470 591 3541 dictu
610 3473 758 3542 crimine
779 3471 931 3558 heresis,
952 3470 1036 3541 dum
1056 3471 1173 3541 adhuc
1192 3483 1311 3562 ageret
1331 3472 1366 3540 in
1385 3472 1567 3559 humanis,
1586 3471 1777 3564 dequibus
1797 3494 1868 3542 uon

437 3579 578 3638 cunstat
597 3569 699 3640 uobis
716 3571 829 3663 ipsum
849 3569 958 3639 luisse
974 3569 1198 3640 emendatum
1218 3590 1282 3639 uec
1297 3568 1447 3640 finaliter
1462 3571 1674 3663 penitentem
1693 3566 1734 3666 [β’
1750 3568 1794 3641 lh
1811 3566 1863 3667 h];

438 3664 517 3737 ideo
535 3667 743 3738 auctoritate
760 3667 972 3761 apostolica,
994 3677 1079 3755 stc,
1101 3678 1140 3736 ut
1158 3687 1278 3761 supra.

436 3917 494 3982 24.
518 3919 652 3983 Forma
665 3920 824 3984 secunde
842 3919 1032 3984 citationis
1047 3920 1194 4000 quando
1210 3919 1338 3984 nullus
1363 3921 1609 4000 comparuerit
1628 3920 1748 4001 prima
1766 3921 1864 3995 vice,

702 4028 734 4090 si
753 4027 967 4110 inquisitori
983 4027 1105 4091 visum
1120 4026 1231 4091 luerit
1244 4027 1404 4108 amplius
1418 4025 1596 4093 iacienda.

483 4269 601 4341 Frater
618 4271 695 4341 Ber.
717 4269 901 4358 (luidonis,
922 4271 1124 4364 inquisitor,
1146 4282 1230 4358 etc,
1245 4269 1373 4343 dilecto
1389 4271 1457 4341 sihi
1474 4272 1508 4341 in
1525 4269 1662 4340 Christo
1680 4270 1864 4364 capellano

434 4386 497 4438 seu
516 4369 642 4439 rectori
664 4367 741 4438 talis
755 4369 903 4438 ecclesie
921 4369 979 4438 vel
998 4368 1074 4459 ejus
1094 4370 1208 4439 locum
1223 4369 1356 4438 tenenti
1375 4369 1539 4453 salutem,
1561 4379 1628 4438 etc.
1643 4367 1782 4438 -Cum
1804 4391 1866 4463 per

436 4465 698 4558 inquisitionem
723 4487 793 4559 que
818 4465 1031 4555 generaliter
1056 4468 1144 4535 lacta
1168 4475 1221 4536 est
1239 4476 1274 4535 et
1296 4464 1335 4534 lit
1357 4487 1419 4558 per
1439 4486 1502 4536 nos
1522 4475 1641 4535 contra
1661 4487 1784 4537 omnes
1803 4466 1865 4537 he-

436 4565 574 4647 reticos,
596 4563 794 4651 credentes,
816 4564 985 4649 lautores,
1006 4573 1257 4655 receptatores,
1280 4574 1314 4633 et
1332 4562 1535 4634 defensores
1555 4583 1691 4650 sorum,
1711 4573 1746 4633 et
1760 4584 1865 4654 gene-

435 4660 554 4731 raliter
572 4672 693 4732 contra
714 4682 837 4732 omnes
856 4660 1002 4731 inlectos
1023 4661 1103 4730 labe
1123 4659 1279 4731 heretice
1297 4660 1494 4753 pravitatis,
1516 4661 1594 4730 talis
1613 4660 1655 4730 N.
1678 4661 1865 4732 deiunctus

434 4758 637 4828 inveniatur
665 4759 773 4829 multa
798 4759 833 4828 in
860 4758 1007 4828 crimine
1034 4756 1169 4828 heresis
1195 4759 1433 4840 commisisse,
1456 4779 1521 4829 neo
1546 4758 1591 4828 de
1617 4759 1668 4829 eis
1697 4767 1865 4851 appareat

433 4855 661 4942 emendatus,
680 4856 764 4927 dum
784 4856 943 4940 viveret,
964 4855 1073 4926 setin
1093 4853 1164 4926 fine
1182 4878 1248 4927 suo
1267 4856 1403 4927 dicatur
1423 4856 1457 4924 in
1478 4867 1609 4927 sectam
1629 4857 1863 4936 hereticorum

432 4953 659 5045 dampnatum
679 4963 840 5046 receptus
865 4962 900 5023 et
926 4952 1139 5023 hereticatus
1171 4974 1233 5046 per
1261 4953 1435 5024 hereticos
1465 4953 1735 5048 dampnabiliter
1761 4955 1865 5025 dece·

431 5050 543 5139 sisse,
564 5061 600 5123 et
623 5071 689 5123 vos
708 5072 755 5122 ex
774 5060 872 5145 parte
892 5060 1010 5121 nostra
1036 5049 1146 5122 semel
1171 5051 1367 5124 citaveritis
1393 5051 1653 5145 perhemptoria
1681 5052 1811 5125 liberos
1828 5061 1866 5121 et
