4574 6404
801 654 953 708 sneunna
979 655 1077 707 rans.
1609 639 1655 708 65

222 954 280 1017 40.
306 954 442 1020 Formo
463 957 649 1022 scribendi
666 959 788 1022 littere
810 961 1074 1025 testimonialis
1098 961 1141 1023 de
1167 960 1262 1025 actis
1281 961 1443 1040 publicis
1464 962 1590 1041 quein
1609 961 1655 1024 li-

262 1063 338 1125 bris
354 1064 608 1145 inquisitionis
619 1068 878 1150 eontinentur3
896 1068 991 1148 quod
1004 1084 1087 1131 raro
1099 1075 1136 1130 et
1150 1082 1223 1130 non
1239 1067 1320 1130 sine
1337 1082 1476 1144 magna
1490 1075 1527 1131 et
1543 1069 1655 1132 ratio-

262 1170 378 1233 nabili
395 1186 508 1234 nausa
521 1170 596 1235 ilat.

269 1440 323 1509 Ad
353 1441 599 1512 certitudinem
632 1445 846 1534 presentium
876 1455 910 1514 et
939 1443 1140 1513 memoriam
1173 1443 1368 1512 lntnrornm
1407 1440 1584 1535 fidemque
1618 1445 1653 1513 in

220 1537 355 1627 juditiis
374 1558 525 1630 quorum
544 1539 690 1611 interest
707 1541 948 1625 astruendam,
967 1552 1089 1610 tenore
1104 1540 1321 1632 presentium
1342 1551 1461 1609 uotum
1481 1537 1540 1610 liat
1558 1541 1655 1632 quod

224 1656 287 1706 uos
314 1634 435 1706 Frater
457 1636 672 1722 Bernardus,
693 1638 898 1732 inquisitor,
920 1650 1011 1722 ete,
1034 1637 1189 1707 vidimus
1215 1649 1251 1707 et
1278 1637 1427 1727 legimus
1451 1638 1487 1706 in
1509 1638 1598 1710 libro
1618 1640 1655 1708 iu

224 1754 291 1824 quo
320 1745 397 1802 acta
425 1735 563 1827 publiea
590 1735 835 1828 inquisitorum
866 1736 1153 1828 predecessorum
1182 1745 1380 1806 nostrorum
1408 1736 1443 1804 in
1464 1733 1581 1805 cilicio
1601 1737 1653 1805 in·

223 1829 421 1922 quisiticnis
451 1834 649 1927 conscripta
679 1845 781 1921 sunt,
811 1854 851 1903 ea
882 1855 953 1924 que
980 1847 1177 1924 sequuntur
1204 1834 1295 1902 inter
1320 1845 1437 1903 cetera
1463 1833 1651 1904 contineri.

224 1926 283 2022 (Iu
308 1927 373 1998 isio
398 1928 470 2000 loco
499 1929 768 2001 conscribuntur
794 1930 838 2000 de
864 1932 969 2000 uerbo
995 1931 1045 2000 ud
1070 1930 1211 2000 umbem
1234 1930 1296 1999 illo
1322 1952 1388 2024 que
1413 1930 1497 2000 iude
1518 1930 1657 2023 fuerint

223 2025 473 2121 contrahenda.)
508 2028 545 2097 ln
579 2049 728 2120 quorum
761 2029 991 2099 assertionem
1030 2038 1065 2099 et
1099 2028 1336 2098 testimonium
1371 2028 1556 2115 veritatis,
1591 2051 1656 2101 nos

224 2124 380 2217 prelatus
414 2126 601 2217 inquisitor
634 2126 786 2217 sigillum
826 2137 983 2197 nostrum
1019 2125 1240 2218 presentibus
1273 2126 1440 2197 duximus
1473 2148 1655 2218 apponen-

225 2221 329 2310 dum;
354 2234 390 2293 et
417 2243 458 2292 ea
486 2224 736 2294 nichilominus
764 2225 809 2294 de
836 2223 995 2316 predicto
1020 2224 1110 2295 libro
1136 2236 1172 2294 et
1199 2223 1285 2293 actis
1304 2223 1442 2294 extrahi
1472 2225 1656 2308 mandavi·

225 2340 298 2389 mus
319 2331 355 2390 et
379 2321 552 2392 conscribi
579 2343 641 2414 per
668 2342 810 2391 manum
839 2322 917 2392 talis
935 2321 977 2390 N.
1009 2321 1134 2392 notarii
1155 2320 1279 2392 nostri.
1307 2321 1431 2391 Actum
1452 2322 1601 2394 Tholose
1619 2322 1655 2392 in

225 2416 328 2488 domo
345 2417 605 2511 inquisitionis,
625 2430 693 2490 etc.

268 2514 311 2584 Et
335 2537 401 2606 ego
430 2516 509 2586 talis
527 2516 570 2585 N.
594 2517 750 2587 notarius
771 2517 816 2588 de
842 2517 1008 2589 mandato
1032 2528 1067 2588 et
1082 2520 1184 2609 jussu
1205 2516 1328 2610 prelati
1353 2517 1486 2588 domini
1507 2518 1656 2611 inquisi-

227 2613 308 2682 toris
335 2613 492 2705 predicta
519 2636 624 2684 mann
652 2614 793 2707 propria
819 2616 942 2708 scripsi
963 2628 999 2686 et
1025 2616 1070 2685 de
1089 2616 1199 2686 verbo
1218 2613 1262 2683 ad
1283 2616 1431 2684 verbum
1452 2617 1589 2686 extraxi
1611 2616 1655 2687 de

228 2704 265 2804 [p
285 2707 331 2778 ai
351 2707 386 2807 b]
419 2711 507 2781 libro
535 2712 694 2805 predicto
716 2712 749 2781 in
775 2734 847 2804 quo
876 2724 950 2782 acta
980 2713 1117 2807 publica
1145 2712 1267 2782 eadem
1296 2722 1331 2781 et
1356 2713 1550 2784 consimilia
1570 2734 1656 2785 con-

225 2808 444 2895 scribuntur,
472 2821 507 2879 et
526 2809 583 2880 hic
611 2810 645 2879 in
677 2809 853 2902 publicam
885 2812 1030 2880 lormam
1057 2810 1177 2902 redegi
1203 2820 1239 2879 et
1264 2808 1365 2899 signo
1391 2832 1469 2881 meo
1488 2812 1591 2883 solito
1609 2811 1657 2882 si·

225 2906 326 2995 gnavi
348 2918 501 2997 rogatus.

598 3161 659 3225 41.
685 3162 779 3227 Item
795 3163 905 3226 aliter
920 3165 963 3226 de
982 3163 1108 3226 eodem
1121 3163 1160 3226 in
1176 3178 1275 3226 cusu.

269 3404 404 3476 Tenore
432 3406 648 3496 presentium
679 3417 800 3478 notum
830 3405 891 3477 fiat
918 3406 1014 3498 quod
1042 3426 1105 3476 nos
1136 3405 1323 3497 inquisitor
1353 3405 1432 3476 talis
1455 3403 1589 3499 Nn),
1609 3405 1656 3475 ad

145 3560 148 3571 .
228 3502 487 3594 requisitionem
509 3504 630 3573 talium
651 3514 687 3574 et
706 3504 827 3574 talium
852 3503 1054 3575 officialium
1082 3503 1214 3574 domini
1236 3503 1345 3573 nostri
1369 3503 1463 3594 regis
1483 3502 1651 3591 Francia,

226 3621 286 3694 pro
303 3600 447 3671 scienda
476 3602 616 3693 publice
636 3602 809 3689 veritate,
831 3601 1051 3695 quesivimus
1071 3610 1106 3672 et
1133 3602 1333 3672 invenimus
1353 3600 1388 3670 in
1416 3600 1505 3671 libro
1534 3600 1653 3692 inqui-

226 3698 359 3770 sitionis
385 3697 534 3769 Tholose
558 3701 593 3769 in
618 3721 689 3792 quo
718 3711 794 3770 acta
821 3699 1018 3792 penitentie
1046 3711 1081 3770 et
1105 3699 1279 3770 sententie
1307 3698 1551 3789 inquisitorum
1572 3718 1653 3790 pre·

226 3796 447 3867 decessorum
470 3808 667 3868 nostrorum
688 3798 886 3891 conscripta
906 3808 990 3867 sunt
1008 3809 1043 3868 et
1061 3796 1254 3883 hahentur,
1273 3805 1310 3865 et
1324 3797 1369 3865 ad
1390 3795 1654 3888 requisitionem

226 3894 428 3966 eorumdem
449 3894 533 3966 inde
561 3895 699 3966 extrahi
729 3895 876 3965 fecimus
904 3905 939 3965 et
963 3895 1136 3966 conscribi
1165 3915 1228 3986 per
1247 3914 1389 3963 manum
1419 3893 1497 3964 talis
1524 3893 1565 3961 N.
1591 3911 1654 3962 no-

226 3992 299 4062 tarii
322 3992 431 4062 nostri
452 3993 497 4063 de
516 3994 627 4063 verbo
647 3992 690 4062 ad
711 3993 857 4063 verbum
879 4013 920 4063 ea
936 4015 1005 4083 que
1020 4002 1231 4084 sequuntur,
1244 4002 1346 4085 prout
1360 3990 1489 4060 ibidem
1505 3989 1654 4080 legimus

225 4104 256 4160 et
288 4090 442 4160 vidimus
472 4091 657 4161 contineri.
690 4090 727 4158 ln
755 4091 897 4160 nornine
925 4090 1058 4178 Patris,
1090 4102 1125 4159 et
1152 4088 1250 4177 Filii,
1281 4099 1316 4158 et
1343 4088 1493 4180 Spiritus
1512 4087 1651 4171 Sancti,

224 4190 358 4280 Amen,
386 4200 471 4275 ete,
492 4185 546 4282 (in
565 4188 626 4258 isto
654 4186 724 4258 loco
749 4189 958 4260 scribuntur
984 4186 1210 4278 anteproliter
1231 4207 1297 4279 que
1324 4185 1406 4255 iude
1426 4185 1566 4279 suerint
1588 4206 1654 4255 eac·

223 4284 432 4378 trahendo.)
458 4285 494 4354 ln
524 4307 673 4378 quornm
702 4286 940 4357 testimonium
969 4305 1004 4355 et
1033 4285 1137 4355 iidem
1162 4284 1207 4354 ad
1233 4282 1497 4375 requisitionem
1517 4283 1654 4376 predic·

226 4395 338 4455 torum
368 4404 432 4454 nos
463 4384 618 4476 prelatus
647 4383 834 4475 inquisitor
862 4383 1016 4475 sigillum
1046 4394 1203 4453 nostrum
1234 4381 1401 4451 duximus
1430 4380 1653 4473 presentibus

223 4482 484 4575 apponendum.

221 4734 282 4799 42.
306 4735 447 4800 Littera
477 4735 738 4801 testimonialis
768 4736 811 4799 de
838 4750 931 4812 usu,
958 4749 1069 4799 cursu
1095 4741 1132 4798 et
1153 4734 1238 4798 stilo
1263 4731 1371 4798 officii
1399 4732 1654 4813 inquisitionis

258 5028 294 5100 (l)
312 5030 347 5084 Ν.
363 5029 436 5086 dens
451 5030 477 5085 le
492 5046 545 5086 ms.
565 5030 626 5087 388.
