4574 6404
423 678 493 748 266
711 690 873 744 susurrus
900 691 1139 757 mqursrrroms
1165 690 1328 745 uanurrcu
1353 692 1566 745 rmvrrrrrs

424 853 554 923 tionem
573 850 619 920 dc
638 848 763 919 tuturis
783 849 973 936 incertam;
995 870 1169 942 suumque
1180 849 1347 940 juditium
1369 848 1414 918 de
1432 849 1598 941 predictis
1617 849 1798 921 redactum
1817 851 1856 920 in

422 949 562 1042 scriptis
587 947 712 1038 sigillis
736 946 888 1039 propriis
913 966 994 1016 cum
1027 947 1259 1018 instrumento
1287 946 1427 1040 publico
1454 947 1703 1037 muniverunt3
1733 959 1769 1018 et.
1793 951 1858 1042 qui

423 1047 513 1117 vidit
532 1056 567 1116 at
588 1045 734 1139 perlegit
753 1064 794 1113 ac
814 1044 939 1130 tenuit,
960 1043 1017 1115 hic
1037 1047 1274 1115 testimonium
1297 1043 1457 1137 perbibet
1479 1045 1631 1114 veritati.

472 1142 738 1213 Advertendum
760 1153 876 1210 tamen
896 1151 950 1211 est
971 1152 1006 1212 et
1030 1142 1221 1212 notandum
1246 1142 1340 1234 quod
1367 1142 1458 1211 inter
1482 1143 1659 1235 predictos
1676 1143 1858 1236 Bequinoa

423 1244 653 1311 inveniuntur
673 1250 709 1309 et
728 1250 810 1308 sunl
828 1239 936 1330 aliqui
949 1243 1018 1332 wqui
1037 1241 1081 1310 de
1102 1239 1345 1333 infrascriptis
1365 1240 1542 1310 erroribus
1561 1242 1679 1332 plures
1696 1253 1757 1311 aut
1775 1263 1857 1313 om-

425 1362 487 1409 nes
501 1338 629 1426 sciunt,
648 1346 768 1407 tenent
782 1346 817 1406 et
835 1337 984 1407 credunt
998 1338 1088 1408 sicut
1104 1339 1214 1429 magis
1231 1337 1353 1407 imbuti
1372 1337 1513 1407 luerunt
1529 1340 1565 1406 iu
1585 1341 1636 1408 eis
1653 1339 1857 1432 etamplius

424 1436 577 1506 indurati
593 1459 602 1523 3
624 1434 682 1504 alii
709 1455 791 1504 vero
810 1445 894 1505 sunt
913 1435 973 1526 qui
994 1435 1172 1528 pautiores
1192 1435 1307 1506 sciunt
1326 1435 1444 1505 dicere
1462 1457 1508 1505 ex
1529 1435 1661 1506 eisdem
1682 1447 1718 1506 et
1736 1446 1856 1508 tamen

422 1534 636 1626 quandoque
662 1533 798 1625 pejores
828 1533 1057 1602 inveniuntur
1085 1533 1120 1602 in
1151 1532 1356 1603 adherentia
1387 1543 1422 1602 et
1445 1532 1625 1603 credentia
1654 1535 1859 1605 errancium

424 1632 572 1702 aliorum
590 1654 600 1717 ;
621 1630 729 1722 aliqui
750 1650 836 1700 vero
854 1642 938 1700 sunt
956 1631 1017 1722 qui
1039 1630 1223 1723 pauciores
1243 1630 1451 1716 audierunt,
1473 1640 1534 1700 aut
1555 1632 1798 1720 retinuerunt,
1820 1643 1862 1704 et

422 1729 652 1822 acquiescunt
679 1728 805 1798 rationi
834 1727 989 1818 legitime
1016 1738 1051 1798 at
1079 1728 1226 1800 consilio
1247 1727 1401 1815 saniori,
1422 1728 1565 1820 quidam
1587 1749 1673 1800 vcro
1691 1740 1776 1800 sunt
1793 1733 1859 1823 qni

425 1827 601 1897 obstinate
633 1826 823 1919 persistunt
851 1836 888 1895 et
906 1824 1042 1896 resilire
1069 1826 1205 1912 nolunt,
1235 1825 1318 1918 quin
1350 1826 1472 1919 pocius
1492 1826 1578 1896 mori
1610 1826 1861 1919 preelegerent

425 1945 529 2017 quam
548 1945 609 1995 eos
628 1923 805 2014 abjurare,
826 1923 983 1993 dicentes
1002 1944 1040 1994 sa
1060 1924 1095 1992 in
1115 1923 1183 1994 hoc
1202 1924 1392 1994 defendere
1410 1923 1647 2014 evangelicam
1669 1926 1860 1997 veritatem

426 2034 461 2092 et
485 2023 591 2092 vitam
621 2020 746 2090 Christi
776 2031 811 2090 et
839 2020 1078 2111 evangelicam
1105 2032 1140 2091 et
1166 2021 1393 2115 apostolicam
1422 2032 1684 2114 paupertatem3
1710 2023 1859 2116 quidam

424 2131 542 2189 autem
563 2140 608 2190 ex
629 2119 680 2189 eis
698 2119 929 2187 inveniuntur
948 2129 982 2187 et
1000 2133 1082 2188 sunt
1098 2119 1159 2212 qui
1178 2120 1212 2186 in
1233 2119 1411 2189 erroribus
1429 2140 1492 2189 seu
1511 2119 1740 2212 opinionibus
1758 2142 1862 2194 erro·

425 2217 503 2287 ueis
522 2217 692 2309 implicari
713 2216 901 2286 uoluerunt
920 2227 955 2286 et
973 2217 1018 2286 ab
1037 2217 1089 2287 eis
1108 2238 1147 2286 se
1165 2217 1381 2288 custodiunt.

636 2526 670 2592 3.
695 2526 870 2607 sequitur
884 2527 928 2591 de
943 2526 1050 2591 modo
1067 2533 1104 2590 et
1118 2525 1194 2590 ritu
1212 2526 1455 2591 eonversandl
1469 2526 1644 2607 ipsorum.

472 2799 618 2892 Requini
639 2799 758 2891 itaque
778 2797 928 2892 predicti
948 2796 1147 2869 habitantes
1164 2798 1198 2867 in
1219 2797 1314 2867 villis
1333 2808 1368 2868 et
1387 2799 1511 2868 castris
1526 2798 1658 2869 habant
1674 2795 1716 2895 [p
1736 2800 1806 2872 lld
1820 2796 1857 2898 b]

423 2897 686 2969 mansiunculas
706 2897 740 2965 in
762 2896 890 2988 quibus
909 2895 1019 2987 aliqui
1050 2896 1154 2965 simul
1178 2895 1383 2966 cohabitant
1402 2906 1437 2966 et
1455 2916 1516 2966 eas
1534 2897 1713 2990 appellant
1732 2898 1860 2970 domos

424 2995 641 3090 paupertatis
662 2994 721 3064 tali
743 3014 809 3065 suo
829 2992 1003 3065 vocabulo
1024 2996 1165 3076 usitato,
1188 2994 1223 3062 in
1244 2994 1374 3086 quibus
1393 2994 1556 3065 domibus
1576 3005 1645 3064 tam
1668 2995 1733 3087 ipsi
1752 2995 1858 3067 coba·

423 3095 576 3164 bitantes
594 3113 699 3184 quam
729 3092 835 3162 etiam
860 3089 919 3160 alii
947 3090 1007 3181 qui
1036 3091 1200 3183 privatim
1226 3092 1260 3160 in
1287 3092 1450 3162 domibus
1469 3093 1542 3162 suis
1562 3105 1728 3181 manent,
1750 3113 1857 3187 quam

424 3191 528 3261 etiam
554 3189 743 3260 familiares
762 3198 797 3260 et
819 3187 922 3258 amici
941 3186 1201 3280 Bequinorum,
1226 3190 1262 3258 in
1286 3189 1412 3260 diebus
1435 3189 1532 3260 lestis
1557 3200 1592 3259 et
1612 3189 1647 3258 in
1670 3190 1859 3261 dominicis

423 3289 543 3381 sepius
562 3287 780 3358 conveniunt
799 3287 833 3356 in
856 3305 979 3370 unum,
1001 3296 1037 3355 et
1056 3285 1104 3355 ibi
1123 3286 1244 3375 legunt
1262 3299 1323 3356 aut
1342 3286 1411 3378 legi
1432 3287 1581 3358 audiunt
1600 3287 1635 3356 in
1655 3288 1794 3380 vulgari
1813 3289 1860 3359 de

426 3385 591 3480 predictis
613 3383 740 3454 libellis
767 3396 828 3453 aut
853 3382 1033 3476 opusculis
1056 3404 1101 3453 ex
1128 3384 1256 3476 quibus
1283 3395 1438 3475 suggunt
1461 3405 1664 3472 venenum,
1694 3386 1859 3478 quamvis

424 3484 529 3555 etiam
547 3483 698 3576 quadam
724 3481 791 3550 alia
820 3481 982 3572 legantur
1004 3479 1134 3550 ibidem
1162 3480 1208 3551 de
1227 3483 1401 3575 preceptis
1423 3493 1459 3553 et
1479 3482 1524 3554 de
1542 3482 1698 3554 articulis
1717 3482 1801 3554 fidei
1824 3494 1860 3554 et

426 3582 471 3652 de
502 3580 660 3671 legendis
690 3589 909 3662 sanctorum,
941 3588 976 3646 et
1003 3576 1048 3647 de
1074 3575 1222 3648 Summo
1248 3579 1291 3649 de
1319 3580 1419 3652 or'cir's
1446 3587 1481 3651 et
1509 3580 1712 3669 vinalibus,
1740 3592 1779 3652 ut
1809 3581 1861 3653 sic

425 3679 544 3750 schola
557 3677 699 3772 dyaboli
717 3675 912 3769 subspecie
936 3674 1018 3746 boui
1040 3674 1204 3746 videatur
1222 3676 1376 3747 scholam
1397 3677 1537 3766 Christi,
1560 3700 1656 3749 more
1674 3680 1802 3774 symie,
1823 3679 1861 3749 iu

427 3777 546 3868 aliquo
565 3774 714 3866 imitari,
735 3795 814 3843 cum
836 3785 999 3866 precepta
1022 3772 1084 3842 Dei
1110 3782 1144 3842 et
1166 3774 1302 3843 articuli
1321 3773 1404 3846 fidei
1424 3775 1460 3844 in
1483 3789 1603 3846 sancta
1622 3776 1775 3847 Ecclesia
1797 3799 1861 3872 per

429 3887 581 3944 rectores
606 3882 642 3956 et
661 3881 818 3964 pastores
838 3870 993 3941 Ecclesie
1012 3881 1047 3941 et
1066 3870 1228 3942 doctores
1247 3892 1288 3942 ao
1308 3873 1543 3966 predicatores
1565 3874 1665 3944 verbi
1684 3874 1765 3961 Dei,
1787 3895 1859 3946 non

430 3992 490 4063 per
521 3970 638 4063 laycos
658 3968 857 4061 simplices,
889 3968 1027 4062 publice
1044 3977 1079 4038 et
1100 3969 1222 4038 nonin
1245 3970 1439 4059 clamculo,
1462 3972 1631 4066 predicari
1653 3972 1807 4043 debeant
1826 3983 1862 4044 et

425 4067 571 4161 exponi.
600 4066 796 4137 Notandum
826 4087 968 4158 quoque
994 4067 1165 4158 estquod
1189 4067 1362 4138 intereos
1388 4080 1471 4138 sunt
1497 4068 1606 4161 aliqui
1629 4071 1689 4161 qui
1719 4070 1861 4163 publice

430 4166 631 4234 mendicant
651 4163 852 4248 hostiatim,
874 4164 977 4255 quia,
1001 4174 1038 4234 ut
1056 4164 1198 4246 dicunt,
1219 4177 1396 4236 noverunt
1415 4168 1654 4258 evangelicam
1674 4180 1862 4261 pauperta-

430 4278 511 4333 tem.
534 4261 621 4331 Sunt
645 4272 680 4332 et
705 4261 766 4331 alii
789 4262 850 4354 qui
879 4283 948 4331 non
978 4261 1179 4332 mendicant
1197 4262 1358 4355 publice,
1380 4274 1434 4334 set
1452 4265 1569 4358 aliqua
1597 4265 1669 4335 suis
1694 4265 1861 4337 manibus

428 4371 618 4453 operantur
638 4370 672 4428 et
692 4359 890 4447 lucrantur,
913 4369 948 4430 et
968 4379 1156 4452 pauperem
1178 4360 1284 4430 vitam
1305 4360 1450 4431 ducunt.
1472 4363 1560 4432 Sunt
1578 4375 1694 4432 autem
1712 4363 1861 4454 quidam

427 4480 474 4529 ex
494 4457 545 4526 eis
566 4457 748 4549 utriusque
766 4479 875 4528 sexus
895 4457 1127 4550 simpliciores
1144 4460 1206 4550 qui
1227 4457 1392 4529 articulos
1412 4481 1473 4530 seu
1495 4481 1632 4531 errores
1651 4460 1739 4530 intra
1753 4461 1863 4556 scrip

430 4569 482 4625 tos
510 4553 675 4646 explicite
706 4555 888 4649 nesciunt,
917 4566 971 4626 set
1000 4555 1184 4647 ignorant3
1214 4567 1481 4649 verumptamen
1513 4557 1670 4629 nonnulli
1698 4579 1741 4628 ex
1773 4559 1862 4652 ipsis

426 4651 661 4725 communiter
679 4652 827 4723 credunt
847 4653 1012 4746 explicite
1030 4653 1125 4747 quod
1152 4653 1217 4724 luit
1243 4654 1399 4725 indebita
1419 4664 1454 4725 et
1473 4655 1601 4747 injusta
1620 4655 1862 4749 condempna-

431 4755 478 4823 tio
505 4749 762 4842 Bequinorurn,
793 4772 863 4844 que
888 4752 952 4820 luit
976 4752 1063 4822 lacta
1092 4752 1127 4821 in
1156 4753 1315 4846 pluribus
1344 4753 1429 4824 locis
1453 4758 1489 4822 in
1517 4754 1697 4847 provincia
1720 4752 1860 4826 Narbo·

430 4847 551 4933 nonai,
588 4847 754 4921 videlicet
786 4849 948 4921 Narbone
980 4860 1015 4920 et
1049 4849 1085 4919 in
1121 4847 1386 4944 Capitestagno,
1422 4861 1458 4921 et
1491 4850 1656 4937 Biterris,
1692 4861 1727 4921 at
1763 4853 1860 4946 apud

430 4945 473 5047 [p
492 4943 560 5016 lh3
578 4944 612 5040 o)
632 4946 832 5036 Lodovam,
860 4958 895 5018 et
917 4948 952 5016 in
972 4948 1115 5043 dyocesi
1135 4948 1351 5040 Agatbensi,
1379 4960 1414 5019 et
1441 4949 1535 5042 apud
1557 4949 1739 5020 Luuellum
1765 4949 1859 5044 dyo·

429 5047 520 5120 cesis
539 5044 809 5138 Magaloncnsis,
832 5056 867 5116 et
885 5045 921 5115 in
939 5045 1106 5135 Massilia,
1128 5056 1163 5117 et
1180 5047 1215 5116 in
1234 5046 1450 5135 Cathalonia,
1473 5067 1536 5141 per
1553 5046 1719 5138 juditium
1741 5047 1861 5141 prela-

1007 5676 1352 6008 st
