4574 6404
891 610 997 713 rurus
1022 658 1121 713 unus.
1678 644 1721 712 19

290 819 472 892 audientia
498 832 533 891 et
558 821 593 890 in
622 818 763 914 publico
791 839 954 890 sermone
979 817 1224 910 inquisitorum
1253 818 1367 902 lacto,
1390 826 1427 886 ut
1452 816 1559 888 moris
1582 827 1656 902 cst,
1685 818 1721 889 in

287 918 444 990 ecclesia
466 917 525 988 tali
545 918 712 1003 Tholose,
734 916 792 987 tali
813 916 871 986 dic
891 928 925 987 et
945 916 1003 986 tali
1023 936 1132 1001 anno,
1156 915 1297 985 luerunt
1315 935 1377 1007 per
1395 936 1458 986 nos
1479 925 1643 1007 tanquam
1662 915 1723 987 he-

287 1014 390 1087 retici
413 1016 588 1088 manifesti
610 1037 672 1108 per
692 1012 917 1084 diffinitivam
938 1014 1146 1085 sententiam
1167 1011 1436 1104 condempnati,
1458 1023 1562 1106 prout
1581 1013 1615 1081 in
1637 1014 1723 1086 actis

287 1111 440 1207 publicis
459 1113 550 1185 etin
571 1114 681 1185 lorma
702 1112 860 1203 ejusdem
880 1111 1054 1182 sententie
1076 1110 1212 1202 plenius
1231 1112 1442 1180 continetur.
1465 1108 1664 1195 Quocirca,
1685 1123 1722 1181 ut

288 1231 412 1283 eorum
432 1209 578 1305 perfidia
598 1212 725 1281 ceteris
745 1209 942 1303 publicetur
966 1221 1001 1279 et
1027 1207 1201 1300 publicata
1221 1207 1358 1277 cautius
1380 1228 1401 1277 a
1420 1205 1584 1278 fidelibus
1605 1209 1718 1278 evite-

287 1318 361 1395 tur,
389 1330 434 1379 ue
458 1328 521 1380 sua
542 1307 752 1398 contagione
773 1308 936 1398 pestilera
957 1303 1114 1375 inficiant
1133 1326 1219 1376 oves
1238 1325 1366 1387 sanas,
1387 1306 1594 1376 anctoritate
1618 1327 1720 1398 apos·

287 1404 390 1477 tolica
409 1427 479 1498 qua
499 1406 678 1498 iungimur
698 1405 800 1474 vobis
822 1404 1029 1474 mandamus
1049 1403 1214 1494 quatinus
1235 1403 1409 1495 predictos
1429 1402 1515 1472 tales
1536 1403 1569 1470 in
1592 1403 1718 1474 vestris

286 1504 445 1574 ecclesiis
473 1503 615 1596 publice
642 1502 865 1572 denuncietis
893 1522 971 1571 esse
1001 1500 1324 1570 excommunicatos
1354 1511 1391 1570 et
1420 1499 1593 1570 hereticos
1619 1512 1718 1571 noto-

286 1601 358 1671 rios
382 1612 418 1672 et
446 1602 677 1694 dampnatos,
699 1599 825 1669 diebus
852 1598 1041 1670 dominicis
1061 1610 1095 1667 et
1115 1597 1270 1682 festivis,
1303 1596 1497 1667 indicentes
1522 1609 1557 1666 ct
1582 1597 1719 1667 denun-

286 1699 420 1770 ciantes
447 1720 493 1769 ex
520 1710 618 1791 parte
636 1707 756 1768 nostra
781 1696 945 1766 omnibus
972 1694 1211 1788 parrochianis
1231 1696 1358 1765 vestris
1379 1705 1416 1764 nt
1437 1694 1531 1786 ipsos
1554 1706 1718 1787 tanquam

288 1793 467 1867 hereticos
488 1796 662 1887 fugientes
695 1790 736 1890 [l0
764 1792 802 1861 ll
835 1789 869 1890 a]
902 1794 1057 1886 evitent,
1078 1813 1143 1862 nec
1169 1793 1219 1862 eis
1246 1802 1306 1862 aut
1332 1814 1410 1862 curn
1438 1793 1489 1863 eis
1513 1792 1720 1884 participent

287 1914 432 1986 quoquo
454 1894 579 1979 modo;
602 1890 797 1985 quinimmo
817 1893 844 1961 si
862 1891 988 1960 alicubi
1006 1912 1066 1962 eos
1084 1911 1161 1959 esse
1180 1889 1348 1960 sciverint
1368 1890 1424 1959 vel
1444 1890 1641 1977 audierint,
1662 1912 1721 1962 no·

287 1989 342 2060 bis
367 1991 587 2062 denuncient
611 2002 645 2060 et
674 1990 853 2074 revelent,
876 1999 912 2058 ot
939 1990 1024 2058 dent
1050 2009 1151 2079 opem
1179 1997 1213 2057 et
1240 2008 1381 2080 operam
1412 1997 1449 2055 ut
1474 1986 1657 2079 capiantur
1685 1999 1720 2058 et

287 2088 482 2159 reddantur
503 2087 770 2179 inquisitoribus
788 2100 951 2179 tanquam
968 2085 1113 2156 heretici
1135 2085 1302 2178 puniendi
1320 2085 1514 2155 secundum
1533 2087 1719 2156 canonicas

287 2185 501 2258 sanctiones.
523 2186 566 2255 Et
586 2186 620 2254 in
642 2186 780 2276 'signum
802 2205 843 2254 ac
870 2184 1106 2254 testimouium
1133 2184 1227 2273 quod
1255 2194 1435 2274 presentes
1462 2183 1593 2253 litteras
1622 2205 1718 2254 rece·

287 2283 408 2374 peritis
429 2283 587 2375 sigillum
608 2293 766 2353 vestrum
792 2281 826 2349 iu
852 2281 984 2351 eisdem
1005 2281 1210 2374 apponatis,
1233 2291 1488 2372 transumptum
1514 2282 1717 2352 earumdem

287 2400 396 2471 penes
417 2402 504 2465 vos,
526 2381 556 2450 si
575 2380 772 2462 volueritis,
794 2379 999 2449 retinentes.
1026 2378 1150 2447 Datum
1168 2377 1317 2448 Tholose
1337 2389 1371 2448 et
1392 2378 1507 2469 sigillo
1527 2389 1647 2449 nostro
1671 2380 1717 2449 si·

286 2478 470 2568 gillatum,
493 2499 588 2550 anno
609 2489 644 2549 et
662 2478 720 2548 die
742 2477 814 2549 tali.
836 2476 984 2547 Reddite
1011 2476 1143 2545 litteras
1168 2475 1350 2566 sigillatas.

287 2730 346 2796 22.
371 2732 505 2797 Forma
521 2733 663 2815 citandi
678 2732 813 2795 liberos
829 2739 866 2794 et
885 2731 1039 2793 heredes
1060 2747 1104 2793 ac
1126 2730 1304 2793 bonorum
1328 2731 1537 2795 detentores
1561 2732 1718 2812 alicujus

327 2839 490 2903 defuncti
504 2839 544 2902 in
561 2839 683 2902 heresi
701 2846 832 2903 contra
847 2853 957 2917 quem
979 2837 1122 2915 dejure
1144 2835 1256 2900 fuerit
1278 2837 1324 2900 ad
1348 2838 1572 2903 sententiam
1594 2856 1718 2919 prooe-

327 2945 498 3009 dandum.

335 3160 454 3231 Frater
472 3161 552 3232 Ber.
573 3162 757 3248 Gnidonis‚
776 3161 853 3232 ord.
871 3161 1023 3244 Predic.,
1042 3161 1240 3252 inquisitor,
1259 3173 1343 3249 eto,
1360 3163 1541 3256 capellano
1558 3164 1629 3247 tali,
1647 3176 1715 3237 etc.

286 3257 429 3329 -Cum
446 3281 508 3351 per
522 3260 784 3353 inquisitionem
805 3281 874 3350 que
887 3281 947 3352 per
960 3281 1023 3330 nos
1043 3260 1129 3327 lacta
1141 3270 1194 3329 est
1214 3271 1246 3329 et
1261 3259 1300 3329 fit
1311 3271 1430 3331 contra
1444 3260 1628 3347 hereticos,
1642 3284 1717 3332 cre·

287 3354 423 3442 demea,
438 3369 686 3449 receptatores,
701 3368 736 3428 et
746 3359 914 3443 lautores,
929 3376 970 3427 ae
988 3358 1191 3427 defensores
1202 3378 1338 3442 eornm,
1357 3368 1390 3428 et
1407 3359 1617 3448 generaliter
1631 3381 1715 3429 cou-

288 3464 340 3523 tra
359 3474 482 3525 omues
504 3455 649 3526 inlectos
670 3455 749 3525 labe
775 3454 930 3525 heretice
953 3454 1158 3547 pravitatis,
1188 3454 1357 3525 ucetiam
1385 3476 1446 3546 per
1471 3466 1577 3526 testes
1605 3456 1639 3525 in
1665 3457 1717 3526 iu·

287 3550 477 3642 quisitioue
496 3551 651 3643 legitime
671 3563 849 3644 receptos,
872 3552 1112 3622 invenerimus
1129 3549 1203 3645 (ccl
1217 3551 1268 3622 sic
1284 3576 1296 3619 .·
1313 3574 1390 3622 cum
1414 3552 1448 3620 in
1468 3554 1553 3622 actis
1569 3554 1718 3645 publicis

288 3647 525 3740 inquisitionis
562 3645 855 3746 invener[imus],
877 3651 971 3740 quod
996 3649 1073 3719 talis
1109 3650 1295 3720 deiunctus
1323 3649 1572 3741 parrochianus
1601 3662 1718 3722 vester

287 3744 369 3817 olim
391 3746 474 3815 dum
501 3748 644 3817 vivebat
664 3746 795 3840 pluries
816 3746 907 3816 vidit
925 3759 960 3816 et
980 3747 1138 3817 visitavit
1158 3746 1332 3818 hereticos
1351 3757 1386 3816 et
1406 3768 1466 3816 eos
1491 3748 1525 3816 in
1546 3769 1611 3818 suo
1631 3748 1715 3819 hos-

287 3842 373 3935 pitio
393 3845 599 3936 receptavit,
625 3845 734 3914 verba
753 3854 788 3913 et
807 3844 1082 3935 predicationem
1104 3855 1140 3913 et
1157 3845 1353 3915 doctrinam
1368 3864 1559 3928 ,erroneam
1576 3865 1717 3915 eornm-

288 3939 367 4009 dem
388 3953 509 4012 contra
522 3941 626 4012 fidem
638 3941 794 4012 Romane
804 3941 958 4011 Ecclesia
979 3941 1109 4033 pluries
1129 3942 1266 4010 audivit
1283 3953 1318 4012 et
1336 3963 1397 4012 eos
1414 3942 1519 4012 modo
1537 3941 1716 4013 hereticali

288 4036 420 4131 pluries
439 4039 601 4109 adoravit
623 4034 663 4134 [l0
681 4038 719 4108 ll
743 4035 795 4135 b],
813 4050 848 4109 et
866 4040 911 4109 ad
931 4059 1086 4109 amorem
1106 4050 1141 4108 et
1158 4039 1372 4109 credentiam
1391 4039 1595 4110 eorumdem
1617 4039 1717 4111 here·

288 4134 434 4206 ticorum
466 4137 583 4228 plures
615 4156 783 4229 personas
811 4136 972 4221 induxit,
1003 4136 1284 4207 commendando
1313 4137 1422 4206 vitam
1456 4150 1490 4206 et
1520 4148 1651 4207 sectam
1683 4148 1718 4208 et

286 4228 392 4303 fidem
421 4232 680 4326 hereticorum,
701 4245 736 4304 et
762 4232 1073 4304 hereticationibus
1092 4233 1323 4326 quarumdam
1346 4253 1577 4326 personarum
1608 4234 1717 4305 inter·

288 4329 372 4417 luit,
396 4331 442 4401 de
461 4352 551 4424 pane
578 4331 764 4402 benedicto
789 4330 1022 4402 hereticorum
1052 4330 1184 4423 pluries
1204 4331 1370 4416 comedit,
1393 4343 1530 4424 pactum
1550 4353 1612 4401 seu
1639 4353 1718 4424 pro·

288 4427 492 4500 missionem
513 4429 609 4520 quod
627 4430 661 4498 in
682 4426 752 4498 hue
771 4448 835 4498 suo
855 4428 1069 4520 reciperetur
1085 4428 1128 4497 ad
1147 4440 1275 4499 sectam
1299 4428 1454 4521 ipsorum
1470 4429 1603 4499 eisdem
1620 4429 1714 4515 fecit,

288 4535 325 4596 et
342 4525 494 4616 quedam
514 4526 581 4597 alia
606 4526 640 4594 in
667 4525 813 4596 crimine
836 4524 1024 4618 dampnate
1051 4525 1184 4595 heresis
1209 4527 1401 4613 commisit,
1430 4548 1565 4596 necnon
1592 4529 1627 4594 in
1653 4547 1717 4596 sua

288 4622 410 4691 ultima
428 4622 629 4714 egritudine
654 4645 717 4694 seu
743 4623 777 4690 iu
803 4621 873 4691 fine
897 4644 961 4693 suo
986 4633 1148 4714 receptus
1174 4623 1239 4692 fuit
1263 4645 1325 4715 per
1344 4625 1448 4694 talem
1468 4623 1660 4694 hereticum
1681 4624 1717 4694 in

287 4718 513 4812 dampnatam
540 4731 669 4791 sectam
697 4720 930 4790 hereticorum
956 4730 991 4788 et
1016 4720 1175 4789 ordinem
1202 4719 1396 4791 secuudum
1419 4722 1604 4814 pessimam
1630 4742 1715 4791 cou-

286 4818 512 4887 suetudinem
545 4817 770 4903 eornmdem,
800 4827 835 4886 et
864 4816 1134 4908 dampnabiliter
1161 4817 1249 4887 obiit
1279 4817 1313 4886 iu
1342 4820 1488 4908 eadem;
1519 4818 1719 4911 dequibus

287 4934 358 4984 uon
379 4925 516 4986 constat
534 4916 636 4986 nobis
657 4916 770 5010 ipsum
791 4913 898 4984 luisse
915 4915 1138 4985 emendatum
1161 4936 1225 4985 nec
1243 4914 1394 4986 finaliter
1414 4917 1628 5009 penitentem
1648 4913 1721 5010 (vel

287 5009 339 5083 sic
357 5009 496 5083 menius
514 5037 526 5082 :
545 5013 640 5105 quod
661 5012 739 5083 talis
759 5011 944 5083 defunctus
965 5010 1215 5106 parrochianus
1234 5012 1316 5085 olim
1339 5024 1457 5085 vester
1476 5013 1559 5085 dum
1580 5014 1719 5084 viveret
