4574 6404
429 630 473 697 78
716 644 878 697 Pltacalca
905 644 1145 711 lNQtltstTtottls
1173 642 1334 695 HERE'l'lCE
1360 643 1570 695 PltnvtraltS.

427 819 466 876 ut
485 818 539 876 est
564 806 718 890 dictum,
740 805 932 875 sententias
957 806 1102 875 ferimus
1126 808 1163 874 in
1189 804 1257 874 hiis
1282 805 1442 897 scriptis,
1465 826 1534 875 non
1555 805 1718 875 obstante
1739 805 1768 874 si
1789 805 1859 875 Ma-

427 904 538 997 gistro
556 917 590 973 et
610 903 776 973 iratribus
796 903 906 994 ipsius
925 902 1060 972 ordinis
1080 903 1270 995 Hospitalis
1292 924 1311 972 a
1332 903 1418 973 sede
1437 903 1628 994 apostolica
1648 903 1861 994 generaliter

427 1003 484 1072 vel
505 1002 703 1094 specialiter
721 1004 767 1070 sit
787 999 986 1085 indultum,
1010 1001 1069 1071 vel
1090 1024 1151 1093 per
1171 999 1305 1071 litteras
1332 999 1543 1092 apostolicas
1562 1021 1625 1072 seu
1646 1000 1740 1070 sedis
1763 1020 1861 1093 apos·

428 1098 531 1170 tolice
551 1099 758 1168 auctoritate
777 1098 840 1167 'vel
863 1098 971 1191 alias,
993 1098 1176 1184 interdici,
1197 1098 1365 1191 suspendi
1393 1097 1450 1169 vel
1473 1098 1770 1169 excommunicari
1789 1119 1859 1169 non

427 1197 584 1291 possint,
607 1196 673 1266 nisi
694 1196 739 1266 de
762 1196 917 1288 ipsorum
935 1196 1138 1289 ,privilegiis
1164 1195 1219 1266 vel
1245 1196 1479 1286 indulgenciis
1500 1196 1602 1289 plena
1628 1207 1663 1264 et
1686 1217 1859 1288 expressa

428 1296 463 1363 in
484 1294 790 1364 commissionibus
810 1293 905 1364 sedis
926 1294 1035 1386 ipsius
1055 1295 1187 1364 mentio
1207 1293 1417 1380 baberetur;
1440 1294 1605 1365 volumus
1625 1305 1742 1363 autem
1765 1294 1862 1383 quod

428 1392 477 1460 illi
507 1391 567 1484 qni
599 1391 790 1484 predictam
819 1404 974 1462 nostram
1002 1390 1378 1462 excommunicationis
1405 1392 1615 1462 sententiam
1649 1391 1862 1461 incurrerint

427 1510 571 1582 quoquo
594 1489 700 1560 modo
719 1489 856 1559 absolvi
880 1489 1125 1581 nonpossint,
1149 1509 1214 1559 nec
1232 1488 1324 1557 dicta
1350 1489 1526 1560 interdicti
1552 1490 1747 1573 sententia,
1768 1499 1864 1582 post·

427 1608 531 1680 quam
553 1588 715 1657 ellectum
734 1609 836 1656 snum
861 1587 1045 1672 habuerit,
1072 1586 1191 1657 valeat
1208 1586 1360 1656 relaxari
1380 1608 1442 1657 seu
1463 1588 1568 1657 etiam
1593 1586 1771 1673 amoveri,
1794 1586 1861 1657 nisi

427 1688 526 1776 prins
549 1684 715 1778 predictis
741 1685 799 1754 tali
824 1685 865 1752 N.
892 1697 926 1756 et
950 1686 991 1753 N.
1023 1697 1089 1753 tam
1117 1685 1161 1754 de
1187 1685 1382 1776 quantitate
1407 1684 1580 1755 dictorum
1604 1684 1861 1755 Turonensium

426 1784 563 1874 argenti
591 1794 673 1851 tunc
697 1784 765 1853 sibi
788 1783 906 1853 debita
928 1782 1319 1873 juxta-ordinationem
1334 1782 1556 1873 predictam,
1580 1795 1615 1853 et
1640 1793 1709 1851 tam
1735 1783 1780 1852 de
1798 1803 1862 1852 ex·

427 1881 546 1972 pensis
571 1902 675 1973 quam
700 1882 869 1951 interesse
889 1902 976 1972 quas
1003 1902 1065 1951 seu
1092 1901 1181 1972 quos
1210 1891 1352 1973 propter
1377 1877 1445 1952 hoc
1464 1881 1556 1951 idem
1579 1880 1657 1950 talis
1684 1880 1725 1948 N.
1751 1890 1786 1949 et
1812 1891 1860 1951 ta·

427 1976 470 2048 lis
497 1978 538 2047 N.
570 1979 834 2064 sustinuerunt,
864 1980 968 2049 luerit
996 1977 1152 2070 plenarie
1180 1978 1417 2066 satisfactum,
1450 1978 1613 2050 invocato
1640 1978 1799 2063 adhoc,
1830 1978 1860 2047 si

427 2096 517 2169 opus
537 2075 661 2163 luerit,
687 2077 821 2147 auxilio
847 2076 982 2147 brachii
1006 2076 1196 2159 secularis,
1218 2074 1387 2166 quociens
1412 2098 1501 2168 opus
1525 2077 1604 2147 erit.
1625 2077 1753 2146 Verum
1775 2077 1860 2166 quia

427 2173 587 2264 plurimis
617 2175 771 2264 negociis
798 2175 953 2244 Romane
978 2173 1132 2244 Ecclesie
1155 2172 1315 2265 occupati
1343 2172 1387 2242 ad
1415 2174 1526 2245 dictas
1551 2187 1666 2267 partes
1693 2169 1734 2271 [N
1756 2170 1800 2243 ta
1820 2168 1857 2270 b]

428 2292 497 2342 non
524 2292 709 2363 possumus
735 2273 965 2365 personaliter
985 2292 1049 2342 nos
1071 2272 1280 2354 transferre,
1302 2292 1366 2363 pro
1393 2272 1551 2353 ulteriori
1572 2274 1782 2343 executione
1801 2295 1860 2342 su·

428 2390 490 2461 per
509 2369 579 2438 hiis
600 2369 759 2440 iacienda
779 2370 879 2440 vobis
900 2381 935 2440 et
953 2369 1098 2440 cuilibet
1111 2379 1272 2439 ¹vestrum
1296 2368 1330 2436 in
1351 2370 1503 2441 solidum
1525 2371 1560 2440 in
1584 2371 1716 2441 virtute
1739 2380 1861 2440 sancte

428 2466 636 2538 obediencie
664 2480 698 2537 et
724 2467 790 2537 sub
822 2489 910 2560 pena
938 2466 1312 2537 excommunicationis
1340 2489 1445 2559 qnam
1475 2470 1511 2539 in
1544 2490 1608 2541 vos
1635 2482 1671 2540 et
1702 2479 1859 2540 vestrum

429 2565 641 2657 quemlibet,
663 2565 693 2635 si
719 2587 782 2659 per
807 2586 872 2636 sex
892 2565 968 2636 dies
987 2576 1171 2659 postquam
1203 2585 1309 2656 super
1334 2567 1400 2637 hoc
1430 2568 1565 2638 lueritis
1591 2566 1771 2659 requisiti,
1793 2567 1860 2636 sub

428 2662 653 2732 distinctione
679 2663 815 2733 dicrum
844 2675 879 2734 et
908 2663 1120 2750 monitione,
1150 2662 1316 2755 predictis
1347 2667 1474 2736 nostris
1506 2666 1542 2733 in
1575 2665 1639 2734 hac
1668 2675 1767 2757 parte
1794 2686 1859 2734 ne-

429 2758 610 2851 glexeritis
634 2761 780 2832 obedire
807 2762 1004 2848 mandatis,
1034 2761 1178 2831 ierimus
1206 2759 1240 2828 in
1270 2759 1338 2832 hiis
1365 2764 1525 2856 scriptis,
1560 2763 1717 2833 districte
1749 2763 1859 2854 preci-

428 2858 558 2950 piendo
579 2859 786 2929 mandamus
810 2860 975 2951 quatinus
994 2880 1059 2930 vos
1079 2871 1114 2929 et
1138 2870 1294 2929 vestrum
1315 2861 1465 2953 quilibet
1484 2860 1545 2953 qui
1569 2881 1677 2954 snper
1694 2860 1763 2931 hoc
1783 2861 1859 2930 lue·

429 2955 499 3024 rint
533 2956 691 3047 requisiti
725 2957 827 3027 dictis
858 2957 964 3050 priori
1000 2957 1197 3049 ceterisque
1231 2958 1396 3028 omnibus
1426 2971 1461 3029 et
1490 2958 1640 3050 singulis
1671 2957 1858 3029 domorum

430 3053 726 3145 preceptoriarnm
758 3067 792 3123 et
823 3056 995 3126 bonorum
1025 3054 1214 3147 Hospitalis
1238 3056 1354 3125 Sancti
1387 3057 1556 3126 lobannis
1586 3055 1858 3127 lerosolimitani

431 3150 605 3241 prioratus
625 3151 771 3243 predicti
796 3154 1082 3246 preceptoribus,
1104 3152 1333 3245 custodibus,
1357 3166 1393 3223 ct
1411 3153 1778 3234 administratoribus,
1798 3166 1861 3223 aut

430 3245 479 3316 illi
506 3268 569 3317 seu
598 3248 665 3318 illis
692 3271 738 3320 ex
765 3252 930 3343 predictis
959 3264 995 3322 et
1021 3253 1099 3321 aliis
1129 3252 1173 3322 de
1203 3251 1332 3344 quibus
1361 3252 1521 3322 videritis
1546 3252 1737 3345 expedire,
1769 3252 1860 3321 hanc

429 3344 709 3435 ordinationem,
730 3349 1024 3440 assignationem,
1044 3372 1108 3420 seu
1128 3350 1366 3444 provisionem
1388 3350 1489 3420 dictis
1518 3349 1575 3419 tali
1598 3351 1640 3420 N.
1662 3361 1698 3419 ct
1718 3350 1759 3419 N.
1784 3371 1860 3442 pre·

429 3442 500 3513 lata
531 3445 737 3515 anctoritate
772 3447 963 3538 apostolica
995 3469 1057 3541 per
1088 3468 1151 3518 nos
1181 3450 1305 3518 laetam
1339 3460 1373 3519 et
1407 3449 1622 3541 presentium
1659 3457 1858 3518 nostrarum

430 3541 680 3611 continentiam
707 3543 901 3615 litterarum
921 3546 1114 3632 intimetis,
1142 3545 1327 3640 publicetis
1352 3559 1386 3616 et
1410 3545 1455 3616 ad
1478 3567 1598 3616 eornm
1622 3545 1779 3616 notitiam
1800 3545 1860 3616 de-

430 3637 596 3727 ducatis,
629 3640 811 3732 dictosque
839 3644 989 3735 priorem
1024 3656 1059 3713 et
1095 3645 1209 3715 locum
1248 3645 1325 3733 ejus
1360 3654 1537 3714 tenentem
1568 3656 1604 3715 et
1634 3655 1859 3737 preceptores

429 3735 564 3806 ordinis
590 3737 778 3830 Hospitalis
815 3741 962 3833 predicti
997 3753 1205 3835 ceterosque
1235 3743 1280 3812 ad
1322 3741 1518 3812 custodiam
1561 3740 1734 3813 bonorum
1774 3741 1858 3812 dicti

428 3833 563 3904 ordinis
592 3834 780 3927 Hospitalis
809 3841 845 3906 in
873 3840 1037 3932 prioratu·
1056 3841 1214 3932 predicto
1240 3839 1426 3931 deputatos
1451 3861 1513 3910 seu
1537 3840 1571 3908 in
1593 3853 1771 3932 posterum
1793 3838 1858 3909 de-

455 3932 604 4002 utandos
624 3933 668 4002 ad
692 3933 977 4007 satisfaciendum
999 3937 1084 4030 ipsis
1100 3938 1142 4007 N.
1165 3949 1201 4008 et
1218 3937 1259 4006 N.
1282 3937 1327 4008 de
1346 3939 1522 4028 assignata
1543 3938 1595 4008 eis
1625 3959 1794 4031 paruos,
1822 3948 1860 4006 ut

429 3953 472 4124 ΓΡ
491 4027 536 4100 ta
559 4026 591 4126 c]
627 4032 858 4123 premittitur,
889 4055 1006 4104 annua
1037 4036 1207 4128 pensione
1236 4036 1271 4103 in
1302 4035 1387 4105 locis
1417 4045 1452 4104 et
1484 4036 1642 4106 terminis
1675 4034 1859 4130 prelibatis

427 4147 697 4218 percensuram
724 4131 994 4202 ecclesiasticam
1019 4145 1054 4202 et
1079 4133 1147 4203 alia
1167 4133 1322 4223 legitima
1348 4133 1503 4203 remedia
1524 4134 1627 4224 juxta
1647 4134 1752 4225 hujus
1776 4153 1858 4204 nos·

428 4233 480 4294 tre
505 4226 736 4298 ordinationis
759 4241 795 4298 et
820 4230 1068 4322 assignationis
1096 4232 1242 4301 sormam
1268 4230 1507 4323 compellatis,
1538 4243 1572 4301 et
1591 4233 1709 4302 omnia
1733 4230 1801 4300 alia
1822 4241 1858 4301 et

424 4321 564 4413 singula
585 4324 716 4395 faciatis
739 4348 809 4419 que
833 4329 878 4398 ad
904 4328 1051 4420 predicti
1075 4329 1320 4399 executionem
1344 4329 1482 4420 negocii
1503 4329 1663 4401 videritis
1684 4329 1857 4423 expedire

425 4430 460 4490 et
485 4441 554 4511 que
581 4441 645 4491 nos
672 4443 779 4515 super
801 4425 869 4497 hoc
898 4447 1081 4518 possemus
1105 4438 1140 4497 et
1164 4426 1374 4497 deberemus
1400 4428 1514 4497 lacere
1538 4428 1721 4520 requisiti,
1751 4427 1855 4497 invo-

424 4528 503 4588 cato
528 4517 633 4588 etiam
662 4520 707 4589 ad
735 4522 802 4594 hoo
829 4524 962 4594 anxilio
992 4523 1126 4594 brachii
1154 4524 1322 4595 secularis
1351 4525 1520 4616 quociens
1549 4545 1638 4618 opus
1669 4527 1756 4612 erit3
1790 4545 1856 4596 nos

424 4615 518 4685 enim
543 4617 736 4709 superbiis
761 4632 855 4691 elea
880 4622 1105 4713 tangentibus
1125 4622 1228 4693 vobis
1248 4633 1283 4692 et
1304 4634 1459 4692 vestrum
1480 4622 1625 4694 cuilibet
1644 4626 1679 4695 in
1700 4623 1854 4695 solidum

424 4733 487 4803 per
507 4726 688 4805 presentes
712 4718 962 4788 committimus
984 4719 1080 4789 vices
1103 4731 1262 4814 nostras,
1285 4719 1398 4790 donec
1418 4741 1477 4790 eas
1497 4721 1541 4790 ad
1563 4742 1627 4793 nos
1648 4723 1856 4793 duxerimus

423 4812 641 4882 revocandas
664 4837 673 4899 ;
703 4826 884 4905 presentes
912 4828 1029 4886 autem
1056 4830 1193 4888 nostras
1214 4818 1355 4888 litteras
1382 4818 1546 4888 nolumus
1572 4841 1679 4912 penes
1702 4839 1768 4892 vos
1794 4828 1857 4889 aut

422 4927 664 5000 quoscumque
683 4911 770 4983 alios
789 4925 909 4985 contra
931 4915 1147 4985 voluntatem
1168 4916 1340 4987 dictorum
1360 4915 1390 4983 N
1396 4969 1403 4984 .
1425 4927 1460 4985 et
1478 4916 1520 4986 N.
1543 4918 1601 4988 vel
1621 4919 1770 5009 alicujus
1793 4936 1855 4987 en-

422 5026 499 5074 rum
526 5007 749 5098 aliquatenus
776 5011 940 5100 retineri,
964 5023 1040 5096 set,
1069 5013 1120 5083 eis
1147 5014 1231 5084 visis
1258 5024 1293 5084 el
1317 5014 1418 5107 copia
1443 5035 1564 5085 earum
1593 5016 1711 5086 babila
1735 5026 1770 5086 et
1796 5035 1857 5104 ro·¹
