4574 6404
429 647 495 715 tot
710 661 873 713 anamim
900 661 1140 727 rnomsrrroms
1167 662 1329 715 nnunrtcs
1355 660 1567 714 nutrimus.

425 820 696 891 extraherentur
716 819 927 910 fueruntque
949 819 1094 889 extracti
1116 841 1179 889 seu
1201 820 1318 889 educti
1337 816 1382 888 de
1402 839 1503 887 muro
1523 829 1557 888 et
1582 817 1783 888 carceribus
1804 819 1861 887 in·

424 918 633 1010 quisitorum
652 916 863 987 carcassona
881 937 942 1008 per
963 926 1169 1007 potestatem
1187 917 1402 999 secularem,
1422 937 1483 1009 per
1504 915 1617 984 minas
1638 925 1672 983 et
1689 925 1858 1002 terrores,

426 1015 637 1106 fueruntque
656 1014 786 1084 detenti
808 1014 868 1083 din
893 1016 929 1081 in
957 1014 1100 1084 civitate
1118 1014 1351 1100 Carcassone,
1375 1013 1641 1104 inquisitoribus
1662 1014 1860 1083 reclaman-

426 1113 519 1183 tibus
535 1124 570 1183 et
590 1113 722 1181 invitis.

472 1209 649 1280 Consimili
671 1211 774 1280 modo
793 1219 956 1302 poterunt
974 1208 1128 1302 recolligi
1147 1223 1182 1281 et
1202 1209 1389 1304 perstringi
1409 1209 1512 1300 culpe
1531 1208 1618 1289 alie,
1638 1207 1666 1276 si
1688 1229 1758 1297 que
1781 1207 1861 1278 luc·

425 1309 531 1376 rinta
563 1307 729 1399 predictis
755 1328 824 1398 que
845 1307 987 1375 invente
1013 1307 1142 1377 luerint
1170 1320 1291 1378 contra
1312 1328 1373 1378 eos
1401 1319 1437 1376 et
1464 1305 1625 1396 singulos
1653 1326 1774 1374 eorum
1797 1327 1861 1397 per

424 1406 662 1475 confessiones
681 1405 885 1475 eorumdem
910 1424 950 1473 ac
972 1425 1033 1496 per
1056 1405 1282 1475 atestationes
1300 1426 1363 1475 seu
1391 1404 1634 1496 depositiones
1656 1402 1800 1471 testium
1820 1407 1861 1471 in

420 1503 552 1597 juditio
571 1512 789 1594 receptorum
808 1528 815 1585 ;
835 1514 869 1571 et
891 1502 923 1570 in
943 1499 1011 1571 fine
1032 1504 1160 1596 poterit
1179 1504 1230 1573 sio
1248 1501 1410 1574 concludi
1431 1527 1439 1569 :

473 1600 524 1669 Ex
544 1600 710 1692 predictis
728 1612 844 1669 autem
866 1599 1127 1691 impedimentis
1148 1603 1302 1693 prestitis
1324 1599 1594 1691 inquisitoribus
1614 1611 1649 1668 et
1669 1597 1786 1668 officio
1807 1598 1862 1690 ip-

425 1720 543 1768 sorum
565 1719 605 1767 ac
624 1696 832 1767 officialibus
855 1697 1092 1788 inquisitionis
1112 1709 1231 1768 secuta
1256 1708 1340 1768 sunt
1360 1697 1468 1766 multa
1490 1697 1579 1766 mala
1606 1699 1642 1765 in
1668 1696 1726 1766 illa
1748 1696 1861 1788 patria

425 1807 461 1866 et
479 1798 513 1865 in
537 1796 692 1889 partibus
711 1794 970 1866 circumvicinis
997 1797 1032 1864 in
1052 1806 1186 1866 tantum
1206 1796 1300 1887 quod
1329 1794 1554 1887 inquisitores
1575 1815 1643 1865 non
1667 1803 1862 1887 potuerunt

426 1895 537 1965 libere
563 1897 693 1984 exequi
718 1890 872 1963 officium
895 1893 1132 1984 inquisitionis
1151 1903 1271 1964 contra
1291 1893 1465 1962 hereticos
1485 1895 1521 1960 in
1546 1892 1614 1962 illis
1636 1892 1794 1984 partibus
1815 1891 1862 1961 de

427 1993 546 2062 multis
572 1993 674 2061 annis
695 1989 771 2085 (l),
791 1991 837 2061 ob
857 2011 961 2082 quam
992 2012 1133 2060 causam
1159 2001 1401 2061 convenerunt
1429 1990 1527 2059 multi
1549 1989 1692 2059 heretici
1715 1990 1863 2081 perlecti

427 2090 472 2160 de
491 2089 648 2183 partibus
664 2089 874 2158 Lombardie
893 2100 928 2158 et
949 2085 991 2184 [l0
1009 2087 1048 2155 9l
1077 2086 1111 2186 a]
1132 2087 1251 2159 Cicilia
1270 2088 1313 2157 ad
1337 2087 1510 2181 predictas
1536 2099 1651 2179 partes
1667 2097 1702 2157 et
1724 2087 1860 2157 inlece-

428 2200 508 2257 ruut
529 2188 670 2268 multos
692 2187 783 2256 sicut
803 2197 922 2278 postea
943 2209 1004 2279 per
1024 2186 1288 2278 inquisitionem
1309 2186 1498 2277 legitimam
1520 2185 1565 2254 ab
1590 2184 1862 2276 inquisitoribus

427 2286 609 2356 inventum
640 2296 693 2354 est
720 2295 754 2354 et
779 2296 1017 2376 compertum,
1046 2297 1081 2354 et
1108 2283 1269 2355 nonnulli
1298 2283 1443 2353 heretici
1473 2282 1683 2375 deprehensi
1716 2290 1863 2352 suntet

386 2391 394 2406 ⁸
428 2386 520 2474 capti
543 2393 578 2452 et
603 2383 701 2451 multi
726 2383 910 2452 credentes
935 2395 970 2452 et
999 2395 1232 2475 receptatores
1260 2402 1382 2452 eorum
1412 2402 1473 2471 per
1501 2402 1591 2472 quos
1614 2380 1800 2472 iniquitas,
1825 2390 1864 2449 et

424 2478 636 2563 infidelitas,
655 2502 696 2550 ac
723 2480 853 2549 feditas
873 2479 1008 2550 heresis
1036 2481 1205 2573 patelacta
1226 2489 1279 2549 est
1307 2490 1342 2548 et
1368 2479 1504 2549 detecta
1529 2491 1563 2547 et
1584 2491 1703 2548 notum
1731 2480 1862 2548 lactum

424 2592 476 2650 est
496 2600 557 2672 per
572 2578 737 2668 juditium
756 2576 909 2647 Ecclesie
928 2578 1125 2649 evidenter.
1147 2579 1248 2671 item,
1268 2597 1412 2668 gravem
1433 2589 1466 2646 et
1481 2576 1651 2667 grandem
1674 2575 1861 2645 infamiam

424 2677 511 2746 falso
539 2677 781 2768 imposuerunt
808 2675 1074 2766 inquisitoribus
1101 2687 1136 2745 et
1164 2697 1285 2745 eorum
1311 2673 1523 2744 officialibus
1547 2685 1582 2743 et
1610 2676 1801 2760 ministris,
1826 2682 1864 2743 et

423 2783 627 2844 averterunt
651 2773 816 2867 populum
837 2773 1063 2845 adevotione
1079 2785 1113 2843 et
1134 2775 1331 2843 reverentia
1353 2772 1600 2864 inquisitorum
1623 2784 1659 2842 ct
1677 2770 1785 2842 officii
1806 2772 1862 2840 in-

423 2873 642 2965 quisitionis,
661 2883 696 2942 et
716 2872 822 2942 multa
842 2871 993 2964 dampna
1013 2872 1107 2942 illata
1127 2882 1210 2942 sunt
1224 2880 1259 2940 et
1279 2871 1405 2961 injurie
1426 2871 1577 2960 irrogato
1598 2871 1663 2940 ista
1685 2870 1729 2940 de
1750 2888 1861 2939 causa

424 2971 544 3039 amicis
565 2982 599 3040 et
618 2969 848 3040 familiaribus
864 2967 970 3039 officii
991 2969 1246 3061 inquisitionis.

471 3067 601 3137 Poterit
618 3068 722 3137 etiam
743 3067 899 3158 recolligi
921 3078 956 3137 et
976 3068 1161 3161 perstringi
1183 3067 1227 3136 de
1256 3065 1357 3137 malis
1386 3077 1422 3136 et
1442 3065 1605 3157 dampnis
1624 3064 1729 3135 illatis
1750 3079 1785 3134 et
1806 3067 1863 3135 in·

420 3164 523 3255 juriis
545 3165 704 3255 irrogatis
723 3186 784 3257 por
804 3185 864 3235 eos
885 3177 919 3235 et
937 3164 1125 3258 complices
1149 3164 1354 3234 eorumdem
1377 3164 1573 3234 reverendo
1595 3164 1683 3255 patri
1709 3163 1862 3235 domino

423 3262 462 3331 B.
484 3263 529 3331 de
548 3261 731 3331 Castancto
760 3275 840 3331 tnnc
864 3263 1030 3355 episcopo
1056 3262 1213 3332 Albiensi
1234 3265 1269 3330 in
1292 3282 1439 3354 persona
1459 3261 1618 3351 ejusdem
1637 3283 1743 3351 quam
1768 3262 1860 3330 mul-

426 3360 590 3453 tipliciter
618 3361 845 3429 dillamarunt
875 3373 909 3430 et
937 3360 1285 3441 dehonestaverunt,
1312 3372 1346 3429 et
1373 3362 1408 3427 in
1442 3361 1546 3428 rebus
1580 3359 1740 3447 ejusdcm
1770 3380 1864 3449 quas

426 3457 670 3549 diripuerunt,
693 3471 727 3527 et
747 3459 780 3526 in
802 3457 1010 3528 officialibus
1027 3458 1100 3527 suis
1119 3479 1269 3550 quorum
1289 3457 1427 3549 aliquos
1449 3459 1622 3549 persecuti
1640 3470 1721 3526 sunt
1738 3467 1775 3526 et
1793 3457 1864 3526 ali-

426 3577 514 3647 quos
534 3566 703 3646 ceperunt
722 3577 784 3625 seu
803 3557 878 3648 capi
908 3566 1208 3647 procuraverunt,
1234 3556 1321 3625 alios
1342 3575 1427 3624 voro
1449 3554 1568 3625 verbis
1593 3567 1629 3623 et
1648 3554 1864 3626 verberibus

426 3654 633 3729 affecerunt,
653 3673 693 3722 ac
713 3654 816 3722 etiam
838 3655 872 3720 in
889 3653 1028 3742 juribus
1049 3674 1112 3722 sue
1131 3653 1278 3723 ecclesie
1298 3653 1501 3722 Albiensis:
1525 3672 1604 3722 nam
1625 3651 1763 3721 decime
1786 3651 1865 3723 luc-

428 3762 510 3819 runt
530 3751 708 3820 subtraere
735 3763 770 3819 el
789 3762 957 3842 occupate
976 3773 995 3819 a
1023 3751 1130 3844 laycis
1151 3751 1186 3818 in
1210 3750 1361 3821 diversis
1389 3750 1473 3819 locis
1492 3763 1527 3818 et
1557 3749 1748 3841 parrochiis
1768 3749 1865 3843 dyo·

398 3839 407 3855 ⁰
427 3850 517 3919 cesis
537 3848 714 3917 Alhiensis
734 3858 769 3917 et
790 3849 916 3919 domos
936 3848 1144 3941 episcopalis
1164 3858 1331 3939 occupata
1356 3858 1391 3918 et
1409 3847 1607 3939 vituperata
1630 3848 1717 3931 luit,
1738 3858 1774 3917 et
1796 3851 1863 3916 mi·

429 3946 528 4016 nistri
549 3958 584 4016 et
609 3943 779 4016 officiales
798 3948 853 4015 sui
881 3946 1022 4015 luerunt
1043 3941 1084 4041 [ί0
1103 3945 1142 4013 tlt
1168 3942 1204 4042 b]
1230 3945 1346 4014 multis
1373 3945 1510 4035 injuriis
1531 3945 1685 4014 lacesciti
1705 3957 1740 4014 et
1766 3945 1862 4015 bona
1908 3949 1910 3953 '

428 4042 632 4136 temporalia
652 4044 873 4136 episcopatus
892 4043 1034 4112 luerunt
1052 4054 1219 4135 occupata
1238 4064 1256 4112 a
1275 4042 1384 4136 laycis
1399 4062 1503 4112 causa
1522 4053 1557 4112 et
1574 4044 1758 4112 occasione
1778 4040 1859 4111 offi-

426 4144 473 4212 cii
491 4140 727 4232 inquisitionis
744 4152 779 4210 et
798 4140 1126 4232 condempnationis
1146 4161 1374 4232 personarum
1396 4140 1622 4233 culpabilium
1644 4139 1689 4209 de
1708 4140 1860 4211 crimine

428 4237 575 4309 heresis.
1805 4258 1808 4263 ·

426 4439 530 4495 lodus
552 4454 607 4496 seu
623 4439 717 4495 torma
734 4439 897 4508 punitionis
917 4453 970 4495 seu
986 4439 1150 4508 penitentie
1171 4439 1347 4509 imponendo
1365 4439 1478 4495 talibus
1499 4438 1612 4508 poterit
1631 4452 1698 4495 asse
1717 4439 1790 4495 talis
1808 4443 1865 4505 ut,

580 4538 717 4594 recitatis
732 4538 828 4607 culpis
842 4537 927 4594 modo
942 4539 1091 4607 predicto,
1108 4538 1307 4609 subiungatur
1320 4538 1352 4594 in
1366 4537 1425 4594 due
1440 4541 1529 4607 prout
1544 4534 1690 4608 seqnitur.

478 4718 518 4786 Et
538 4719 619 4809 quia
638 4717 672 4785 in
690 4717 800 4786 Deum
826 4728 861 4787 et
883 4729 1038 4786 sanctam
1059 4730 1205 4787 matrem
1227 4716 1414 4788 Ecclesiam
1439 4728 1475 4787 et
1498 4718 1787 4809 impedimentum
1810 4717 1865 4786 in·

430 4815 638 4905 quisitorum
670 4813 824 4885 heretice
858 4814 1040 4907 pravitatis
1067 4824 1103 4885 st
1126 4813 1232 4885 officii
1260 4814 1497 4906 inquisitionis
1524 4815 1728 4885 eorumdem
1761 4825 1798 4885 ct
1827 4815 1865 4883 in

466 5042 501 5106 (ll
524 5042 563 5094 :ll
578 5057 652 5094 urano
668 5044 778 5096 Domini
791 5040 1001 5097 mommolino
1016 5058 1101 5110 risque
1115 5043 1151 5095 od
1165 5057 1275 5096 annom
1291 5044 1402 5097 Darnini
1415 5043 1574 5100 M0006010.
1590 5041 1616 5096 Α
1632 5042 1657 5096 la
1672 5056 1780 5113 mauge.
