4574 6404
831 629 951 682 rsnrm
977 629 1074 681 raas
1623 615 1667 684 99

241 787 357 860 modis
386 800 519 861 temere
557 789 776 881 deliquistis,
814 792 849 858 in
882 788 946 859 hac
975 788 1033 859 die
1061 801 1096 858 et
1123 788 1199 859 loco
1226 789 1328 860 vohis
1356 791 1399 860 atl
1430 790 1670 883 recipiendum

238 889 471 980 penitentiam
510 885 771 979 perhemptorie
804 887 991 978 assignatis
1035 886 1200 957 sedentes
1235 908 1298 980 pro
1335 888 1523 972 tribunali,
1554 910 1671 962 sacro·

240 985 373 1056 sanctis
400 984 461 1056 Dei
482 984 683 1075 Evangeliis
715 984 837 1076 positis
869 1005 985 1054 coram
1016 984 1118 1054 nobis
1149 997 1187 1053 ut
1219 984 1264 1054 de
1293 985 1393 1055 vultu
1423 986 1483 1056 Dei
1512 998 1669 1058 nostrum

238 1082 389 1176 prodeat
412 1083 578 1173 juditium
600 1093 633 1152 et
649 1081 760 1152 occuli
782 1083 889 1154 nostri
911 1083 1055 1152 videant
1076 1081 1285 1174 equitatem,
1312 1082 1357 1155 de
1377 1084 1548 1155 bonorum
1571 1088 1668 1157 viro-

237 1200 317 1250 rum
350 1181 524 1267 consilio,
560 1182 775 1272 imponimus
813 1191 847 1249 et
879 1180 1094 1272 injungimus
1129 1179 1230 1249 vobis
1261 1193 1296 1250 et
1332 1192 1486 1252 vestrum
1522 1182 1670 1273 singulis
1767 1247 1772 1256 .

240 1271 280 1373 [f⁰
297 1273 344 1345 at
369 1275 402 1376 c]
425 1281 461 1348 in
485 1278 712 1370 penitentiam
732 1291 767 1348 et
788 1281 929 1348 nomine
955 1280 1147 1371 penitentie
1170 1298 1232 1369 pro
1259 1278 1424 1371 predictis
1442 1280 1576 1371 culpis,
1603 1281 1670 1351 sub

236 1375 371 1446 virtute
393 1396 414 1447 a
434 1376 536 1448 vobis
557 1376 691 1469 prestiti
712 1376 921 1466 juramenti,
943 1376 1036 1467 quod
1055 1378 1091 1444 in
1117 1377 1213 1446 omni
1229 1389 1330 1446 veste
1355 1388 1489 1459 vestra,
1521 1390 1669 1471 excepta

235 1472 381 1544 camisia
405 1474 586 1567 interiori,
609 1475 754 1566 portetis
775 1486 944 1565 perpetuo
964 1474 1053 1543 duas
1071 1494 1193 1543 cruces
1213 1473 1258 1542 de
1274 1472 1365 1543 filtro
1385 1475 1497 1544 crocei
1525 1476 1666 1562 coloris,

235 1591 340 1641 unam
359 1575 517 1642 anterius
537 1584 619 1642 ante
639 1583 760 1663 pectus
779 1583 815 1640 et
832 1571 976 1641 alteram
999 1573 1173 1663 posterius
1193 1571 1284 1641 inter
1303 1571 1477 1663 spatulas,
1499 1572 1575 1642 sine
1589 1573 1667 1665 qni-

234 1666 301 1739 bos
320 1669 604 1761 prominentibus
626 1689 688 1738 seu
714 1669 964 1761 apparentibus
988 1669 1077 1738 infra
1098 1669 1241 1738 domum
1269 1671 1324 1739 vel
1346 1682 1445 1739 extra
1467 1669 1668 1741 nullatenus

234 1765 428 1846 incedatis,
459 1788 607 1858 quarum
635 1768 811 1858 quantitas
843 1767 888 1836 sit
912 1769 948 1836 in
976 1766 1196 1858 longitudine
1227 1767 1377 1837 duorum
1407 1766 1602 1860 palmorum
1632 1781 1668 1838 et

234 1863 373 1934 dimidii
393 1863 445 1958 (l)
461 1864 641 1935 brachium
663 1886 787 1948 unum,
804 1875 840 1934 et
858 1864 1008 1935 duorum
1030 1864 1223 1957 palmorum
1243 1864 1338 1934 aliud
1359 1864 1556 1947 brachium,
1575 1867 1667 1936 scili-

234 1973 291 2032 cet
318 1962 573 2044 transversale,
598 1972 634 2032 et
654 1962 757 2031 trium
777 1962 967 2053 digitorum
984 1963 1019 2031 in
1046 1961 1231 2032 latitudine
1251 1973 1439 2054 utrumque
1456 1963 1638 2034 brachium
1655 1989 1664 2050 ;

234 2079 368 2151 easque
393 2063 561 2132 continuo
592 2058 758 2129 reficiatis
789 2060 845 2130 vel
879 2060 1078 2146 innovetis,
1112 2061 1140 2128 si
1176 2072 1383 2152 rumpantur
1410 2073 1470 2130 aut
1503 2060 1669 2132 deficiant

233 2168 432 2246 vetustate,
454 2170 489 2228 ct
504 2161 586 2249 quia
608 2168 642 2227 tu
666 2157 744 2226 talis
764 2170 798 2227 et
819 2169 854 2226 tn
871 2157 948 2227 talis
964 2158 1240 2251 (adprimaalur
1257 2159 1416 2248 comino)
1438 2160 1627 2250 pejerando
1647 2179 1667 2228 a

234 2254 409 2348 principio
424 2258 459 2325 io
481 2256 612 2346 juditio
632 2255 812 2325 constituti
833 2255 984 2347 amplius
1003 2268 1039 2326 et
1057 2258 1201 2347 gravius
1219 2256 1436 2347 deliquistis,
1457 2256 1667 2349 superaddi-

232 2373 313 2423 mus
331 2354 434 2424 vobis
451 2354 546 2445 quod
566 2374 689 2423 cruces
708 2374 797 2443 quas
823 2352 925 2424 vohis
953 2353 1141 2446 portandas
1161 2354 1375 2446 imponimus
1397 2355 1468 2424 sint
1491 2354 1664 2446 duplices

232 2448 319 2520 ltem
341 2451 558 2543 injungimus
578 2450 681 2521 vobis
706 2451 870 2521 omnihus
889 2462 923 2520 et
945 2451 1093 2542 singulis
1116 2451 1279 2544 superius
1300 2452 1488 2523 nominatis
1510 2453 1663 2545 peregri-

232 2549 395 2620 nationes
414 2548 519 2619 Beate
539 2549 646 2618 lllarie
665 2548 710 2618 de
729 2548 826 2640 llupe
846 2549 1036 2636 amatoris,
1059 2560 1142 2635 etc,
1164 2548 1434 2644 (exprimuntur
1446 2549 1665 2643 pereqrirto-

230 2649 340 2716 tiones
362 2646 401 2716 ia
419 2645 482 2717 isto
504 2646 575 2717 foco
599 2646 821 2737 sr'oqillolim,
850 2653 894 2717 ul
922 2645 1095 2717 habeatur
1119 2669 1232 2742 supra
1255 2647 1299 2718 dc
1318 2647 1666 2741 perecriaclt'onibus

230 2743 431 2835 majoribus
444 2751 479 2815 el
496 2743 726 2838 minoribus),
749 2745 1001 2816 testimoniales
1016 2745 1061 2815 de
1079 2746 1227 2836 singulis
1248 2746 1332 2816 locis
1348 2746 1529 2816 vobiscum
1548 2767 1665 2839 repor-

231 2852 350 2912 tantes
371 2842 503 2913 litteras
519 2843 658 2914 illorum
676 2843 736 2934 qui
757 2842 790 2911 in
811 2841 914 2914 dictis
932 2843 1018 2914 locis
1038 2844 1232 2936 prefuerint
1247 2844 1343 2935 quod
1364 2846 1664 2934 peregrinationes

230 2940 496 3032 compleveritis
517 2953 742 3026 memoratas;
771 2941 953 3033 dictasque
970 2940 1269 3033 peregrinationes
1285 2939 1336 3035 (2)
1356 2936 1396 3037 [f0
1423 2939 1467 3009 bl
1490 2938 1526 3038 d]
1550 2942 1664 3015 facere

231 3037 409 3130 incipiatis
425 3039 512 3109 infra
531 3050 600 3109 tres
622 3060 760 3108 menses
777 3039 822 3108 ab
843 3037 908 3108 hac
927 3039 985 3108 die
1006 3040 1158 3130 presenti
1178 3039 1448 3132 computandos,
1471 3061 1664 3132 earumque

230 3135 458 3228 completioni
486 3137 652 3207 insistatis
669 3136 736 3206 suh
758 3137 886 3206 virtute
906 3157 925 3206 a
944 3136 1047 3206 vobis
1065 3137 1200 3229 prestiti
1216 3139 1419 3227 juramenti.
1448 3138 1554 3220 llam,
1576 3139 1664 3209 visi·
1765 3230 1767 3234 μ

232 3233 314 3302 tetis
332 3233 481 3326 singulis
501 3234 603 3304 annis
623 3235 804 3305 ecclesiam
828 3233 930 3304 talem
952 3233 1188 3305 cathedralem
1209 3238 1245 3304 in
1269 3234 1328 3304 tali
1348 3235 1437 3305 festo
1461 3257 1524 3305 seu
1545 3236 1580 3304 in
1602 3237 1662 3306 tali

231 3329 311 3417 die,
339 3342 376 3401 et
394 3332 576 3402 ecclesiam
608 3333 710 3402 talem
737 3332 972 3402 cathedralem
998 3329 1276 3426 (emprimarrlur
1297 3332 1437 3404 ecclesia
1459 3339 1490 3403 et
1512 3331 1597 3426 dies)
1628 3345 1664 3404 et

232 3428 373 3499 missam
394 3431 559 3521 majorem
582 3442 617 3500 et
630 3451 849 3515 sermonem,
873 3429 902 3499 si
922 3430 970 3500 ibi
991 3428 1069 3523 fiat,
1090 3430 1242 3501 audiatis
1261 3432 1472 3523 utrobiquc;
1494 3430 1662 3502 conlitea-

230 3525 317 3595 mini
333 3526 477 3621 insuper
492 3540 630 3620 peccata
652 3538 768 3598 vestra
786 3540 838 3597 ter
854 3528 889 3596 in
909 3548 1016 3613 anno,
1039 3528 1204 3599 videlicet
1225 3540 1305 3599 ante
1324 3528 1459 3612 Natale,
1479 3528 1609 3598 Pascha
1628 3540 1664 3599 et
1778 3563 1783 3566 ·

113 3713 117 3718 ι
229 3622 481 3713 Pentecosten,
504 3638 538 3695 et
554 3625 588 3694 in
604 3626 737 3695 eisdem
756 3625 1004 3695 festivitatibus
1023 3629 1311 3713 communicetis,
1329 3627 1396 3697 nisi
1416 3626 1659 3697 abstinueritis

230 3721 278 3792 de
295 3723 443 3794 consilio
458 3722 589 3815 proprii
611 3723 821 3811 sacerdotis,
843 3723 991 3813 singulis
1011 3744 1097 3794 vero
1117 3724 1243 3795 diebus
1263 3724 1450 3795 dominicis
1472 3734 1507 3794 et
1522 3724 1660 3794 festivis

230 3819 374 3890 missam
394 3819 646 3914 parrochialem
670 3822 821 3890 audiatis
838 3842 883 3890 ex
902 3822 1039 3912 integro
1060 3833 1096 3892 et
1117 3843 1316 3894 sermonem
1337 3823 1397 3914 qui
1424 3819 1487 3892 liet
1516 3821 1550 3891 in
1577 3821 1660 3891 locis

230 3916 267 3986 in
287 3918 417 4011 quibus
437 3918 589 4005 fueritis,
617 3918 682 3989 nisi
704 3919 850 3988 valeatis
878 3919 1032 4009 legitimo
1050 3933 1111 3989 aut
1135 3919 1391 3991 rationabiliter
1415 3919 1600 4005 excusari3
1623 3929 1659 3989 et

229 4013 276 4085 ab
295 4016 389 4089 omni
410 4037 517 4110 opere
533 4016 654 4087 servili
673 4016 877 4087 abstineatis
897 4016 1022 4086 diebus
1048 4017 1234 4088 dominicis
1257 4028 1293 4087 et
1312 4017 1448 4088 festivis
1470 4016 1630 4086 colendis
1647 4039 1656 4104 ;

230 4110 427 4205 officiisque
454 4114 603 4207 puhlicis
633 4115 914 4206 quibuscumque
947 4135 1017 4185 non
1045 4115 1266 4207 fungamini3
1306 4114 1339 4183 in
1375 4114 1541 4185 Adventu
1574 4135 1661 4184 vero

230 4211 369 4283 Domini
390 4212 425 4281 in
449 4213 528 4282 cibo
545 4212 840 4304 quadragesimali
863 4212 1049 4302 jejunetis3
1071 4213 1309 4284 divinationes
1329 4223 1364 4282 et
1388 4211 1567 4302 sortilegia
1590 4233 1659 4283 non

231 4309 448 4397 observetis3
470 4331 595 4379 usuras
615 4321 652 4379 et
671 4309 810 4402 rapinas
830 4330 898 4380 non
919 4311 1114 4381 exerceatis
1134 4324 1169 4380 et
1187 4310 1401 4396 restituatis,
1422 4309 1514 4379 siah
1533 4309 1660 4401 aliqui-

231 4409 297 4479 bus
316 4407 518 4500 recepistis3
540 4419 696 4500 preterea
718 4407 977 4499 persequamini
992 4407 1183 4493 hereticos,
1200 4408 1482 4500 quibuscumque
1507 4407 1658 4478 nomini·

230 4505 298 4576 hus
318 4517 543 4591 censeantur,
565 4515 600 4575 et
617 4505 815 4591 credentes,
837 4515 871 4575 et
888 4505 1059 4593 fautores,
1079 4518 1114 4575 ot
1131 4515 1366 4598 receptatores
1381 4526 1519 4593 eorum,
1541 4526 1582 4574 ac
1598 4524 1660 4596 pro

230 4602 346 4674 heresi
362 4603 565 4695 fugittivos;
585 4602 762 4695 fidemque
783 4597 823 4698 [p
842 4603 886 4670 55
901 4598 935 4699 a]
949 4601 1156 4674 catholicam
1174 4613 1209 4673 et
1221 4623 1390 4695 personas
1406 4602 1659 4673 ecclesiasticas

269 4834 304 4900 ll)
323 4832 484 4889 sturmini·
498 4848 622 4903 manquo
637 4831 708 4886 dans
725 4831 749 4885 le
765 4847 819 4887 ms.
837 4831 902 4897 387,
923 4829 958 4885 da
979 4829 1074 4885 meme
1094 4846 1184 4884 unum
1208 4836 1233 4884 et
1255 4832 1377 4885 duorum
1398 4832 1557 4898 palmorum
1580 4830 1660 4883 uliud

236 4931 391 4989 brachium.

269 5030 304 5100 (l)
321 5030 379 5087 lies
392 5030 468 5086 deux
483 5046 555 5086 mss.
572 5029 701 5086 ‹lonnont
715 5030 855 5098 dictosque
867 5030 1102 5097 praeprinationer
1116 5029 1328 5096 compleveritis.-
