4574 6404
882 659 986 712 amun
1007 658 1109 711 irtus.
1656 642 1713 715 *531

271 820 312 887 in
333 815 471 888 Christo
495 816 675 909 capellano
695 839 757 888 seu
785 821 912 888 rectori
939 818 1016 889 talis
1041 818 1209 911 ecclesie,
1232 819 1288 888 vel
1317 818 1392 908 ejus
1419 820 1532 889 locum
1556 823 1710 907 tenenti,

276 913 426 985 sulutem
447 916 483 983 in
503 925 622 985 actore
639 912 722 985 fidei
736 915 885 987 Domino
903 914 1009 986 lbesu
1029 915 1178 987 Christo.
1201 914 1339 985 -Cum
1366 937 1478 1008 nuper
1497 937 1539 986 ex
1561 928 1655 986 certa
1676 929 1713 988 et

279 1011 479 1082 rationabili
498 1032 603 1082 causa
625 1012 727 1082 vobis
749 1013 1034 1084 mandaverimus
1048 1035 1192 1084 monere
1209 1023 1244 1081 et
1260 1016 1382 1099 citare,
1402 1035 1537 1104 vosque
1553 1015 1598 1084 de
1614 1035 1711 1084 man-

233 1114 237 1121 '
279 1108 360 1181 dato
380 1120 501 1180 nostro
518 1113 725 1180 monueritis
745 1132 785 1180 ac
802 1113 996 1181 citaveritis
1012 1111 1134 1196 semel,
1153 1111 1325 1196 secundo,
1343 1132 1384 1182 ac
1404 1114 1524 1196 tercio,
1542 1114 1711 1184 canonice

278 1216 312 1278 et
335 1209 588 1300 peremptorie,
615 1230 678 1300 per
702 1219 771 1280 tres
797 1209 873 1279 dies
893 1209 1089 1279 dominicos
1110 1230 1172 1279 seu
1200 1211 1345 1280 festivos
1364 1212 1399 1278 in
1423 1210 1571 1282 ecclesia
1593 1221 1711 1281 vestra

278 1304 432 1398 publice,
455 1305 550 1375 clero
569 1316 605 1375 et
629 1306 758 1398 populu
785 1322 998 1397 congregato
1020 1307 1152 1376 ibidem
1173 1306 1218 1375 ad
1238 1306 1453 1376 audiendum
1479 1308 1617 1393 divina,
1646 1329 1710 1378 ex-

277 1405 425 1494 pressim
446 1414 482 1473 et
502 1405 731 1490 nominatim,
754 1405 839 1474 tales
858 1405 1022 1474 consules
1044 1404 1120 1473 talis
1139 1404 1225 1474 ville
1248 1416 1283 1474 et
1303 1403 1513 1494 generaliter
1532 1427 1655 1475 omnes
1675 1418 1711 1476 et

164 1504 170 1513 '
208 1532 211 1537 >
277 1501 436 1590 singulus
456 1500 501 1570 de
521 1500 611 1571 diota
633 1502 716 1571 uilla
737 1523 799 1572 seu
828 1502 1007 1592 parrochia
1031 1515 1147 1571 vestra
1168 1504 1229 1592 qui
1256 1502 1388 1571 dudum
1415 1505 1450 1570 in
1473 1504 1628 1573 favorem
1649 1515 1711 1572 aut

278 1597 519 1668 defensionem
547 1599 777 1690 quarumdam
806 1600 1037 1690 singularium
1066 1620 1294 1692 personarum
1315 1600 1542 1691 culpabilium
1570 1612 1607 1670 et
1626 1621 1710 1670 con·

278 1693 544 1788 dempnatorum
574 1697 619 1767 de
647 1709 682 1766 et
711 1718 773 1788 pro
798 1700 945 1767 crimine
974 1699 1108 1768 heresis
1138 1698 1245 1767 multa
1274 1699 1461 1781 dixerunt,
1497 1698 1654 1768 lecerunt
1675 1712 1711 1769 et

278 1803 530 1878 tractaverunt,
550 1806 610 1864 aut
627 1794 702 1864 lieri
720 1807 755 1865 et
772 1797 912 1865 tractari
935 1790 974 1890 [l⁰
989 1791 1075 1893 t8a]
1095 1792 1327 1886 procurarunt
1346 1798 1380 1863 in
1400 1796 1712 1890 impedimentum,

278 1901 313 1960 et
345 1892 593 1981 prejudicium,
627 1913 668 1962 ac
700 1914 809 1983 grave
836 1893 1059 1985 dispendium
1090 1893 1336 1985 inquisitorum
1370 1893 1459 1961 labis
1488 1893 1643 1964 heretice
1665 1899 1711 1965 'et

278 1985 386 2058 olficii
409 1991 633 2077 eorumdem,
664 2010 704 2061 ac
730 1993 834 2060 etiam
863 1993 898 2059 in
928 1991 1131 2061 scandalum
1153 1991 1402 2082 plurimorum,
1429 1993 1595 2082 quatinus
1619 1994 1709 2063 inira

281 2097 413 2156 certum
437 2091 622 2159 terminum
647 2091 683 2157 iu
705 2087 829 2158 litteris
854 2092 983 2159 nostris
1006 2091 1177 2159 citatoriis
1196 2099 1439 2179 expressatum
1463 2109 1580 2160 coram
1608 2091 1715 2160 nobis

280 2195 341 2252 aut
359 2205 476 2255 coram
499 2198 640 2258 tenente
659 2185 774 2256 locum
797 2197 952 2256 nostrum
973 2187 1204 2279 personaliter
1224 2199 1258 2256 et
1279 2189 1512 2277 peremptorie
1532 2208 1710 2279 compare·

282 2293 359 2352 rent
378 2283 422 2352 ad
443 2285 765 2374 recognoscendum
787 2296 822 2354 et
840 2284 1078 2355 confitendum
1101 2287 1135 2353 in
1155 2305 1259 2354 causa
1277 2282 1373 2368 fidei,
1397 2296 1464 2352 tam
1483 2285 1527 2353 de
1546 2305 1585 2354 sc
1603 2307 1708 2376 quam

281 2377 326 2448 de
345 2380 438 2472 aliis,
452 2402 560 2473 super
577 2382 931 2475 premissisomnibus
948 2394 982 2451 et
997 2382 1146 2473 singulis
1164 2395 1199 2451 et
1214 2403 1254 2450 ea
1274 2382 1498 2472 tangentibus
1517 2381 1709 2474 plenariam

281 2479 490 2564 veritatem,
514 2482 677 2550 ucetiam
699 2481 742 2550 ad
771 2482 968 2551 laciendum
990 2481 1076 2550 alias
1097 2480 1190 2571 quod
1213 2480 1317 2550 luerit
1343 2482 1508 2566 rationis3
1532 2480 1706 2573 alioquin,

281 2587 401 2645 contra
422 2597 544 2648 omnes
564 2590 599 2647 et
617 2578 776 2668 singulos
796 2579 988 2672 culpabiles
1009 2580 1044 2646 in
1067 2578 1234 2669 predictis
1254 2587 1314 2646 aut
1331 2578 1449 2668 aliquo
1471 2579 1707 2669 predictorum

281 2675 342 2764 qui
361 2675 452 2742 inira
474 2687 693 2768 pretaxatum
717 2681 902 2746 terminum
927 2697 1042 2746 coram
1065 2676 1166 2745 uobis
1186 2678 1330 2745 minime
1347 2688 1607 2767 comparerent,
1631 2700 1708 2769 pro-

281 2771 488 2843 cederemus
509 2773 657 2844 ulterius
677 2784 840 2866 tauquam
862 2786 982 2845 contra
1011 2785 1236 2844 contumaces
1262 2776 1297 2841 in
1324 2793 1428 2842 causa
1457 2770 1539 2845 fidei
1566 2797 1627 2866 per
1647 2798 1709 2847 ex·

280 2874 607 2943 communicationis
626 2876 840 2943 sentenciam
861 2885 896 2942 et
917 2893 1025 2964 penas
1046 2872 1146 2955 alias,
1167 2873 1362 2941 secundum
1383 2872 1524 2952 stilum,
1547 2894 1647 2942 usum
1668 2895 1709 2944 ac

280 2969 465 3060 privilegia
481 2967 587 3040 officii
602 2973 843 3062 inquisitionis
859 2970 1031 3061 ejusdem,
1053 2980 1155 3061 prout
1170 2979 1204 3039 et
1220 2979 1388 3061 quantum
1401 2969 1460 3058 jus
1477 2983 1511 3040 et
1525 2973 1613 3041 ratio
1630 2992 1710 3040 sua-

280 3063 417 3137 derent.
439 3067 522 3137 Cum
544 3079 660 3151 autem
680 3091 787 3161 super
807 3070 973 3160 predictis
995 3067 1111 3136 nullus
1131 3069 1368 3158 comparuerit
1390 3088 1505 3138 coram
1529 3070 1629 3138 nobis
1648 3082 1708 3139 aut

281 3171 423 3236 tenente
441 3164 556 3235 locum
579 3178 734 3236 nostrum
756 3168 845 3237 inlra
865 3168 1051 3236 terminum
1074 3176 1293 3259 pretaxatum
1314 3162 1381 3257 (cel
1397 3170 1442 3234 sic
1462 3193 1472 3234 .·
1491 3187 1569 3235 cum
1591 3178 1707 3237 autern

279 3265 382 3354 pauci
398 3264 442 3333 de
466 3264 575 3333 multo
600 3285 746 3334 numero
763 3286 869 3358 super
888 3263 1054 3356 predictis
1073 3265 1336 3356 comparuerint
1357 3283 1473 3332 coram
1496 3264 1597 3334 nobis
1617 3265 1707 3333 inira

280 3363 466 3431 terminum
496 3359 755 3454 pretaxatum),
780 3384 844 3433 nec
868 3364 972 3432 etiam
1002 3383 1064 3453 pro
1085 3364 1135 3430 eis
1165 3361 1293 3451 aliquis
1322 3373 1525 3452 procurator
1545 3362 1598 3430 vel
1622 3363 1707 3453 legi·

280 3457 387 3527 timus
424 3473 631 3543 excusator,
669 3460 800 3531 idcirco
833 3481 912 3531 cum
941 3460 985 3529 de
1009 3460 1090 3550 jure
1124 3478 1212 3550 pena
1244 3459 1509 3528 contumacibus
1537 3459 1707 3529 debeatur

280 3564 334 3636 et,
356 3569 537 3626 crescente
563 3560 780 3628 contumacia
796 3613 804 3642 ,
823 3559 978 3628 maxime
1000 3559 1035 3625 in
1055 3577 1158 3626 causa
1184 3553 1288 3640 fidei,
1305 3577 1462 3626 crescere
1480 3557 1608 3627 debeat
1631 3560 1707 3649 ipsa

279 3672 391 3743 pena,
417 3674 480 3723 nos
510 3656 699 3746 inquisitor
719 3656 873 3748 prelatus
892 3676 1025 3725 omues·
1040 3667 1075 3724 et
1093 3654 1251 3744 singulos
1271 3654 1464 3745 culpabiles
1482 3657 1516 3723 in
1541 3655 1707 3747 predictis

279 3768 340 3818 seu
367 3751 486 3843 aliquo
513 3753 750 3844 predictorum
773 3756 834 3844 qui
856 3753 1012 3823 noudum
1039 3762 1331 3845 comparuerunt,
1354 3762 1407 3821 set
1430 3774 1550 3844 parere
1567 3753 1706 3822 subter-

278 3844 444 3938 fugerunt
475 3851 510 3917 in
548 3870 652 3920 causa
684 3848 768 3920 fidei
802 3845 841 3946 [l0
871 3849 914 3918 t8
941 3846 999 3947 b],
1037 3853 1245 3919 auctoritate
1271 3849 1461 3940 apostolica
1493 3871 1561 3941 qua
1592 3850 1706 3939 lungi-

279 3964 371 4039 mur‚
398 3949 433 4015 in
463 3945 530 4016 biis
549 3949 688 4040 scriptis
720 3950 1067 4018 excommunicamus
1097 3959 1131 4018 et
1163 3950 1538 4018 excommunicationis
1567 3947 1707 4017 vinculo

278 4042 514 4131 innodamus;
539 4044 745 4116 mandantes
770 4046 872 4116 vobis
902 4049 938 4114 in
969 4049 1100 4116 virtute
1119 4045 1322 4115 obedientie
1346 4057 1381 4114 et
1405 4045 1471 4114 sub
1502 4065 1708 4114 excommu-

278 4141 464 4213 nicationis
489 4155 523 4212 et
551 4144 631 4212 aliis
655 4146 756 4234 penis
787 4146 985 4227 canonicis,
1015 4145 1181 4234 quatinus
1209 4145 1304 4235 ipsos
1334 4164 1456 4212 omnes
1485 4154 1518 4212 et
1547 4142 1706 4233 singulos

278 4243 600 4310 excommunicatos
625 4261 643 4310 a
671 4241 773 4310 uubis
793 4241 1014 4310 denuncietis
1037 4241 1175 4332 publice
1194 4243 1229 4309 iu
1251 4241 1398 4310 ecclesia
1417 4251 1532 4309 vestra
1557 4239 1706 4330 singulis

279 4333 403 4409 diebus
434 4338 619 4410 dominicis
653 4349 688 4408 et
724 4340 878 4420 lestinis,
907 4339 1002 4409 clero
1032 4351 1066 4408 ct
1092 4338 1221 4431 populo
1255 4348 1467 4429 congregato
1501 4337 1631 4407 ibidem
1660 4340 1704 4406 ad

278 4435 492 4506 audiendum
527 4436 667 4522 divina;
704 4449 887 4507 monentes
923 4440 1067 4529 insuper
1099 4458 1144 4505 ex
1181 4448 1279 4528 parte
1313 4448 1431 4504 nostra
1455 4435 1708 4527 parrochianos

278 4545 415 4604 vestros
438 4533 569 4614 semel,
591 4534 747 4604 secundo
767 4546 802 4603 et
832 4537 959 4617 tercie,
982 4535 1151 4604 canocice
1178 4554 1219 4603 ac
1248 4536 1501 4624 peremptorie,
1525 4533 1591 4602 sub
1616 4551 1704 4624 pena

278 4632 666 4712 excommunicationis,
689 4654 732 4701 ne
756 4632 921 4723 predictis
947 4643 1007 4701 aut
1036 4652 1114 4700 cum
1148 4629 1281 4700 eisdem
1302 4651 1367 4700 scu
1393 4630 1510 4722 aliquo
1532 4630 1705 4721 predicto·

277 4749 353 4797 rum
385 4730 436 4798 sic
466 4731 779 4799 excommunicatis
805 4750 823 4797 a
846 4730 946 4800 uobis
978 4731 1188 4821 participent
1221 4749 1365 4819 quoquo
1396 4730 1520 4814 modo,
1548 4739 1602 4797 set
1631 4739 1708 4796 tan·

276 4847 380 4918 quam
401 4828 723 4896 excommunicatos
752 4828 846 4919 ipsos
875 4827 1084 4897 habeantet
1112 4828 1269 4915 evitent3
1291 4826 1447 4917 alioquin
1472 4828 1508 4893 iu
1536 4825 1705 4922 iacientes

276 4926 512 5010 contrarium,
531 4927 597 4994 ista
620 4934 735 4993 nostra
756 4927 968 5016 competenti
987 4927 1181 4994 monitione
1207 4926 1400 5017 premissa,
1421 4925 1705 4993 excommunica-

277 5024 381 5092 tionis
414 5023 624 5092 sententiam
655 5022 798 5092 ierimus
822 5024 855 5090 in
887 5023 954 5091 biis
979 5024 1140 5115 scriptis,
1163 5035 1198 5091 et
1231 5024 1266 5091 in
1299 5024 1437 5113 siguum
1473 5043 1513 5090 ac
1549 5022 1705 5090 testimo·

1529 5143 1546 5202 5
