4574 6404
420 633 492 704 252
711 647 873 701 enemim
898 648 1139 715 tuourstrrouts
1167 648 1328 701 nnanrrcs
1353 646 1564 700 enavimus.

421 807 532 896 ribus,
553 806 577 876 Ι.
590 800 616 877 i.
632 816 668 877 'et
680 807 739 889 ii.,
754 816 790 877 et
802 805 857 877 De
868 804 988 900 officio
998 805 1166 899 presidis,
1183 828 1215 878 c.
1236 805 1290 876 De
1303 805 1370 875 biis
1384 806 1446 899 qni
1460 805 1612 875 latrones
1624 803 1809 893 occultant,
1829 808 1852 879 Ι.

424 905 513 993 ult.,
535 905 593 974 ubi
616 905 768 996 loquitur
788 905 832 974 de
859 902 928 973 hiis
947 905 1006 995 qui
1027 904 1193 975 resistunt
1213 903 1343 996 presidi
1363 915 1399 975 et
1416 903 1549 974 auxilio
1570 903 1732 987 militari,
1754 904 1854 996 quod

424 1022 493 1073 uon
515 1013 629 1094 potest
649 1022 717 1071 non
739 1022 817 1071 esse
839 1004 1026 1071 notorium.
1048 1001 1120 1072 Dec
1138 1003 1173 1071 in
1194 1001 1359 1093 predictis
1378 1000 1708 1071 consultationibus.

472 1097 567 1169 Circa
582 1109 816 1191 receptatores
834 1111 950 1168 autem
973 1098 1220 1183 hereticorum,
1234 1120 1312 1169 cum
1331 1109 1365 1168 et
1382 1098 1446 1191 ipsi
1463 1099 1533 1167 sint
1546 1099 1714 1182 fautores,
1727 1119 1851 1170 eorum

424 1197 512 1269 ordo
530 1196 723 1267 consimilis
741 1197 874 1266 servari
895 1196 1022 1288 poterit
1041 1196 1165 1287 quide
1184 1196 1379 1267 fautoribus
1397 1196 1561 1286 superius
1581 1208 1634 1265 est
1655 1207 1810 1267 notatus.

473 1292 513 1386 p)
540 1293 749 1364 Defensores
767 1304 883 1363 antem
905 1293 1161 1381 hereticorum,
1187 1304 1290 1386 prout
1310 1293 1344 1361 in
1363 1294 1495 1363 eisdem
1520 1293 1852 1379 consultationibus,

425 1414 461 1484 q.
482 1391 571 1474 xib,
595 1391 780 1474 scribitur,
805 1390 920 1460 taliter
942 1391 1206 1481 distinguuntur
1225 1403 1260 1460 et
1283 1391 1542 1464 describuntur.
1565 1391 1728 1460 Defendit
1747 1391 1857 1482 igitur

425 1490 504 1582 quis
523 1489 698 1558 interdum
719 1510 894 1579 errorem,
913 1489 1087 1559 interdum
1109 1509 1292 1582 personam
1316 1499 1512 1575 errantem,
1534 1500 1569 1558 et
1594 1498 1689 1558 certe
1708 1489 1768 1580 qui
1790 1489 1854 1559 de-

424 1588 534 1657 fendit
546 1608 698 1658 errorem
716 1585 973 1678 dampnabilior
991 1600 1043 1656 cst
1060 1586 1120 1656 illo
1135 1587 1194 1678 qui
1212 1598 1317 1669 errat,
1340 1598 1375 1655 et
1392 1585 1587 1655 nouaclum
1604 1584 1779 1655 hereticus
1799 1597 1856 1656 set

424 1683 646 1754 beresiascha
674 1684 821 1765 dicitur,
847 1682 998 1765 xxtnn,
1024 1707 1059 1777 q.
1094 1684 1174 1753 ΙΙΙΙι
1199 1682 1269 1760 Qui
1285 1682 1440 1754 clr'ornrn
1454 1708 1470 1769 ;
1495 1694 1530 1751 et
1558 1684 1592 1751 in
1619 1684 1741 1753 eodem
1767 1704 1854 1754 casu

427 1782 584 1871 intelligo
610 1783 704 1873 quod
734 1781 873 1865 dicitur,
895 1781 957 1850 Xl⁰
978 1778 1019 1878 [D
1041 1780 1108 1852 127
1136 1779 1187 1877 b],
1214 1803 1250 1872 q.
1281 1780 1338 1851 ΙΙΙ*
1361 1808 1368 1849 ·.
1395 1779 1465 1858 Qut
1482 1781 1669 1861 consentit,
1690 1781 1856 1871 quamvis

427 1880 475 1949 ibi
512 1881 673 1949 videatur
707 1879 802 1971 loqui
833 1879 878 1948 de
912 1878 971 1949 illo
1005 1881 1064 1972 qni
1102 1879 1260 1950 defendit
1290 1899 1468 1965 errorem,
1496 1890 1550 1948 set
1579 1878 1736 1967 intelligo
1755 1879 1856 1970 quod

429 1976 586 2047 defendit
613 1986 786 2047 errantem
814 1986 848 2046 et
876 1998 1030 2047 errorem
1058 1998 1120 2070 per
1150 1978 1398 2070 preallegatnm
1425 1976 1647 2070 capitulum:
1678 1975 1748 2053 Qui
1763 1975 1855 2045 alio·

428 2097 537 2159 rnm;
564 2075 650 2143 alias
680 2075 774 2144 enim
804 2095 874 2144 non
898 2087 992 2145 esset
1019 2075 1133 2145 acrius
1163 2074 1362 2167 puniendus
1389 2085 1541 2143 errante.
1576 2074 1625 2143 Do
1651 2071 1855 2164 hujusmodi

426 2184 542 2242 autem
562 2172 807 2242 defensoribus
825 2193 894 2242 non
914 2171 1068 2264 loquitur
1089 2172 1180 2265 Papa
1201 2174 1277 2243 sive
1302 2172 1335 2241 in
1357 2175 1434 2261 jure
1456 2173 1534 2241 sive
1555 2173 1589 2239 in
1611 2173 1779 2264 rescripto
1799 2172 1854 2241 iu·

428 2271 636 2363 quisitorum
661 2295 668 2337 :
698 2270 776 2339 illos
803 2269 895 2338 enim
925 2291 993 2339 non
1014 2270 1230 2340 discerneret
1250 2270 1295 2339 ab
1320 2269 1504 2352 hereticiS,
1531 2288 1596 2338 nec
1620 2268 1691 2338 sola
1720 2269 1857 2339 diceret

427 2367 792 2438 excommunicatione
811 2368 1006 2454 notandos;
1029 2367 1185 2460 loquitur
1210 2368 1318 2457 igitur
1342 2368 1386 2437 de
1412 2367 1618 2437 defensione
1646 2376 1857 2458 personent

427 2486 506 2535 cnm
527 2465 606 2556 qois
628 2484 813 2557 personam
832 2464 1011 2549 defendit,
1032 2464 1198 2535 resistens
1219 2465 1354 2534 viribus
1375 2464 1432 2535 vel
1454 2465 1628 2557 potencia,
1651 2485 1695 2532 ne
1713 2463 1756 2533 ad
1779 2484 1856 2533 ma·

428 2583 495 2632 uus
508 2562 638 2651 judicis
655 2565 775 2632 veniat
794 2563 1049 2632 examinandus
1069 2564 1125 2633 vel
1146 2562 1366 2655 puniendus,
1396 2574 1431 2633 et
1450 2562 1495 2632 de
1522 2561 1628 2631 simiti
1648 2560 1856 2631 defensione

429 2660 703 2752 loquiturcanou
718 2660 835 2740 Xle,
847 2682 882 2751 q.
901 2661 943 2729 V⁸
963 2686 970 2728 :
992 2659 1036 2729 Sr'
1046 2659 1154 2753 sorte,
1167 2671 1202 2730 et
1218 2659 1253 2729 in
1271 2660 1349 2729 aliis
1368 2659 1530 2751 capitulis
1549 2658 1745 2751 questionis
1762 2660 1855 2747 ejus·

429 2758 524 2840 dem,
540 2770 576 2826 ut
589 2758 751 2837 xistum,
764 2780 801 2849 q.
821 2758 846 2826 ΙΙ
870 2785 878 2827 :
899 2757 943 2830 Si
959 2763 1087 2842 custos·
1109 2770 1143 2828 et
1162 2768 1281 2828 contra
1303 2758 1504 2847 hujusmodi
1520 2758 1725 2826 defensores
1742 2766 1858 2849 potest

428 2855 472 2925 ad
501 2855 896 2926 excommunicationem
923 2856 1085 2949 procedi,
1114 2867 1147 2926 et
1167 2857 1273 2926 credo
1292 2856 1387 2947 quod
1407 2877 1452 2925 ex
1473 2853 1737 2948 presumptione
1758 2853 1855 2945 quod

429 2953 500 3023 sint
519 2955 669 3045 suspecti
689 2955 799 3045 possit
829 2955 881 3022 eis
908 2953 1012 3022 iudici
1043 2957 1217 3045 purgatio.
1246 2952 1281 3023 Si
1306 2973 1432 3044 queres
1460 2953 1553 3022 unde
1579 2964 1661 3020 sunt
1678 2951 1854 3042 suspecti,

429 3051 627 3139 respondeo
653 3051 747 3142 quod
777 3051 810 3119 in
837 3053 930 3139 justa
956 3053 1161 3122 defensione
1179 3052 1299 3143 opinio
1321 3052 1410 3120 male
1432 3050 1625 3119 viventium
1650 3048 1852 3135 incurritur,

430 3146 581 3233 xxtttb,
598 3169 634 3236 q.
650 3148 706 3216 vt·
727 3173 734 3216 :
753 3147 894 3242 Siquis.
912 3148 983 3219 Hec
999 3149 1031 3217 in
1050 3150 1214 3241 predictis
1233 3147 1563 3219 consultationibus.
1582 3187 1630 3198 -
1645 3147 1856 3218 Defensores

430 3257 545 3313 autem
578 3245 809 3315 hereticorum
835 3247 1127 3316 exeommunicati
1162 3259 1244 3316 sunt
1271 3268 1290 3315 a
1314 3246 1415 3336 jure,
1441 3244 1546 3315 Extra
1574 3245 1619 3314 de
1648 3244 1812 3314 hereticis
1844 3270 1852 3312 :

430 3340 808 3426 discommunicantes,
830 3345 863 3413 in
879 3344 901 3436 S
917 3344 1108 3414 Credentes
1124 3356 1296 3437 preterea,
1317 3355 1563 3435 receptatores,
1587 3343 1803 3427 defensores,
1820 3354 1858 3412 et

430 3439 582 3510 fautores
601 3442 953 3512 excommunicationi
975 3441 1206 3513 hereticorum
1221 3442 1442 3511 decernimus
1460 3440 1656 3529 subjacere.
1678 3438 1773 3508 Circa
1792 3438 1856 3509 de·

429 3539 587 3608 fensores
609 3538 726 3629 itaque
754 3539 986 3609 hereticorum
1009 3539 1086 3608 talis
1108 3540 1196 3609 ordo
1210 3539 1407 3609 servandus
1427 3540 1506 3618 erit,
1531 3548 1580 3619 ut,
1603 3549 1787 3629 postquam
1808 3535 1856 3606 de

428 3635 529 3727 culpa
561 3637 776 3706 defensionis
809 3636 1010 3727 hujusmodi
1036 3637 1243 3719 constiterit,
1266 3636 1523 3705 denuncientur
1545 3636 1748 3705 nominatim
1773 3654 1854 3704 esse

429 3733 720 3803 excommunicati
740 3735 873 3824 ajure,
893 3747 927 3804 et
950 3734 1015 3805 hoc
1034 3745 1086 3804 est
1102 3735 1464 3805 excommunicatione
1483 3744 1627 3814 notare3
1652 3743 1688 3801 et
1704 3732 1733 3801 si
1753 3733 1856 3801 satis·

429 3832 544 3901 facere
557 3833 831 3923 contempserint
847 3833 933 3902 inira
951 3853 1100 3915 annum,
1118 3853 1163 3901 ex
1178 3841 1259 3901 tunc
1274 3832 1456 3901 incurrunt
1471 3833 1547 3921 ipso
1556 3831 1638 3920 jure
1657 3849 1763 3921 penas
1781 3850 1853 3920 que

431 3928 606 4019 teguntur,
621 3928 724 3998 Extra
738 3930 781 3999 de
798 3928 960 4000 hereticis
974 3954 982 3998 ε
996 3930 1376 4011 Eccommnniccrnus,
1391 3931 1426 3997 in
1437 3930 1462 4019 g
1474 3926 1665 3999 Credentes
1672 3932 1853 4018 preterea.

429 4025 558 4096 Poterit
576 4029 679 4095 etiam
701 4027 791 4096 circa
809 4027 1012 4097 defensores
1031 4028 1223 4098 consimilis
1244 4028 1332 4098 ordo
1354 4021 1394 4122 [ΙΙ
1414 4023 1481 4096 tat
1509 4022 1541 4122 c]
1563 4025 1697 4094 servari
1718 4025 1753 4092 in
1775 4025 1853 4117 ptu-

429 4124 526 4193 ribus
545 4125 605 4216 qui
626 4125 670 4193 de
690 4125 883 4194 fautoribus
903 4136 937 4194 et
957 4124 1231 4217 receptatoribus
1248 4124 1409 4217 superius
1429 4136 1481 4192 est
1510 4135 1675 4206 notatus,
1700 4123 1782 4213 quia
1804 4121 1852 4192 de

428 4220 725 4291 similibussimile
739 4234 792 4292 est
809 4223 994 4312 juditium,
1012 4222 1105 4314 quod
1123 4223 1308 4292 advertere
1324 4222 1451 4313 poterit
1464 4221 1613 4311 diligens
1633 4219 1820 4311 inquisitor
1836 4243 1845 4304 3

430 4318 645 4410 impossibile
664 4332 717 4388 est
736 4320 828 4389 euim
848 4319 1033 4413 perstringi
1058 4317 1103 4389 ad
1131 4341 1282 4410 unguem
1303 4319 1438 4410 singula
1460 4340 1528 4411 qne
1550 4320 1583 4385 in
1605 4318 1694 4386 facto
1718 4316 1854 4386 consis-

429 4425 519 4486 tunt.

477 4513 514 4582 D.
542 4555 590 4566 -
615 4514 664 4584 De
683 4516 807 4586 ordino
825 4517 942 4608 itaque
961 4516 1176 4606 agendorum
1198 4517 1233 4584 in
1252 4515 1460 4585 executione
1478 4511 1582 4583 officii
1604 4513 1853 4604 inquisitorum

428 4613 590 4704 superius
605 4626 658 4683 est
677 4635 882 4704 expressum
897 4638 906 4700 ;
926 4635 1017 4683 nunc
1031 4624 1147 4683 autem
1163 4613 1254 4683 circa
1273 4613 1414 4682 modum
1430 4613 1579 4703 agentis,
1598 4611 1779 4681 sciendum
1796 4621 1852 4680 est

427 4711 522 4800 quod
545 4711 670 4802 triplex
690 4712 879 4781 inducitur.

477 4808 515 4900 u)
541 4807 656 4878 Primo
681 4809 859 4892 videlicet,
881 4819 919 4879 nt
939 4809 1123 4901 inquisitor
1142 4811 1188 4879 sit
1206 4807 1356 4899 diligens
1375 4828 1415 4877 ac
1437 4808 1576 4878 fervens
1596 4805 1670 4876 zelo
1691 4806 1851 4876 veritatis

428 4900 512 4973 fidei
542 4918 576 4975 et
602 4906 724 4976 salutis
752 4907 946 4976 animarum
971 4908 1016 4976 ad
1043 4906 1309 4976 detestationem
1339 4917 1374 4976 et
1399 4906 1670 4997 extirpationem
1696 4902 1852 4972 heretice

429 5004 633 5093 pravitatis,
654 5005 705 5073 sic
721 5014 837 5074 autem
858 5005 992 5074 ferveat
1010 5006 1101 5073 iuter
1117 5005 1336 5097 displicentia
1359 5015 1394 5073 et
1417 5002 1636 5074 occurrentia
1654 5000 1850 5081 accidentia

944 5784 1175 6008 Α
1324 6000 1381 6007 ,
