4574 6404
591 661 634 728 66
874 671 1038 725 Phocaica
1063 670 1305 738 iNQUiSl'FiONiS
1333 667 1495 722 notarice
1520 665 1736 723 pulvinaris*-

588 848 704 907 torum
723 832 872 904 Tholose
885 831 1034 901 aciratri
1055 830 1115 900 lali
1133 830 1175 902 N.
1188 829 1349 922 ejusdem
1364 826 1642 914 ordinis,Frater
1658 824 1857 895 Beruardus
1877 826 2026 917 inquisi-

589 945 656 1018 tor,
668 942 752 1016 etc,
765 941 921 1001 eternam
934 932 970 997 in
982 927 1305 999 Domiuosaiutem.
1318 968 1366 978 -
1379 925 1463 995 Cum
1476 934 1618 1018 propter
1638 923 1746 992 muita
1765 924 1912 1013 negocia
1927 934 1963 993 et
1979 945 2026 995 ex

587 1032 692 1104 certis
712 1031 826 1099 causis
846 1027 973 1097 talibus
993 1046 1048 1095 me
1068 1036 1253 1119 opporteat
1272 1046 1350 1096 esse
1369 1024 1550 1095 absentem
1572 1042 1593 1091 a
1620 1020 1779 1114 partibus
1798 1020 2021 1111 TholosauiS,

588 1129 691 1198 vobis
720 1147 760 1195 ac
779 1138 935 1196 vestrum
967 1124 1113 1194 cuilibet
1136 1126 1171 1192 iu
1199 1123 1352 1194 solidum
1382 1122 1427 1192 de
1454 1141 1606 1213 quorum
1634 1119 1724 1206 zelo,
1746 1118 1961 1189 discretione
1985 1140 2026 1190 ac

588 1225 781 1318 prudencia
807 1217 847 1317 [Ρ
867 1221 913 1290 35
933 1217 965 1318 c]
988 1242 1072 1312 gero
1097 1218 1261 1290 fiduciam
1282 1220 1502 1313 pleniorem,
1519 1219 1700 1289 committo
1730 1227 1851 1286 tenore
1880 1238 2025 1310 presen-

589 1323 674 1392 tium
693 1325 729 1390 iu
754 1319 992 1411 inquisitionis
1017 1317 1132 1389 cilicio
1159 1317 1314 1412 plenarie
1338 1318 1434 1388 vices
1456 1314 1622 1387 mensio
1644 1314 1745 1404 cujus
1762 1317 2024 1385 commissionis

588 1421 695 1492 robur
712 1439 753 1488 ac
771 1416 1008 1488 testimonium
1029 1416 1182 1507 sigilium
1194 1437 1309 1486 meum
1326 1415 1478 1510 (i)duxi
1495 1412 2019 1508 presentibusappcndeudum.

587 1518 728 1601 Datum,
755 1527 790 1586 et
809 1526 940 1586 cetera.

831 1743 892 1806 46.
917 1743 1010 1806 Item
1025 1741 1143 1806 torma
1158 1742 1233 1805 alia
1248 1742 1291 1805 de
1308 1743 1433 1805 eodem
1447 1741 1488 1804 in
1504 1756 1593 1804 casu
1612 1739 1777 1819 speciali.

637 1960 674 2029 in
694 1960 799 2030 ihesu
815 1958 952 2030 Christo
972 1961 1040 2029 sibi
1063 1959 1258 2029 karissimis
1278 1958 1374 2029 iratri
1399 1958 1457 2027 tali
1475 1957 1516 2027 N.
1540 1956 1646 2048 priori
1670 1957 1814 2026 iratrum
1832 1955 1914 2025 ord.
1935 1954 2022 2025 Pre-

590 2059 659 2129 dic.
679 2058 890 2128 Carcassoue
910 2067 945 2127 et
965 2057 1061 2126 iratri
1080 2057 1140 2126 taii
1159 2057 1200 2126 N.
1216 2056 1334 2127 lectori
1354 2055 1500 2141 ibidem,
1516 2054 1635 2125 Frater
1653 2053 1852 2124 Beruardus
1870 2051 2024 2144 inquisi-

590 2167 657 2244 tor,
680 2168 764 2240 etc,
786 2168 943 2225 eternam
965 2155 1000 2223 in
1018 2155 1168 2225 Domino
1187 2154 1349 2225 salutem.
1373 2194 1418 2207 -
1441 2152 1524 2222 Cum
1548 2152 1722 2222 Dominus
1742 2151 1898 2222 omnium
1919 2149 1965 2218 ad
1986 2171 2026 2220 se
2052 2188 2057 2195 ·

589 2256 768 2325 vocaverit
783 2264 818 2323 et
839 2252 940 2322 nohis
960 2252 1177 2322 subtraxerit
1196 2253 1241 2322 de
1259 2251 1327 2322 hoc
1346 2252 1479 2322 mundo
1503 2250 1727 2320 karissimum
1754 2248 1860 2320 michi
1884 2261 2023 2340 patrem

590 2362 625 2422 et
644 2351 814 2441 collegam
840 2351 875 2418 iu
902 2348 1018 2421 oiiicio
1039 2349 1278 2441 inquisitionis
1297 2349 1524 2442 pugilemque
1542 2361 1663 2417 contra
1684 2347 1804 2417 hostes
1830 2344 1913 2415 fidei
1934 2355 2025 2415 stre-

590 2471 698 2519 nuum
729 2460 764 2518 et
791 2447 931 2517 aiietam
960 2446 1115 2517 Fratrem
1139 2445 1346 2517 Gauiridum
1374 2446 1419 2517 de
1446 2445 1603 2516 Abiusiis
1627 2444 1915 2537 coinquisitorem
1940 2463 2026 2536 spe-

589 2547 724 2617 cialiter
750 2544 786 2614 iu
814 2545 971 2637 partibus
998 2543 1335 2615 Carcassonensihus
1369 2544 1589 2637 deputatum,
1625 2555 1660 2612 et
1694 2564 1760 2634 ego
1796 2562 1889 2611 nunc
1920 2560 2025 2631 agam

590 2646 789 2714 necessario
809 2645 843 2711 in
861 2642 1004 2714 remotis
1024 2641 1097 2733 (nel
1111 2641 1161 2713 sic
1183 2669 1190 2710 ι
1214 2652 1334 2733 elego
1355 2663 1426 2711 non
1446 2643 1577 2734 possim
1606 2641 1689 2710 iiiuc
1714 2640 1946 2732 personaliter
1969 2658 2026 2707 me

589 2740 786 2836 conterre),
810 2761 855 2809 ne
873 2740 989 2810 desint
1011 2739 1159 2809 ministri
1178 2741 1368 2811 necessarii
1389 2739 1425 2808 in
1448 2741 1700 2831 inquisitione,
1723 2738 1904 2810 committo
1922 2736 2026 2806 vohis

592 2841 750 2909 terminis
765 2842 800 2907 iu
820 2839 985 2909 omnihus
1011 2838 1296 2908 senescaiiiarum
1323 2836 1626 2923 Carcassoneusis,
1654 2835 1865 2907 Biterrensis
1890 2845 1926 2904 ct
1948 2832 2025 2903 Bei-

589 2936 726 3020 iicadri,
747 2947 868 3007 tenore
888 2937 1123 3028 presencium,
1145 2935 1302 3028 plenarie
1329 2937 1424 3005 vices
1452 2955 1562 3021 meas,
1585 2935 1698 3005 donec
1722 2933 1908 3026 inquisitor
1932 2932 2025 3002 alius

590 3034 723 3125 dequo
742 3036 922 3126 prousum
945 3033 1103 3103 extiterit
1131 3036 1334 3125 pervenerit
1359 3031 1623 3119 Carcassonam,
1646 3032 1713 3102 nisi
1739 3035 1816 3126 ipse
1835 3030 2026 3122 inquisitor

589 3131 691 3201 aliter
716 3130 861 3201 duceret
889 3130 1140 3202 ordinandum.
1171 3130 1296 3200 Datum
1332 3130 1514 3215 Lucduni,
1541 3129 1713 3224 iii⁰-ydus
1732 3128 1966 3223 septembris,
1989 3129 2026 3196 in

589 3231 744 3395 ppaptplpo
758 3228 894 3396 jpxiplitus
930 3227 1112 3300 memorati
1146 3227 1275 3298 Fratris
1303 3228 1462 3299 Gauiridi
1495 3227 1732 3320 inquisitoris,
1760 3248 1856 3298 anno
1887 3225 2026 3297 Domini

624 3335 638 3368 0
724 3336 738 3368 0
834 3336 848 3368 0

590 3580 651 3644 47.
677 3582 727 3660 [10¹⁰
745 3582 781 3644 35
797 3581 828 3660 d]
853 3582 994 3645 Littera
1015 3582 1058 3645 de
1073 3580 1232 3662 hospitio
1247 3583 1509 3663 inquisitorum
1532 3581 1686 3645 Tholose
1706 3596 1780 3644 non
1800 3580 2025 3660 exponendo.

640 3823 677 3891 iu
696 3822 802 3892 ihesu
821 3821 957 3893 Christo
977 3823 1045 3893 sihi
1064 3824 1255 3895 carissimis
1272 3824 1437 3895 iratribus
1457 3823 1658 3895 tenentibus
1679 3823 1794 3895 iocum
1809 3844 1913 3895 suum
1934 3822 2027 3894 Tho-

592 3920 687 4005 lose,
710 3920 828 3989 Frater
848 3919 1046 3991 Beruardus
1064 3920 1250 4008 (luidonis,
1272 3922 1459 4013 inquisitor
1477 3921 1627 3993 Tholose
1646 3921 1801 3993 heretice
1822 3919 2023 4016 pravitatis,

591 4029 747 4088 eternam
770 4017 805 4086 in
821 4017 970 4089 Domino
985 4019 1149 4090 salutem.
1169 4060 1217 4072 -
1230 4018 1315 4089 Cum
1334 4020 1461 4091 domus
1480 4041 1543 4090 seu
1566 4019 1761 4112 hospicium
1783 4019 2027 4112 inquisitionis

591 4114 637 4184 sit
654 4114 757 4184 vaide
777 4116 1014 4186 necessarium
1035 4118 1130 4187 omui
1151 4128 1310 4212 tempore
1325 4118 1370 4187 ad
1389 4137 1430 4187 ea
1446 4139 1515 4209 que
1534 4117 1740 4187 incumbunt
1759 4118 1793 4187 iu
1815 4118 1892 4210 ipso
1913 4118 2028 4211 inqui-

591 4212 728 4281 sitionis
746 4211 862 4284 cilicio
882 4214 1081 4307 prompcius
1098 4216 1323 4307 exequenda,
1337 4235 1474 4285 necnon
1494 4215 1539 4284 ad
1559 4215 1842 4286 conservandum
1864 4214 1973 4288 iihros
1993 4225 2029 4285 et

590 4320 666 4378 acta
684 4309 921 4401 inquisitionis
935 4312 1048 4382 tucius
1063 4312 1099 4382 in
1119 4314 1245 4383 eodem
1261 4322 1403 4406 propter
1423 4312 1552 4383 multos
1569 4333 1671 4383 casus
1688 4313 1888 4405 inopinatos
1906 4313 2027 4384 subito

592 4419 826 4498 emergentes,
838 4408 929 4478 sicut
944 4431 1010 4501 ego
1026 4409 1145 4503 sepius
1160 4431 1237 4480 sum
1257 4421 1445 4505 expertus,
1459 4410 1539 4481 ideo
1555 4410 1638 4481 volo
1655 4422 1691 4480 et
1706 4411 1832 4482 ordino
1853 4411 2028 4504 vobisque

591 4503 748 4575 districtc
766 4505 909 4598 impono
929 4529 973 4577 ne
992 4507 1184 4601 predictam
1202 4508 1344 4579 domum
1365 4529 1427 4578 seu
1446 4507 1642 4603 hospicium
1665 4508 1809 4579 tradatis
1825 4530 1889 4580 seu
1909 4529 2024 4602 expo·

592 4603 683 4672 natis
701 4603 804 4673 alicui
825 4604 870 4672 ad
891 4603 1118 4675 habitandum
1140 4606 1176 4674 iu
1196 4626 1273 4676 mea
1297 4605 1474 4693 absentia,
1496 4605 1701 4700 simpliciter
1726 4607 1784 4677 vei
1809 4607 1853 4676 ad
1885 4618 2025 4700 tempus

593 4699 627 4766 iu
647 4700 766 4791 aliquo
784 4721 881 4785 casu,
904 4702 969 4771 nisi
989 4703 1105 4773 iorsan
1126 4704 1292 4775 domiuus
1311 4703 1527 4774 senescallus
1542 4703 1692 4774 Tholose
1709 4725 1773 4798 pro
1793 4725 1942 4798 persona
1962 4725 2027 4775 sua

592 4797 775 4866 dunnaxat
794 4798 986 4889 indigeret,
1013 4800 1048 4869 in
1069 4821 1112 4872 eo
1131 4821 1214 4871 casu
1235 4802 1271 4870 in
1290 4822 1362 4892 quo
1380 4799 1578 4894 hospicium
1599 4801 1724 4895 prelati
1752 4803 1886 4874 domini
1904 4823 2027 4873 senes·

627 5047 663 5117 (i)
679 5050 768 5102 ,litum
782 5049 895 5121 d'aprbs
911 5052 935 5105 ic
952 5069 1008 5155 cusp
1023 5053 1084 5109 388.
