4574 6404
433 671 475 738 18
715 681 878 735 Putcrtct
903 683 1144 749 tuomstrtuuts
1171 683 1334 736 usuarius
1361 684 1573 738 pulvinaris.

430 815 593 910 quamvis
612 812 746 885 diutius
764 809 837 905 (υεί
849 812 927 886 sio:
947 825 1044 886 tantu
1065 825 1222 908 tempore
1235 814 1501 912 (exprimatur)
1517 816 1622 887 tuerit
1639 827 1861 910 expectatus,

429 927 466 986 et
484 923 627 1007 propter
648 911 715 982 hoc
734 911 799 981 tuit
818 922 981 1003 tanquam
1003 924 1193 985 contumax
1213 915 1248 984 in
1268 935 1374 984 causa
1393 912 1474 985 fidei
1495 935 1514 984 a
1533 914 1635 986 uobis
1652 936 1859 987 excommu-

429 1013 589 1096 nicatus,
608 1029 712 1102 quam
733 1011 1132 1082 excommunicationem
1153 1011 1321 1082 sustinuit
1340 1012 1430 1081 ultra
1450 1033 1580 1082 annum
1603 1011 1675 1106 (υεί
1696 1012 1747 1084 sic
1772 1038 1784 1081 :
1812 1023 1864 1085 tot

429 1110 531 1180 aunis
551 1104 813 1200 (exprimatur)
833 1119 868 1176 et
893 1108 1010 1179 adhuc
1027 1111 1178 1179 sustinet
1196 1110 1315 1180 auimo
1335 1109 1505 1202 pertinaci
1527 1110 1561 1179 in
1581 1131 1646 1180 sua
1667 1111 1803 1181 malicia
1824 1120 1862 1183 et

429 1208 510 1297 iuga
533 1204 756 1299 pertinaciter
771 1225 1021 1296 perseverans3
1039 1206 1246 1278 auctoritate
1260 1207 1450 1299 apostolica
1469 1228 1538 1297 qua
1557 1208 1735 1298 fungimur
1754 1207 1861 1280 vobis

430 1303 637 1374 mandamus
664 1301 854 1392 quatinus,
884 1313 922 1372 ut
947 1303 1037 1393 juris
1065 1304 1154 1374 ordo
1181 1315 1363 1387 servetur,
1392 1304 1506 1374 citetis
1537 1326 1583 1376 ex
1612 1315 1712 1398 parte
1741 1315 1863 1377 nostru

430 1401 623 1497 predictum
651 1399 753 1468 talem
774 1399 937 1491 quamvis
959 1401 1141 1472 absentem
1170 1412 1205 1471 et
1233 1401 1433 1492 lngittivum
1464 1401 1499 1471 in
1526 1402 1705 1474 domicilio
1734 1425 1798 1475 seu
1825 1402 1863 1472 in

430 1502 506 1571 loco
528 1498 586 1567 ubi
607 1496 766 1567 babitare
786 1517 847 1565 seu
866 1499 994 1568 morari
1009 1499 1243 1570 communiter
1261 1500 1463 1583 consuevit,
1487 1499 1663 1590 adjunctis
1677 1500 1862 1572 vobiscum

428 1597 577 1668 testibus
597 1593 667 1664 tide
685 1593 819 1687 dignis,
841 1615 977 1666 necnon
999 1596 1035 1666 iu
1055 1596 1203 1666 ecclesia
1223 1606 1366 1681 vestra,
1387 1598 1482 1668 clero
1508 1608 1544 1667 et
1564 1598 1694 1690 populo
1713 1618 1861 1691 cougre-

428 1708 509 1789 gato
528 1692 658 1763 ibidem
685 1692 729 1761 ad
754 1691 971 1762 audiendum
996 1693 1139 1783 divina,
1163 1694 1221 1765 die
1247 1693 1421 1765 dominica
1449 1696 1611 1787 proximo
1640 1695 1798 1766 venienti
1825 1704 1863 1766 et

428 1794 567 1866 dnobus
586 1790 712 1860 diebus
732 1789 917 1861 dominicis
944 1791 1147 1862 immediate
1174 1792 1405 1884 sequentihus
1427 1787 1468 1888 [p
1489 1792 1532 1860 tu
1552 1788 1584 1890 c]
1607 1813 1757 1885 qnorum
1784 1791 1862 1864 die·

428 1914 505 1964 rum
530 1888 725 1982 quemlibet
749 1909 812 1981 pro
839 1889 954 1961 edicto
983 1889 1158 1960 citationis
1184 1890 1444 1983 perhemptoria
1470 1891 1712 1982 assignamus,
1736 1901 1774 1961 ut
1801 1889 1861 1961 tali

428 1991 506 2075 die,
537 2009 642 2080 qnam
671 2009 734 2080 pro
762 1987 911 2057 termino
942 1987 1204 2081 perhemptoria
1230 1988 1473 2078 assignamus,
1505 1989 1538 2057 iu
1568 1989 1716 2059 ecclesia
1742 1987 1861 2059 Sancti

431 2086 599 2182 Stephani
621 2084 812 2156 cathedrali
833 2083 905 2179 (υεί
923 2110 934 2154 .·
954 2087 989 2155 in
1017 2085 1074 2154 tali
1095 2083 1189 2179 loco)
1213 2084 1376 2171 Thelme,
1407 2087 1637 2178 personaliter
1662 2093 1865 2179 compareat

428 2207 544 2259 coram
565 2184 689 2270 nobis,
706 2205 813 2277 super
834 2184 1013 2276 permissis
1034 2184 1114 2276 iuga
1132 2195 1239 2278 atque
1258 2183 1499 2266 contumacia,
1519 2204 1656 2255 necnon
1671 2204 1779 2277 super
1798 2205 1861 2254 ex·

427 2281 754 2357 communicationis
774 2282 947 2352 sententia
968 2303 1073 2375 quam
1094 2283 1185 2353 sicut
1199 2295 1390 2353 contumax
1411 2282 1446 2350 in
1466 2302 1572 2353 causa
1590 2279 1674 2352 fidei
1692 2293 1742 2355 tot
1758 2281 1861 2353 annis

428 2381 595 2455 sustinuit
612 2391 648 2450 et
666 2378 782 2449 adbuc
800 2380 950 2451 sustinet
968 2380 1087 2450 animo
1108 2379 1294 2472 pertinaci,
1316 2377 1541 2450 diffinitivum
1566 2380 1776 2451 sententiam
1793 2402 1859 2451 an·

427 2481 583 2566 diturus3
608 2477 748 2571 publice
768 2477 963 2549 indicentes
982 2488 1019 2548 et
1037 2478 1293 2548 denunciantes
1311 2498 1356 2548 ex
1378 2487 1477 2570 parte
1498 2488 1615 2550 nostra
1636 2479 1754 2571 quod,
1781 2480 1861 2550 sive

427 2576 567 2650 venerit
588 2577 667 2647 sive
692 2596 762 2646 non
786 2577 925 2647 venerit
944 2576 1059 2647 dictus
1089 2576 1188 2660 tatis,
1215 2574 1448 2668 procedemus
1478 2575 1728 2647 nichilominus
1753 2597 1861 2670 super

426 2675 607 2769 premissis
624 2683 660 2744 et
677 2693 719 2744 ea
740 2675 965 2766 tangentibus
982 2676 1028 2744 ad
1041 2672 1265 2744 diffinitivam
1286 2672 1497 2743 senteutiam
1515 2685 1620 2766 prout
1634 2685 1670 2744 et
1686 2684 1858 2766 quantum

427 2774 568 2864 dejure
588 2772 692 2841 tuerit
712 2782 746 2841 et
766 2771 855 2842 ratio
871 2771 1056 2858 suadebit,
1078 2772 1273 2843 secundum
1296 2791 1398 2840 usum
1419 2781 1454 2840 et
1472 2772 1591 2841 stilum
1613 2770 1718 2842 otfieii
1740 2772 1860 2864 inqui-

426 2871 586 2956 sitionis,
604 2870 715 2962 ipsius
733 2870 811 2939 talis
828 2870 987 2940 absentia
1005 2891 1075 2941 uon
1090 2871 1271 2957 obstante3
1293 2879 1328 2940 et
1344 2867 1533 2959 insignum
1555 2889 1596 2939 uc
1617 2870 1859 2940 testimonium

426 2969 521 3060 quod
543 2977 722 3059 presentes
742 2966 875 3037 litteras
895 2968 1097 3060 receperitis
1116 2980 1151 3038 et
1173 2978 1337 3039 contenta
1364 2965 1400 3035 in
1427 2966 1479 3036 eis
1507 2968 1718 3038 executione
1739 2969 1860 3039 debite

425 3064 745 3158 demandaveritis,
765 3064 919 3155 sigillum
941 3075 1098 3136 vestrum
1129 3065 1351 3158 presentibus
1376 3066 1577 3156 apponatis.
1609 3065 1736 3135 Datum
1765 3065 1858 3136 Tho·

426 3162 520 3248 lose,
542 3173 610 3233 etc.

426 3417 486 3483 21.
509 3417 642 3483 Forma
658 3419 873 3499 publicandi
887 3418 1005 3483 latam
1021 3419 1244 3484 sententiam
1260 3418 1496 3483 diffinitivam
1517 3426 1647 3483 eontra
1662 3418 1858 3498 lugittivos

697 3542 762 3606 pro
778 3525 875 3589 tacto
891 3526 1033 3590 heresis
1049 3527 1089 3591 in
1107 3542 1223 3591 eausa
1235 3524 1317 3590 fidei
1336 3535 1583 3591 contumaces.

476 3770 877 3857 FraterBer.Gnidonis,
894 3770 972 3841 ord.
990 3769 1141 3856 Predic.,
1161 3769 1361 3861 inquisitor,
1387 3777 1472 3857 etc,
1492 3770 1676 3863 capellano
1693 3771 1767 3857 tali,
1786 3783 1857 3843 etc.

425 3917 473 3928 -
486 3872 569 3943 Cum
583 3869 794 3965 jamdudum
812 3868 898 3939 tales
910 3879 946 3937 et
963 3867 1049 3938 tales
1067 3868 1111 3938 de
1128 3866 1187 3936 tali
1207 3869 1282 3938 loco
1299 3865 1452 3957 iugiltivi
1470 3888 1533 3960 pro
1549 3868 1640 3941 lacto
1652 3869 1790 3940 heresis
1809 3870 1862 3941 le·

423 3973 545 4066 gitime
563 3979 597 4040 et
615 3965 782 4038 canonice
801 3965 846 4036 de
867 3966 1032 4036 mundato
1052 3976 1171 4036 nostro
1190 3964 1284 4035 citati
1305 3962 1434 4033 tuerint
1453 3985 1531 4035 oum
1554 3968 1702 4059 publicis
1722 3967 1854 4038 edictis

427 4081 466 4141 ut
482 4074 725 4160 comparerent
742 4083 858 4135 coram
880 4063 983 4134 uobis
1001 4063 1106 4132 cerlis
1126 4061 1251 4134 diebus
1272 4071 1307 4133 et
1325 4063 1401 4132 loco
1423 4063 1683 4158 perhemptoria
1701 4066 1859 4157 assigna·

429 4167 494 4253 tis,
516 4163 719 4257 responsuri
735 4162 780 4233 de
801 4160 871 4232 tide
889 4172 925 4231 et
944 4161 989 4232 de
1014 4160 1172 4253 hiisque
1195 4169 1316 4232 contra
1337 4179 1413 4230 eam
1442 4160 1579 4232 inventi
1606 4172 1690 4233 sunt
1711 4164 1859 4235 commi·

427 4265 533 4349 sisse,
555 4275 590 4334 et
609 4261 752 4331 minime
769 4259 1050 4352 comparuerint,
1072 4279 1138 4329 uec
1156 4258 1284 4351 aliquis
1304 4278 1366 4351 pro
1386 4257 1521 4328 eisdem
1543 4255 1584 4356 [tj
1606 4259 1649 4336 to
1668 4257 1705 4358 d]
1717 4314 1727 4349 ,
1749 4261 1859 4335 immo

426 4361 627 4453 aufugerint
643 4379 767 4452 parere
786 4356 1083 4447 subterfugientes
1103 4368 1138 4426 et
1159 4378 1197 4427 se
1217 4357 1311 4449 ipsus
1334 4357 1587 4429 contumaciter
1605 4358 1856 4449 absentantes,

426 4461 521 4532 unde
540 4458 705 4550 exigente
725 4476 846 4528 eorum
867 4453 1080 4525 contumatia
1100 4454 1136 4523 in
1156 4454 1247 4525 tacto
1266 4453 1349 4525 fidei
1365 4454 1506 4524 fuerunt
1521 4458 1815 4528 excommunicati
1836 4479 1856 4528 a

426 4558 547 4643 nobis,
567 4566 603 4626 et
631 4576 692 4646 per
719 4575 850 4624 annum
879 4552 934 4623 vel
959 4550 1109 4644 amplius
1138 4549 1303 4645 (celuim
1326 4551 1525 4644 perplures
1550 4551 1701 4647 annos),
1725 4556 1857 4627 dictam

426 4651 800 4727 excommunicationis
818 4650 1034 4722 sentenciam
1053 4648 1277 4742 pertinaciter
1294 4649 1539 4721 sustinuerunt
1557 4652 1684 4723 animis
1705 4653 1853 4725 indura-

427 4754 492 4840 tis,
512 4763 547 4824 et
565 4749 787 4845 postmodum
807 4748 903 4818 citati
924 4747 1054 4819 tuerint
1074 4746 1333 4841 perhemptoria
1352 4745 1397 4817 ad
1417 4758 1548 4819 certam
1569 4752 1662 4821 diem
1682 4760 1717 4822 et
1737 4750 1857 4822 locum

427 4861 466 4920 ut
483 4849 646 4921 venirent
669 4844 893 4918 diffinitivam
911 4843 1122 4917 sententiam
1148 4844 1327 4929 audituri,
1348 4855 1384 4914 et
1409 4845 1553 4919 minime
1573 4849 1756 4937 venerint,
1780 4860 1858 4920 tau-

426 4947 506 5018 dem
528 4948 682 5039 ipsorum
703 4945 868 5035 exigente
885 4944 987 5036 culpa
1004 4952 1039 5013 et
1058 4941 1230 5013 suadente
1246 4941 1411 5033 justicia,
1425 4943 1517 5033 juris
1532 4945 1658 5017 urdine
1678 4957 1782 5038 prout
1796 4946 1858 5018 de·

426 5045 498 5116 cuit
518 5043 729 5130 observato,
752 5041 797 5112 de
823 5041 996 5111 bonorum
1023 5050 1059 5111 et
1083 5040 1275 5135 peritorum
1296 5039 1453 5111 virorum
1474 5042 1636 5130 consilio,
1659 5042 1694 5112 iu
1719 5044 1860 5137 publicu
