<?xml version="1.0" encoding="UTF-8"?>
<!DOCTYPE html PUBLIC "-//W3C//DTD XHTML 1.0 Transitional//EN"
    "http://www.w3.org/TR/xhtml1/DTD/xhtml1-transitional.dtd">
<html xmlns="http://www.w3.org/1999/xhtml" xml:lang="en" lang="en">
 <head>
  <title>
</title>
<meta http-equiv="Content-Type" content="text/html;charset=utf-8" />
  <meta name='ocr-system' content='tesseract 3.04.00' />
  <meta name='ocr-capabilities' content='ocr_page ocr_carea ocr_par ocr_line ocrx_word'/>
</head>
<body>
  <div class='ocr_page' id='page_1' title='image "./practicainquisi00douagoog_0076.png"; bbox 0 0 4574 6404; ppageno 0'>
   <div class='ocr_carea' id='block_1_1' title="bbox 599 646 1740 730">
    <p class='ocr_par' dir='ltr' id='par_1_1' title="bbox 599 646 1740 730">
     <span class='ocr_line' id='line_1_1' title="bbox 599 646 1740 730; baseline -0.006 -15"><span class='ocrx_word' id='word_1_1' title='bbox 599 646 643 715; x_wconf 80' lang='lat'><strong>58</strong></span> <span class='ocrx_word' id='word_1_2' title='bbox 886 663 1048 716; x_wconf 73' lang='lat' dir='ltr'><strong>assertos</strong></span> <span class='ocrx_word' id='word_1_3' title='bbox 1075 663 1314 730; x_wconf 80' lang='lat' dir='ltr'><strong>ruqutsrrrorus</strong></span> <span class='ocrx_word' id='word_1_4' title='bbox 1342 663 1504 716; x_wconf 77' lang='lat' dir='ltr'><strong>usserius</strong></span> <span class='ocrx_word' id='word_1_5' title='bbox 1530 662 1740 715; x_wconf 79' lang='lat' dir='ltr'><strong>rasvrmrrs.</strong></span> 
     </span>
    </p>
   </div>
   <div class='ocr_carea' id='block_1_2' title="bbox 595 923 2033 1214">
    <p class='ocr_par' dir='ltr' id='par_1_2' title="bbox 595 923 2033 1214">
     <span class='ocr_line' id='line_1_2' title="bbox 595 923 2033 1006; baseline 0.001 -17"><span class='ocrx_word' id='word_1_6' title='bbox 595 925 656 990; x_wconf 81' lang='lat'><strong>29.</strong></span> <span class='ocrx_word' id='word_1_7' title='bbox 680 925 815 989; x_wconf 81' lang='lat' dir='ltr'><strong>Forma</strong></span> <span class='ocrx_word' id='word_1_8' title='bbox 830 925 1016 1006; x_wconf 83' lang='lat' dir='ltr'><strong>quittandi</strong></span> <span class='ocrx_word' id='word_1_9' title='bbox 1031 925 1183 988; x_wconf 86' lang='lat' dir='ltr'><strong>heredes</strong></span> <span class='ocrx_word' id='word_1_10' title='bbox 1201 926 1363 1004; x_wconf 83' lang='lat' dir='ltr'><strong>alicujus</strong></span> <span class='ocrx_word' id='word_1_11' title='bbox 1379 924 1558 1001; x_wconf 80' lang='lat' dir='ltr'><strong>defuncti,</strong></span> <span class='ocrx_word' id='word_1_12' title='bbox 1575 932 1769 1004; x_wconf 88' lang='lat' dir='ltr'><strong>postquam</strong></span> <span class='ocrx_word' id='word_1_13' title='bbox 1784 923 2033 990; x_wconf 79' lang='lat' dir='ltr'><strong>satisfecerint</strong></span> 
     </span>
     <span class='ocr_line' id='line_1_3' title="bbox 635 1030 2031 1113; baseline 0.001 -18"><span class='ocrx_word' id='word_1_14' title='bbox 635 1047 745 1112; x_wconf 87' lang='lat' dir='ltr'><strong>super</strong></span> <span class='ocrx_word' id='word_1_15' title='bbox 757 1030 898 1095; x_wconf 87' lang='lat' dir='ltr'><strong>delectu</strong></span> <span class='ocrx_word' id='word_1_16' title='bbox 916 1031 1259 1111; x_wconf 73' lang='lat' dir='ltr'>peregrinationum</span> <span class='ocrx_word' id='word_1_17' title='bbox 1277 1049 1368 1113; x_wconf 90' lang='lat' dir='ltr'><strong>quas</strong></span> <span class='ocrx_word' id='word_1_18' title='bbox 1387 1033 1508 1096; x_wconf 89' lang='lat' dir='ltr'><strong>dictus</strong></span> <span class='ocrx_word' id='word_1_19' title='bbox 1525 1030 1720 1096; x_wconf 86' lang='lat' dir='ltr'><strong>defunctus</strong></span> <span class='ocrx_word' id='word_1_20' title='bbox 1734 1048 1810 1096; x_wconf 91' lang='lat' dir='ltr'><strong>non</strong></span> <span class='ocrx_word' id='word_1_21' title='bbox 1827 1033 2031 1113; x_wconf 81' lang='lat' dir='ltr'><strong>compleve-</strong></span> 
     </span>
     <span class='ocr_line' id='line_1_4' title="bbox 634 1138 997 1214; baseline -0.017 -12"><span class='ocrx_word' id='word_1_22' title='bbox 634 1147 713 1214; x_wconf 86' lang='lat' dir='ltr'><strong>rat,</strong></span> <span class='ocrx_word' id='word_1_23' title='bbox 732 1139 819 1202; x_wconf 89' lang='lat' dir='ltr'><strong>dum</strong></span> <span class='ocrx_word' id='word_1_24' title='bbox 837 1138 997 1201; x_wconf 77' lang='lat' dir='ltr'><strong>vivebat.</strong></span> 
     </span>
    </p>
   </div>
   <div class='ocr_carea' id='block_1_3' title="bbox 563 1379 2031 2159">
    <p class='ocr_par' dir='ltr' id='par_1_3' title="bbox 595 1379 2031 1670">
     <span class='ocr_line' id='line_1_5' title="bbox 642 1379 2031 1474; baseline 0.001 -24"><span class='ocrx_word' id='word_1_25' title='bbox 642 1381 777 1451; x_wconf 89' lang='lat' dir='ltr'><strong>Tenore</strong></span> <span class='ocrx_word' id='word_1_26' title='bbox 806 1383 1021 1474; x_wconf 88' lang='lat' dir='ltr'><strong>presentium</strong></span> <span class='ocrx_word' id='word_1_27' title='bbox 1052 1392 1174 1452; x_wconf 94' lang='lat' dir='ltr'><strong>notum</strong></span> <span class='ocrx_word' id='word_1_28' title='bbox 1207 1379 1268 1452; x_wconf 88' lang='lat' dir='ltr'><strong>liat</strong></span> <span class='ocrx_word' id='word_1_29' title='bbox 1296 1382 1391 1474; x_wconf 92' lang='lat' dir='ltr'><strong>quod</strong></span> <span class='ocrx_word' id='word_1_30' title='bbox 1424 1402 1487 1452; x_wconf 93' lang='lat' dir='ltr'><strong>nos</strong></span> <span class='ocrx_word' id='word_1_31' title='bbox 1516 1382 1593 1453; x_wconf 91' lang='lat' dir='ltr'><strong>talis</strong></span> <span class='ocrx_word' id='word_1_32' title='bbox 1620 1381 1662 1450; x_wconf 91' lang='lat' dir='ltr'><strong>N.</strong></span> <span class='ocrx_word' id='word_1_33' title='bbox 1692 1381 1878 1474; x_wconf 81' lang='lat' dir='ltr'><strong>inquisitor</strong></span> <span class='ocrx_word' id='word_1_34' title='bbox 1909 1392 2031 1453; x_wconf 90' lang='lat' dir='ltr'><strong>tenore</strong></span> 
     </span>
     <span class='ocr_line' id='line_1_6' title="bbox 595 1478 2031 1573; baseline 0.001 -26"><span class='ocrx_word' id='word_1_35' title='bbox 595 1479 809 1573; x_wconf 90' lang='lat' dir='ltr'><strong>presentium</strong></span> <span class='ocrx_word' id='word_1_36' title='bbox 839 1478 1057 1548; x_wconf 80' lang='lat' dir='ltr'><strong>absolvimus</strong></span> <span class='ocrx_word' id='word_1_37' title='bbox 1084 1491 1120 1549; x_wconf 91' lang='lat' dir='ltr'><strong>et</strong></span> <span class='ocrx_word' id='word_1_38' title='bbox 1149 1480 1342 1571; x_wconf 78' lang='lat' dir='ltr'><strong>quittamus</strong></span> <span class='ocrx_word' id='word_1_39' title='bbox 1371 1479 1520 1550; x_wconf 87' lang='lat' dir='ltr'><strong>heredes</strong></span> <span class='ocrx_word' id='word_1_40' title='bbox 1551 1492 1586 1550; x_wconf 92' lang='lat' dir='ltr'><strong>et</strong></span> <span class='ocrx_word' id='word_1_41' title='bbox 1620 1479 1796 1550; x_wconf 92' lang='lat' dir='ltr'><strong>bonorum</strong></span> <span class='ocrx_word' id='word_1_42' title='bbox 1829 1481 2031 1551; x_wconf 84' lang='lat' dir='ltr'><strong>detentores</strong></span> 
     </span>
     <span class='ocr_line' id='line_1_7' title="bbox 595 1576 2031 1670; baseline -0.002 -22"><span class='ocrx_word' id='word_1_43' title='bbox 595 1576 748 1648; x_wconf 90' lang='lat' dir='ltr'><strong>deluncti</strong></span> <span class='ocrx_word' id='word_1_44' title='bbox 774 1577 952 1668; x_wconf 88' lang='lat' dir='ltr'><strong>quondam</strong></span> <span class='ocrx_word' id='word_1_45' title='bbox 980 1576 1058 1646; x_wconf 90' lang='lat' dir='ltr'><strong>talis</strong></span> <span class='ocrx_word' id='word_1_46' title='bbox 1078 1577 1119 1648; x_wconf 88' lang='lat' dir='ltr'><strong>N.</strong></span> <span class='ocrx_word' id='word_1_47' title='bbox 1143 1579 1187 1648; x_wconf 89' lang='lat' dir='ltr'><strong>ab</strong></span> <span class='ocrx_word' id='word_1_48' title='bbox 1207 1577 1371 1648; x_wconf 89' lang='lat' dir='ltr'><strong>omnibus</strong></span> <span class='ocrx_word' id='word_1_49' title='bbox 1391 1577 1735 1670; x_wconf 82' lang='lat' dir='ltr'><strong>peregrinationibus</strong></span> <span class='ocrx_word' id='word_1_50' title='bbox 1761 1588 1796 1647; x_wconf 88' lang='lat' dir='ltr'><strong>et</strong></span> <span class='ocrx_word' id='word_1_51' title='bbox 1818 1576 2031 1648; x_wconf 90' lang='lat' dir='ltr'><strong>visitationi·</strong></span> 
     </span>
    </p>

    <p class='ocr_par' dir='ltr' id='par_1_4' title="bbox 563 1673 2030 2159">
     <span class='ocr_line' id='line_1_8' title="bbox 563 1673 2027 1767; baseline 0 -24"><span class='ocrx_word' id='word_1_52' title='bbox 563 1676 661 1745; x_wconf 83' lang='lat' dir='ltr'><strong>.bus</strong></span> <span class='ocrx_word' id='word_1_53' title='bbox 689 1674 916 1744; x_wconf 88' lang='lat' dir='ltr'><strong>ecclesiarum</strong></span> <span class='ocrx_word' id='word_1_54' title='bbox 943 1674 1091 1745; x_wconf 86' lang='lat' dir='ltr'><strong>Tholose</strong></span> <span class='ocrx_word' id='word_1_55' title='bbox 1115 1695 1157 1744; x_wconf 91' lang='lat' dir='ltr'><strong>ac</strong></span> <span class='ocrx_word' id='word_1_56' title='bbox 1180 1696 1301 1746; x_wconf 91' lang='lat' dir='ltr'><strong>eorum</strong></span> <span class='ocrx_word' id='word_1_57' title='bbox 1327 1676 1487 1763; x_wconf 90' lang='lat' dir='ltr'><strong>delectu,</strong></span> <span class='ocrx_word' id='word_1_58' title='bbox 1509 1697 1579 1767; x_wconf 94' lang='lat' dir='ltr'><strong>que</strong></span> <span class='ocrx_word' id='word_1_59' title='bbox 1603 1675 1685 1746; x_wconf 91' lang='lat' dir='ltr'><strong>olim</strong></span> <span class='ocrx_word' id='word_1_60' title='bbox 1713 1675 1870 1767; x_wconf 91' lang='lat' dir='ltr'><strong>predicto</strong></span> <span class='ocrx_word' id='word_1_61' title='bbox 1898 1673 1956 1744; x_wconf 91' lang='lat' dir='ltr'><strong>tali</strong></span> <span class='ocrx_word' id='word_1_62' title='bbox 1984 1674 2027 1743; x_wconf 91' lang='lat' dir='ltr'><strong>N.</strong></span> 
     </span>
     <span class='ocr_line' id='line_1_9' title="bbox 590 1772 2030 1866; baseline -0.001 -25"><span class='ocrx_word' id='word_1_63' title='bbox 590 1773 662 1862; x_wconf 89' lang='lat' dir='ltr'><strong>jam</strong></span> <span class='ocrx_word' id='word_1_64' title='bbox 683 1772 848 1842; x_wconf 82' lang='lat' dir='ltr'><strong>defuncto</strong></span> <span class='ocrx_word' id='word_1_65' title='bbox 871 1772 1012 1843; x_wconf 91' lang='lat' dir='ltr'><strong>luerunt</strong></span> <span class='ocrx_word' id='word_1_66' title='bbox 1033 1772 1196 1864; x_wconf 86' lang='lat' dir='ltr'><strong>imposito</strong></span> <span class='ocrx_word' id='word_1_67' title='bbox 1216 1784 1250 1843; x_wconf 90' lang='lat' dir='ltr'><strong>et</strong></span> <span class='ocrx_word' id='word_1_68' title='bbox 1270 1773 1425 1865; x_wconf 87' lang='lat' dir='ltr'><strong>injuncte</strong></span> <span class='ocrx_word' id='word_1_69' title='bbox 1442 1794 1504 1866; x_wconf 94' lang='lat' dir='ltr'><strong>pro</strong></span> <span class='ocrx_word' id='word_1_70' title='bbox 1522 1772 1591 1843; x_wconf 91' lang='lat' dir='ltr'><strong>hiis</strong></span> <span class='ocrx_word' id='word_1_71' title='bbox 1609 1795 1678 1864; x_wconf 91' lang='lat' dir='ltr'><strong>que</strong></span> <span class='ocrx_word' id='word_1_72' title='bbox 1695 1773 1932 1860; x_wconf 81' lang='lat' dir='ltr'><strong>commiserat,</strong></span> <span class='ocrx_word' id='word_1_73' title='bbox 1946 1773 2030 1842; x_wconf 94' lang='lat' dir='ltr'><strong>dum</strong></span> 
     </span>
     <span class='ocr_line' id='line_1_10' title="bbox 595 1869 2026 1964; baseline -0.001 -25"><span class='ocrx_word' id='word_1_74' title='bbox 595 1870 750 1955; x_wconf 90' lang='lat' dir='ltr'><strong>viveret,</strong></span> <span class='ocrx_word' id='word_1_75' title='bbox 770 1870 805 1938; x_wconf 92' lang='lat' dir='ltr'><strong>in</strong></span> <span class='ocrx_word' id='word_1_76' title='bbox 825 1869 972 1941; x_wconf 90' lang='lat' dir='ltr'><strong>crimine</strong></span> <span class='ocrx_word' id='word_1_77' title='bbox 991 1869 1145 1940; x_wconf 88' lang='lat' dir='ltr'><strong>heretice</strong></span> <span class='ocrx_word' id='word_1_78' title='bbox 1164 1872 1369 1964; x_wconf 88' lang='lat' dir='ltr'><strong>pravitatis,</strong></span> <span class='ocrx_word' id='word_1_79' title='bbox 1389 1892 1468 1940; x_wconf 91' lang='lat' dir='ltr'><strong>cum</strong></span> <span class='ocrx_word' id='word_1_80' title='bbox 1489 1871 1572 1941; x_wconf 92' lang='lat' dir='ltr'><strong>dicti</strong></span> <span class='ocrx_word' id='word_1_81' title='bbox 1594 1870 1742 1941; x_wconf 86' lang='lat' dir='ltr'><strong>heredes</strong></span> <span class='ocrx_word' id='word_1_82' title='bbox 1760 1891 1868 1962; x_wconf 92' lang='lat' dir='ltr'><strong>super</strong></span> <span class='ocrx_word' id='word_1_83' title='bbox 1887 1870 2026 1962; x_wconf 91' lang='lat' dir='ltr'><strong>predic·</strong></span> 
     </span>
     <span class='ocr_line' id='line_1_11' title="bbox 596 1967 2028 2060; baseline 0 -24"><span class='ocrx_word' id='word_1_84' title='bbox 596 1969 639 2038; x_wconf 91' lang='lat' dir='ltr'><strong>tis</strong></span> <span class='ocrx_word' id='word_1_85' title='bbox 659 1967 702 2037; x_wconf 88' lang='lat' dir='ltr'><strong>ad</strong></span> <span class='ocrx_word' id='word_1_86' title='bbox 728 1977 881 2038; x_wconf 90' lang='lat' dir='ltr'><strong>nostram</strong></span> <span class='ocrx_word' id='word_1_87' title='bbox 901 1967 1157 2038; x_wconf 86' lang='lat' dir='ltr'><strong>ordinationem</strong></span> <span class='ocrx_word' id='word_1_88' title='bbox 1177 1979 1212 2038; x_wconf 90' lang='lat' dir='ltr'><strong>et</strong></span> <span class='ocrx_word' id='word_1_89' title='bbox 1229 1968 1411 2039; x_wconf 88' lang='lat' dir='ltr'><strong>arbitrium</strong></span> <span class='ocrx_word' id='word_1_90' title='bbox 1431 1969 1665 2040; x_wconf 77' lang='lat' dir='ltr'><strong>satisfecerint</strong></span> <span class='ocrx_word' id='word_1_91' title='bbox 1685 1969 1719 2036; x_wconf 93' lang='lat' dir='ltr'><strong>in</strong></span> <span class='ocrx_word' id='word_1_92' title='bbox 1739 1981 1774 2037; x_wconf 91' lang='lat' dir='ltr'><strong>ct</strong></span> <span class='ocrx_word' id='word_1_93' title='bbox 1796 1989 1857 2060; x_wconf 92' lang='lat' dir='ltr'><strong>pro</strong></span> <span class='ocrx_word' id='word_1_94' title='bbox 1876 1967 2028 2059; x_wconf 91' lang='lat' dir='ltr'><strong>quibus-</strong></span> 
     </span>
     <span class='ocr_line' id='line_1_12' title="bbox 595 2064 1655 2159; baseline 0.001 -24"><span class='ocrx_word' id='word_1_95' title='bbox 595 2066 674 2135; x_wconf 86' lang='lat' dir='ltr'><strong>dam</strong></span> <span class='ocrx_word' id='word_1_96' title='bbox 695 2066 860 2159; x_wconf 91' lang='lat' dir='ltr'><strong>operibus</strong></span> <span class='ocrx_word' id='word_1_97' title='bbox 882 2065 1033 2156; x_wconf 91' lang='lat' dir='ltr'><strong>pietatis.</strong></span> <span class='ocrx_word' id='word_1_98' title='bbox 1054 2064 1091 2134; x_wconf 96' lang='lat' dir='ltr'><strong>ln</strong></span> <span class='ocrx_word' id='word_1_99' title='bbox 1111 2066 1211 2155; x_wconf 89' lang='lat' dir='ltr'><strong>cujus</strong></span> <span class='ocrx_word' id='word_1_100' title='bbox 1232 2067 1282 2137; x_wconf 92' lang='lat' dir='ltr'><strong>rei</strong></span> <span class='ocrx_word' id='word_1_101' title='bbox 1306 2067 1563 2154; x_wconf 91' lang='lat' dir='ltr'><strong>testimonium,</strong></span> <span class='ocrx_word' id='word_1_102' title='bbox 1587 2079 1655 2136; x_wconf 90' lang='lat' dir='ltr'><strong>etc.</strong></span> 
     </span>
    </p>
   </div>
   <div class='ocr_carea' id='block_1_4' title="bbox 568 2318 2046 2402">
    <p class='ocr_par' dir='ltr' id='par_1_5' title="bbox 568 2318 2046 2402">
     <span class='ocr_line' id='line_1_13' title="bbox 568 2318 2046 2402; baseline 0.001 -19"><span class='ocrx_word' id='word_1_103' title='bbox 568 2342 573 2351; x_wconf 94' lang='lat'>·</span> <span class='ocrx_word' id='word_1_104' title='bbox 631 2320 690 2383; x_wconf 88' lang='grc'><strong>30.</strong></span> <span class='ocrx_word' id='word_1_105' title='bbox 716 2319 851 2383; x_wconf 81' lang='lat' dir='ltr'><strong>Forma</strong></span> <span class='ocrx_word' id='word_1_106' title='bbox 863 2318 1079 2382; x_wconf 87' lang='lat' dir='ltr'><strong>absolvendi</strong></span> <span class='ocrx_word' id='word_1_107' title='bbox 1094 2327 1131 2382; x_wconf 88' lang='lat' dir='ltr'><strong>et</strong></span> <span class='ocrx_word' id='word_1_108' title='bbox 1146 2321 1332 2400; x_wconf 85' lang='lat' dir='ltr'><strong>quittandl</strong></span> <span class='ocrx_word' id='word_1_109' title='bbox 1347 2320 1508 2402; x_wconf 88' lang='lat' dir='ltr'><strong>aliquem</strong></span> <span class='ocrx_word' id='word_1_110' title='bbox 1526 2338 1549 2384; x_wconf 90' lang='lat' dir='ltr'><strong>a</strong></span> <span class='ocrx_word' id='word_1_111' title='bbox 1564 2320 1707 2385; x_wconf 82' lang='lat' dir='ltr'><strong>deiectu</strong></span> <span class='ocrx_word' id='word_1_112' title='bbox 1721 2320 1992 2385; x_wconf 82' lang='lat' dir='ltr'><strong>visitationum.</strong></span> <span class='ocrx_word' id='word_1_113' title='bbox 2043 2332 2046 2339; x_wconf 85' lang='lat'>&#39;</span> 
     </span>
    </p>
   </div>
   <div class='ocr_carea' id='block_1_5' title="bbox 468 2560 2031 3331">
    <p class='ocr_par' dir='ltr' id='par_1_6' title="bbox 468 2560 2031 3331">
     <span class='ocr_line' id='line_1_14' title="bbox 644 2560 2029 2661; baseline 0 -27"><span class='ocrx_word' id='word_1_114' title='bbox 644 2565 782 2634; x_wconf 89' lang='lat' dir='ltr'><strong>Tenore</strong></span> <span class='ocrx_word' id='word_1_115' title='bbox 818 2563 1034 2654; x_wconf 90' lang='lat' dir='ltr'><strong>presentium</strong></span> <span class='ocrx_word' id='word_1_116' title='bbox 1064 2573 1185 2634; x_wconf 92' lang='lat' dir='ltr'><strong>notum</strong></span> <span class='ocrx_word' id='word_1_117' title='bbox 1206 2561 1266 2633; x_wconf 85' lang='lat' dir='ltr'><strong>fiat</strong></span> <span class='ocrx_word' id='word_1_118' title='bbox 1293 2564 1388 2656; x_wconf 92' lang='lat' dir='ltr'><strong>quod</strong></span> <span class='ocrx_word' id='word_1_119' title='bbox 1412 2586 1476 2636; x_wconf 91' lang='lat' dir='ltr'><strong>nos</strong></span> <span class='ocrx_word' id='word_1_120' title='bbox 1496 2565 1574 2635; x_wconf 90' lang='lat' dir='ltr'><strong>talis</strong></span> <span class='ocrx_word' id='word_1_121' title='bbox 1594 2564 1634 2636; x_wconf 95' lang='lat' dir='ltr'><strong>N.</strong></span> <span class='ocrx_word' id='word_1_122' title='bbox 1658 2565 1844 2657; x_wconf 87' lang='lat' dir='ltr'><strong>inquisitor</strong></span> <span class='ocrx_word' id='word_1_123' title='bbox 1866 2560 1907 2661; x_wconf 77' lang='lat' dir='ltr'><strong>[N</strong></span> <span class='ocrx_word' id='word_1_124' title='bbox 1926 2564 1965 2632; x_wconf 83' lang='lat' dir='ltr'><strong>3l</strong></span> <span class='ocrx_word' id='word_1_125' title='bbox 1992 2560 2029 2661; x_wconf 89' lang='lat' dir='ltr'><strong>d]</strong></span> 
     </span>
     <span class='ocr_line' id='line_1_15' title="bbox 595 2659 2030 2752; baseline -0.001 -19"><span class='ocrx_word' id='word_1_126' title='bbox 595 2662 814 2733; x_wconf 79' lang='lat' dir='ltr'><strong>absolvimus</strong></span> <span class='ocrx_word' id='word_1_127' title='bbox 844 2671 880 2730; x_wconf 92' lang='lat' dir='ltr'><strong>et</strong></span> <span class='ocrx_word' id='word_1_128' title='bbox 904 2659 1098 2752; x_wconf 89' lang='lat' dir='ltr'><strong>quittamus</strong></span> <span class='ocrx_word' id='word_1_129' title='bbox 1122 2660 1226 2731; x_wconf 84' lang='lat' dir='ltr'><strong>talem</strong></span> <span class='ocrx_word' id='word_1_130' title='bbox 1250 2661 1292 2730; x_wconf 91' lang='grc' dir='ltr'><strong>Ν.</strong></span> <span class='ocrx_word' id='word_1_131' title='bbox 1315 2663 1360 2732; x_wconf 93' lang='lat' dir='ltr'><strong>de</strong></span> <span class='ocrx_word' id='word_1_132' title='bbox 1381 2663 1438 2732; x_wconf 91' lang='lat' dir='ltr'><strong>tali</strong></span> <span class='ocrx_word' id='word_1_133' title='bbox 1469 2663 1545 2734; x_wconf 89' lang='lat' dir='ltr'><strong>loco</strong></span> <span class='ocrx_word' id='word_1_134' title='bbox 1572 2684 1592 2732; x_wconf 90' lang='lat' dir='ltr'><strong>a</strong></span> <span class='ocrx_word' id='word_1_135' title='bbox 1623 2663 1761 2733; x_wconf 90' lang='lat' dir='ltr'><strong>delectu</strong></span> <span class='ocrx_word' id='word_1_136' title='bbox 1787 2662 2030 2732; x_wconf 86' lang='lat' dir='ltr'><strong>visitationum</strong></span> 
     </span>
     <span class='ocr_line' id='line_1_16' title="bbox 594 2758 2027 2852; baseline -0.003 -20"><span class='ocrx_word' id='word_1_137' title='bbox 594 2761 821 2832; x_wconf 90' lang='lat' dir='ltr'><strong>ecclesiarum</strong></span> <span class='ocrx_word' id='word_1_138' title='bbox 840 2758 989 2828; x_wconf 88' lang='lat' dir='ltr'><strong>Tholosc</strong></span> <span class='ocrx_word' id='word_1_139' title='bbox 1007 2778 1094 2850; x_wconf 92' lang='lat' dir='ltr'><strong>quas</strong></span> <span class='ocrx_word' id='word_1_140' title='bbox 1112 2780 1224 2850; x_wconf 89' lang='lat' dir='ltr'><strong>usque</strong></span> <span class='ocrx_word' id='word_1_141' title='bbox 1243 2760 1287 2829; x_wconf 90' lang='lat' dir='ltr'><strong>ad</strong></span> <span class='ocrx_word' id='word_1_142' title='bbox 1309 2772 1505 2852; x_wconf 87' lang='lat' dir='ltr'><strong>presentem</strong></span> <span class='ocrx_word' id='word_1_143' title='bbox 1526 2761 1619 2830; x_wconf 91' lang='lat' dir='ltr'><strong>diem</strong></span> <span class='ocrx_word' id='word_1_144' title='bbox 1639 2760 1780 2831; x_wconf 90' lang='lat' dir='ltr'><strong>obmisit</strong></span> <span class='ocrx_word' id='word_1_145' title='bbox 1798 2761 1927 2846; x_wconf 90' lang='lat' dir='ltr'><strong>lacere,</strong></span> <span class='ocrx_word' id='word_1_146' title='bbox 1939 2759 2027 2852; x_wconf 90' lang='lat' dir='ltr'><strong>quia</strong></span> 
     </span>
     <span class='ocr_line' id='line_1_17' title="bbox 468 2857 2028 2950; baseline -0.001 -22"><span class='ocrx_word' id='word_1_147' title='bbox 468 2932 471 2937; x_wconf 71' lang='grc'><strong>,</strong></span> <span class='ocrx_word' id='word_1_148' title='bbox 594 2858 761 2929; x_wconf 80' lang='lat' dir='ltr'><strong>satisfecit</strong></span> <span class='ocrx_word' id='word_1_149' title='bbox 782 2859 883 2948; x_wconf 84' lang='lat' dir='ltr'><strong>juxta</strong></span> <span class='ocrx_word' id='word_1_150' title='bbox 913 2868 1068 2926; x_wconf 91' lang='lat' dir='ltr'><strong>nostrum</strong></span> <span class='ocrx_word' id='word_1_151' title='bbox 1094 2857 1276 2926; x_wconf 87' lang='lat' dir='ltr'><strong>arbitrium</strong></span> <span class='ocrx_word' id='word_1_152' title='bbox 1302 2879 1408 2950; x_wconf 91' lang='lat' dir='ltr'><strong>super</strong></span> <span class='ocrx_word' id='word_1_153' title='bbox 1434 2859 1521 2943; x_wconf 89' lang='lat' dir='ltr'><strong>illis,</strong></span> <span class='ocrx_word' id='word_1_154' title='bbox 1544 2860 1767 2949; x_wconf 79' lang='lat' dir='ltr'><strong>injungentes</strong></span> <span class='ocrx_word' id='word_1_155' title='bbox 1788 2857 1904 2929; x_wconf 88' lang='lat' dir='ltr'><strong>eidem</strong></span> <span class='ocrx_word' id='word_1_156' title='bbox 1930 2857 2028 2949; x_wconf 93' lang='lat' dir='ltr'><strong>quod</strong></span> 
     </span>
     <span class='ocr_line' id='line_1_18' title="bbox 593 2954 2029 3049; baseline 0 -24"><span class='ocrx_word' id='word_1_157' title='bbox 593 2957 813 3025; x_wconf 87' lang='lat' dir='ltr'><strong>visitationes</strong></span> <span class='ocrx_word' id='word_1_158' title='bbox 833 2954 1058 3024; x_wconf 88' lang='lat' dir='ltr'><strong>ecclesiarum</strong></span> <span class='ocrx_word' id='word_1_159' title='bbox 1074 2954 1222 3025; x_wconf 86' lang='lat' dir='ltr'><strong>Tholose</strong></span> <span class='ocrx_word' id='word_1_160' title='bbox 1238 2955 1403 3049; x_wconf 88' lang='lat' dir='ltr'><strong>deinceps</strong></span> <span class='ocrx_word' id='word_1_161' title='bbox 1424 2956 1526 3027; x_wconf 86' lang='lat' dir='ltr'><strong>iaciat</strong></span> <span class='ocrx_word' id='word_1_162' title='bbox 1545 2957 1741 3039; x_wconf 85' lang='lat' dir='ltr'><strong>annuatim,</strong></span> <span class='ocrx_word' id='word_1_163' title='bbox 1754 2967 1857 3048; x_wconf 92' lang='lat' dir='ltr'><strong>prout</strong></span> <span class='ocrx_word' id='word_1_164' title='bbox 1875 2956 1912 3025; x_wconf 94' lang='lat' dir='ltr'><strong>in</strong></span> <span class='ocrx_word' id='word_1_165' title='bbox 1931 2954 2029 3025; x_wconf 91' lang='lat' dir='ltr'><strong>litte·</strong></span> 
     </span>
     <span class='ocr_line' id='line_1_19' title="bbox 594 3051 2023 3147; baseline 0.002 -26"><span class='ocrx_word' id='word_1_166' title='bbox 594 3053 642 3121; x_wconf 90' lang='lat' dir='ltr'><strong>ris</strong></span> <span class='ocrx_word' id='word_1_167' title='bbox 661 3073 724 3122; x_wconf 90' lang='lat' dir='ltr'><strong>sue</strong></span> <span class='ocrx_word' id='word_1_168' title='bbox 753 3051 943 3145; x_wconf 88' lang='lat' dir='ltr'><strong>penitentie</strong></span> <span class='ocrx_word' id='word_1_169' title='bbox 967 3052 1165 3122; x_wconf 90' lang='lat' dir='ltr'><strong>continetur</strong></span> <span class='ocrx_word' id='word_1_170' title='bbox 1185 3065 1220 3123; x_wconf 91' lang='lat' dir='ltr'><strong>et</strong></span> <span class='ocrx_word' id='word_1_171' title='bbox 1246 3052 1359 3124; x_wconf 88' lang='lat' dir='ltr'><strong>eidem</strong></span> <span class='ocrx_word' id='word_1_172' title='bbox 1383 3054 1417 3123; x_wconf 91' lang='lat' dir='ltr'><strong>in</strong></span> <span class='ocrx_word' id='word_1_173' title='bbox 1439 3053 1628 3146; x_wconf 90' lang='lat' dir='ltr'><strong>penitentia</strong></span> <span class='ocrx_word' id='word_1_174' title='bbox 1654 3066 1707 3123; x_wconf 92' lang='lat' dir='ltr'><strong>est</strong></span> <span class='ocrx_word' id='word_1_175' title='bbox 1739 3053 1933 3144; x_wconf 88' lang='lat' dir='ltr'><strong>injunctum</strong></span> <span class='ocrx_word' id='word_1_176' title='bbox 1959 3073 2023 3147; x_wconf 92' lang='lat' dir='ltr'><strong>pro</strong></span> 
     </span>
     <span class='ocr_line' id='line_1_20' title="bbox 592 3149 2031 3243; baseline 0.003 -26"><span class='ocrx_word' id='word_1_177' title='bbox 592 3149 660 3218; x_wconf 91' lang='lat' dir='ltr'><strong>hiis</strong></span> <span class='ocrx_word' id='word_1_178' title='bbox 686 3171 756 3242; x_wconf 91' lang='lat' dir='ltr'><strong>que</strong></span> <span class='ocrx_word' id='word_1_179' title='bbox 781 3150 956 3220; x_wconf 90' lang='lat' dir='ltr'><strong>commisit</strong></span> <span class='ocrx_word' id='word_1_180' title='bbox 979 3149 1014 3218; x_wconf 94' lang='lat' dir='ltr'><strong>in</strong></span> <span class='ocrx_word' id='word_1_181' title='bbox 1041 3150 1189 3220; x_wconf 89' lang='lat' dir='ltr'><strong>crimine</strong></span> <span class='ocrx_word' id='word_1_182' title='bbox 1213 3150 1367 3221; x_wconf 89' lang='lat' dir='ltr'><strong>heretice</strong></span> <span class='ocrx_word' id='word_1_183' title='bbox 1394 3151 1591 3243; x_wconf 89' lang='lat' dir='ltr'><strong>pravitatis.</strong></span> <span class='ocrx_word' id='word_1_184' title='bbox 1611 3152 1648 3220; x_wconf 96' lang='lat' dir='ltr'><strong>ln</strong></span> <span class='ocrx_word' id='word_1_185' title='bbox 1672 3153 1773 3242; x_wconf 81' lang='lat' dir='ltr'><strong>cujus</strong></span> <span class='ocrx_word' id='word_1_186' title='bbox 1792 3151 1843 3222; x_wconf 88' lang='lat' dir='ltr'><strong>rei</strong></span> <span class='ocrx_word' id='word_1_187' title='bbox 1866 3150 2031 3222; x_wconf 91' lang='lat' dir='ltr'><strong>testimo·</strong></span> 
     </span>
     <span class='ocr_line' id='line_1_21' title="bbox 593 3247 804 3331; baseline 0.009 -17"><span class='ocrx_word' id='word_1_188' title='bbox 593 3247 711 3331; x_wconf 90' lang='lat' dir='ltr'><strong>nium,</strong></span> <span class='ocrx_word' id='word_1_189' title='bbox 735 3258 804 3318; x_wconf 84' lang='lat' dir='ltr'><strong>etc.</strong></span> 
     </span>
    </p>
   </div>
   <div class='ocr_carea' id='block_1_6' title="bbox 742 3501 1928 3583">
    <p class='ocr_par' dir='ltr' id='par_1_7' title="bbox 742 3501 1928 3583">
     <span class='ocr_line' id='line_1_22' title="bbox 742 3501 1928 3583; baseline 0.005 -19"><span class='ocrx_word' id='word_1_190' title='bbox 742 3503 802 3564; x_wconf 85' lang='lat'><strong>31.</strong></span> <span class='ocrx_word' id='word_1_191' title='bbox 826 3501 959 3566; x_wconf 83' lang='lat' dir='ltr'><strong>Forma</strong></span> <span class='ocrx_word' id='word_1_192' title='bbox 972 3503 1164 3581; x_wconf 77' lang='lat' dir='ltr'><strong>cuiusdam</strong></span> <span class='ocrx_word' id='word_1_193' title='bbox 1180 3502 1451 3567; x_wconf 83' lang='lat' dir='ltr'><strong>commissionis</strong></span> <span class='ocrx_word' id='word_1_194' title='bbox 1465 3502 1703 3583; x_wconf 86' lang='lat' dir='ltr'><strong>particularis</strong></span> <span class='ocrx_word' id='word_1_195' title='bbox 1715 3503 1755 3567; x_wconf 91' lang='lat' dir='ltr'><strong>in</strong></span> <span class='ocrx_word' id='word_1_196' title='bbox 1771 3518 1871 3567; x_wconf 87' lang='lat' dir='ltr'><strong>casu.</strong></span> <span class='ocrx_word' id='word_1_197' title='bbox 1926 3567 1928 3570; x_wconf 83' lang='lat'><strong>.</strong></span> 
     </span>
    </p>
   </div>
   <div class='ocr_carea' id='block_1_7' title="bbox 591 3745 2031 4719">
    <p class='ocr_par' dir='ltr' id='par_1_8' title="bbox 591 3745 2031 4719">
     <span class='ocr_line' id='line_1_23' title="bbox 642 3745 2026 3838; baseline 0.001 -25"><span class='ocrx_word' id='word_1_198' title='bbox 642 3745 761 3815; x_wconf 85' lang='lat' dir='ltr'><strong>Frater</strong></span> <span class='ocrx_word' id='word_1_199' title='bbox 775 3745 975 3815; x_wconf 74' lang='lat' dir='ltr'><strong>bernardus</strong></span> <span class='ocrx_word' id='word_1_200' title='bbox 992 3746 1193 3838; x_wconf 89' lang='lat' dir='ltr'><strong>inquisitor,</strong></span> <span class='ocrx_word' id='word_1_201' title='bbox 1207 3757 1293 3835; x_wconf 82' lang='lat' dir='ltr'><strong>etc,</strong></span> <span class='ocrx_word' id='word_1_202' title='bbox 1304 3747 1569 3817; x_wconf 90' lang='lat' dir='ltr'><strong>venerabilibus</strong></span> <span class='ocrx_word' id='word_1_203' title='bbox 1588 3767 1628 3816; x_wconf 90' lang='lat' dir='ltr'><strong>ac</strong></span> <span class='ocrx_word' id='word_1_204' title='bbox 1644 3747 1899 3817; x_wconf 92' lang='lat' dir='ltr'><strong>discretisviris</strong></span> <span class='ocrx_word' id='word_1_205' title='bbox 1914 3746 1973 3817; x_wconf 86' lang='lat' dir='ltr'><strong>tali</strong></span> <span class='ocrx_word' id='word_1_206' title='bbox 1985 3747 2026 3816; x_wconf 93' lang='lat' dir='ltr'><strong>N.</strong></span> 
     </span>
     <span class='ocr_line' id='line_1_24' title="bbox 594 3842 2029 3937; baseline 0 -24"><span class='ocrx_word' id='word_1_207' title='bbox 594 3856 629 3913; x_wconf 92' lang='lat' dir='ltr'><strong>ct</strong></span> <span class='ocrx_word' id='word_1_208' title='bbox 641 3842 699 3912; x_wconf 91' lang='lat' dir='ltr'><strong>tali</strong></span> <span class='ocrx_word' id='word_1_209' title='bbox 712 3842 754 3912; x_wconf 93' lang='lat' dir='ltr'><strong>N.</strong></span> <span class='ocrx_word' id='word_1_210' title='bbox 776 3855 860 3931; x_wconf 79' lang='lat' dir='ltr'><strong>ete,</strong></span> <span class='ocrx_word' id='word_1_211' title='bbox 878 3844 1042 3914; x_wconf 90' lang='lat' dir='ltr'><strong>salutem.</strong></span> <span class='ocrx_word' id='word_1_212' title='bbox 1057 3883 1104 3896; x_wconf 94' lang='lat'>—</span> <span class='ocrx_word' id='word_1_213' title='bbox 1120 3844 1327 3914; x_wconf 88' lang='lat' dir='ltr'><strong>Discretioni</strong></span> <span class='ocrx_word' id='word_1_214' title='bbox 1344 3864 1385 3913; x_wconf 90' lang='lat' dir='ltr'><strong>ac</strong></span> <span class='ocrx_word' id='word_1_215' title='bbox 1401 3843 1562 3915; x_wconf 89' lang='lat' dir='ltr'><strong>sollercie</strong></span> <span class='ocrx_word' id='word_1_216' title='bbox 1577 3856 1696 3914; x_wconf 91' lang='lat' dir='ltr'><strong>vestre</strong></span> <span class='ocrx_word' id='word_1_217' title='bbox 1712 3845 1756 3914; x_wconf 91' lang='lat' dir='ltr'><strong>de</strong></span> <span class='ocrx_word' id='word_1_218' title='bbox 1774 3866 1843 3937; x_wconf 91' lang='lat' dir='ltr'><strong>qua</strong></span> <span class='ocrx_word' id='word_1_219' title='bbox 1864 3842 2029 3915; x_wconf 89' lang='lat' dir='ltr'><strong>fiduciam</strong></span> 
     </span>
     <span class='ocr_line' id='line_1_25' title="bbox 593 3942 2031 4036; baseline 0.001 -27"><span class='ocrx_word' id='word_1_220' title='bbox 593 3942 732 4035; x_wconf 91' lang='lat' dir='ltr'><strong>plenam</strong></span> <span class='ocrx_word' id='word_1_221' title='bbox 760 3962 866 4035; x_wconf 79' lang='lat' dir='ltr'><strong>gero,</strong></span> <span class='ocrx_word' id='word_1_222' title='bbox 892 3942 1073 4012; x_wconf 88' lang='lat' dir='ltr'><strong>committo</strong></span> <span class='ocrx_word' id='word_1_223' title='bbox 1094 3953 1216 4012; x_wconf 89' lang='lat' dir='ltr'><strong>tenore</strong></span> <span class='ocrx_word' id='word_1_224' title='bbox 1238 3942 1455 4036; x_wconf 89' lang='lat' dir='ltr'><strong>presentium</strong></span> <span class='ocrx_word' id='word_1_225' title='bbox 1477 3953 1512 4012; x_wconf 91' lang='lat' dir='ltr'><strong>et</strong></span> <span class='ocrx_word' id='word_1_226' title='bbox 1532 3943 1679 4034; x_wconf 79' lang='lat' dir='ltr'><strong>injungo</strong></span> <span class='ocrx_word' id='word_1_227' title='bbox 1696 3943 1876 4034; x_wconf 88' lang='lat' dir='ltr'><strong>quatinus,</strong></span> <span class='ocrx_word' id='word_1_228' title='bbox 1896 3942 1976 4012; x_wconf 88' lang='lat' dir='ltr'><strong>vioe</strong></span> <span class='ocrx_word' id='word_1_229' title='bbox 1994 3954 2031 4013; x_wconf 89' lang='lat' dir='ltr'><strong>et</strong></span> 
     </span>
     <span class='ocr_line' id='line_1_26' title="bbox 592 4039 2029 4131; baseline 0.001 -22"><span class='ocrx_word' id='word_1_230' title='bbox 592 4039 799 4109; x_wconf 90' lang='lat' dir='ltr'><strong>auctoritate</strong></span> <span class='ocrx_word' id='word_1_231' title='bbox 825 4050 965 4125; x_wconf 89' lang='lat' dir='ltr'><strong>nostra,</strong></span> <span class='ocrx_word' id='word_1_232' title='bbox 986 4039 1081 4131; x_wconf 91' lang='lat' dir='ltr'><strong>apud</strong></span> <span class='ocrx_word' id='word_1_233' title='bbox 1106 4040 1211 4109; x_wconf 89' lang='lat' dir='ltr'><strong>talem</strong></span> <span class='ocrx_word' id='word_1_234' title='bbox 1242 4041 1356 4109; x_wconf 89' lang='lat' dir='ltr'><strong>locum</strong></span> <span class='ocrx_word' id='word_1_235' title='bbox 1388 4039 1619 4131; x_wconf 87' lang='lat' dir='ltr'><strong>personaliter</strong></span> <span class='ocrx_word' id='word_1_236' title='bbox 1644 4040 1872 4126; x_wconf 88' lang='lat' dir='ltr'><strong>accedentes,</strong></span> <span class='ocrx_word' id='word_1_237' title='bbox 1896 4060 2029 4110; x_wconf 92' lang='lat' dir='ltr'><strong>convo·</strong></span> 
     </span>
     <span class='ocr_line' id='line_1_27' title="bbox 591 4135 2029 4223; baseline 0 -17"><span class='ocrx_word' id='word_1_238' title='bbox 591 4135 678 4206; x_wconf 88' lang='lat' dir='ltr'><strong>catis</strong></span> <span class='ocrx_word' id='word_1_239' title='bbox 702 4157 819 4206; x_wconf 90' lang='lat' dir='ltr'><strong>coram</strong></span> <span class='ocrx_word' id='word_1_240' title='bbox 839 4136 942 4207; x_wconf 91' lang='lat' dir='ltr'><strong>vobis</strong></span> <span class='ocrx_word' id='word_1_241' title='bbox 968 4136 1028 4206; x_wconf 91' lang='lat' dir='ltr'><strong>tali</strong></span> <span class='ocrx_word' id='word_1_242' title='bbox 1047 4137 1089 4206; x_wconf 95' lang='lat' dir='ltr'><strong>N.</strong></span> <span class='ocrx_word' id='word_1_243' title='bbox 1113 4148 1149 4207; x_wconf 90' lang='lat' dir='ltr'><strong>et</strong></span> <span class='ocrx_word' id='word_1_244' title='bbox 1169 4137 1227 4207; x_wconf 89' lang='lat' dir='ltr'><strong>tali</strong></span> <span class='ocrx_word' id='word_1_245' title='bbox 1247 4138 1289 4208; x_wconf 86' lang='lat' dir='ltr'><strong>N.</strong></span> <span class='ocrx_word' id='word_1_246' title='bbox 1313 4137 1357 4207; x_wconf 89' lang='lat' dir='ltr'><strong>de</strong></span> <span class='ocrx_word' id='word_1_247' title='bbox 1378 4137 1472 4207; x_wconf 91' lang='lat' dir='ltr'><strong>dicto</strong></span> <span class='ocrx_word' id='word_1_248' title='bbox 1493 4137 1587 4223; x_wconf 90' lang='lat' dir='ltr'><strong>loco,</strong></span> <span class='ocrx_word' id='word_1_249' title='bbox 1610 4137 1745 4208; x_wconf 87' lang='lat' dir='ltr'><strong>laniatis</strong></span> <span class='ocrx_word' id='word_1_250' title='bbox 1764 4138 1867 4209; x_wconf 92' lang='lat' dir='ltr'><strong>vobis</strong></span> <span class='ocrx_word' id='word_1_251' title='bbox 1889 4136 2029 4208; x_wconf 88' lang='lat' dir='ltr'><strong>ostendi</strong></span> 
     </span>
     <span class='ocr_line' id='line_1_28' title="bbox 593 4232 2029 4327; baseline 0.001 -24"><span class='ocrx_word' id='word_1_252' title='bbox 593 4232 713 4303; x_wconf 90' lang='lat' dir='ltr'><strong>abeis</strong></span> <span class='ocrx_word' id='word_1_253' title='bbox 740 4254 781 4304; x_wconf 88' lang='lat' dir='ltr'><strong>ac</strong></span> <span class='ocrx_word' id='word_1_254' title='bbox 809 4255 871 4327; x_wconf 96' lang='grc' dir='ltr'><strong>ρετ</strong></span> <span class='ocrx_word' id='word_1_255' title='bbox 897 4255 957 4305; x_wconf 91' lang='lat' dir='ltr'><strong>eos</strong></span> <span class='ocrx_word' id='word_1_256' title='bbox 985 4233 1100 4305; x_wconf 91' lang='lat' dir='ltr'><strong>locum</strong></span> <span class='ocrx_word' id='word_1_257' title='bbox 1131 4235 1165 4304; x_wconf 95' lang='lat' dir='ltr'><strong>in</strong></span> <span class='ocrx_word' id='word_1_258' title='bbox 1193 4256 1264 4327; x_wconf 94' lang='lat' dir='ltr'><strong>quo</strong></span> <span class='ocrx_word' id='word_1_259' title='bbox 1291 4234 1368 4306; x_wconf 88' lang='lat' dir='ltr'><strong>talis</strong></span> <span class='ocrx_word' id='word_1_260' title='bbox 1391 4235 1433 4304; x_wconf 97' lang='lat' dir='ltr'><strong>N.</strong></span> <span class='ocrx_word' id='word_1_261' title='bbox 1459 4236 1531 4324; x_wconf 90' lang='lat' dir='ltr'><strong>jam</strong></span> <span class='ocrx_word' id='word_1_262' title='bbox 1560 4236 1748 4305; x_wconf 89' lang='lat' dir='ltr'><strong>deiunctus</strong></span> <span class='ocrx_word' id='word_1_263' title='bbox 1774 4235 1853 4306; x_wconf 89' lang='lat' dir='ltr'><strong>labe</strong></span> <span class='ocrx_word' id='word_1_264' title='bbox 1878 4236 2029 4305; x_wconf 87' lang='lat' dir='ltr'><strong>inlectus</strong></span> 
     </span>
     <span class='ocr_line' id='line_1_29' title="bbox 593 4329 2028 4426; baseline 0.001 -26"><span class='ocrx_word' id='word_1_265' title='bbox 593 4329 747 4401; x_wconf 92' lang='lat' dir='ltr'><strong>heretica</strong></span> <span class='ocrx_word' id='word_1_266' title='bbox 764 4332 828 4400; x_wconf 85' lang='lat' dir='ltr'><strong>luit</strong></span> <span class='ocrx_word' id='word_1_267' title='bbox 847 4353 908 4424; x_wconf 90' lang='lat' dir='ltr'><strong>per</strong></span> <span class='ocrx_word' id='word_1_268' title='bbox 926 4332 1020 4425; x_wconf 92' lang='lat' dir='ltr'><strong>ipsos</strong></span> <span class='ocrx_word' id='word_1_269' title='bbox 1039 4332 1073 4400; x_wconf 94' lang='lat' dir='ltr'><strong>in</strong></span> <span class='ocrx_word' id='word_1_270' title='bbox 1089 4331 1191 4403; x_wconf 92' lang='lat' dir='ltr'><strong>horto</strong></span> <span class='ocrx_word' id='word_1_271' title='bbox 1210 4333 1362 4424; x_wconf 90' lang='lat' dir='ltr'><strong>quodam</strong></span> <span class='ocrx_word' id='word_1_272' title='bbox 1381 4333 1554 4426; x_wconf 88' lang='lat' dir='ltr'><strong>sepultus,</strong></span> <span class='ocrx_word' id='word_1_273' title='bbox 1572 4333 1663 4403; x_wconf 92' lang='lat' dir='ltr'><strong>sicut</strong></span> <span class='ocrx_word' id='word_1_274' title='bbox 1681 4353 1745 4424; x_wconf 91' lang='lat' dir='ltr'><strong>per</strong></span> <span class='ocrx_word' id='word_1_275' title='bbox 1762 4333 2028 4425; x_wconf 90' lang='lat' dir='ltr'><strong>inquisitionem</strong></span> 
     </span>
     <span class='ocr_line' id='line_1_30' title="bbox 591 4429 2028 4523; baseline 0.002 -26"><span class='ocrx_word' id='word_1_276' title='bbox 591 4449 632 4497; x_wconf 89' lang='lat' dir='ltr'><strong>ao</strong></span> <span class='ocrx_word' id='word_1_277' title='bbox 653 4448 714 4520; x_wconf 92' lang='lat' dir='ltr'><strong>per</strong></span> <span class='ocrx_word' id='word_1_278' title='bbox 731 4439 837 4500; x_wconf 89' lang='lat' dir='ltr'><strong>testes</strong></span> <span class='ocrx_word' id='word_1_279' title='bbox 858 4429 892 4498; x_wconf 93' lang='lat' dir='ltr'><strong>in</strong></span> <span class='ocrx_word' id='word_1_280' title='bbox 913 4430 1142 4523; x_wconf 89' lang='lat' dir='ltr'><strong>inquisitione</strong></span> <span class='ocrx_word' id='word_1_281' title='bbox 1161 4442 1320 4523; x_wconf 88' lang='lat' dir='ltr'><strong>receptos</strong></span> <span class='ocrx_word' id='word_1_282' title='bbox 1339 4451 1447 4523; x_wconf 89' lang='lat' dir='ltr'><strong>super</strong></span> <span class='ocrx_word' id='word_1_283' title='bbox 1467 4429 1532 4501; x_wconf 91' lang='lat' dir='ltr'><strong>boc</strong></span> <span class='ocrx_word' id='word_1_284' title='bbox 1553 4429 1754 4502; x_wconf 89' lang='lat' dir='ltr'><strong>invenimus</strong></span> <span class='ocrx_word' id='word_1_285' title='bbox 1775 4431 1974 4517; x_wconf 89' lang='lat' dir='ltr'><strong>veritatem,</strong></span> <span class='ocrx_word' id='word_1_286' title='bbox 1992 4439 2028 4501; x_wconf 89' lang='lat' dir='ltr'><strong>et</strong></span> 
     </span>
     <span class='ocr_line' id='line_1_31' title="bbox 593 4525 2027 4623; baseline 0.001 -29"><span class='ocrx_word' id='word_1_287' title='bbox 593 4525 724 4595; x_wconf 91' lang='lat' dir='ltr'><strong>ibidem</strong></span> <span class='ocrx_word' id='word_1_288' title='bbox 743 4547 871 4620; x_wconf 91' lang='lat' dir='ltr'><strong>corpus</strong></span> <span class='ocrx_word' id='word_1_289' title='bbox 887 4548 950 4597; x_wconf 91' lang='lat' dir='ltr'><strong>seu</strong></span> <span class='ocrx_word' id='word_1_290' title='bbox 967 4548 1047 4599; x_wconf 90' lang='lat' dir='ltr'><strong>ossa</strong></span> <span class='ocrx_word' id='word_1_291' title='bbox 1066 4528 1150 4598; x_wconf 91' lang='lat' dir='ltr'><strong>dicti</strong></span> <span class='ocrx_word' id='word_1_292' title='bbox 1167 4527 1321 4598; x_wconf 89' lang='lat' dir='ltr'><strong>delnncti</strong></span> <span class='ocrx_word' id='word_1_293' title='bbox 1340 4529 1488 4616; x_wconf 81' lang='lat' dir='ltr'><strong>faciatis,</strong></span> <span class='ocrx_word' id='word_1_294' title='bbox 1501 4528 1587 4621; x_wconf 91' lang='lat' dir='ltr'><strong>ipsis</strong></span> <span class='ocrx_word' id='word_1_295' title='bbox 1606 4529 1828 4623; x_wconf 83' lang='lat' dir='ltr'><strong>presentibus</strong></span> <span class='ocrx_word' id='word_1_296' title='bbox 1844 4539 1878 4600; x_wconf 94' lang='lat' dir='ltr'><strong>et</strong></span> <span class='ocrx_word' id='word_1_297' title='bbox 1891 4528 2027 4599; x_wconf 85' lang='lat' dir='ltr'><strong>fodien-</strong></span> 
     </span>
     <span class='ocr_line' id='line_1_32' title="bbox 594 4624 2029 4719; baseline 0.003 -28"><span class='ocrx_word' id='word_1_298' title='bbox 594 4624 702 4709; x_wconf 90' lang='lat' dir='ltr'><strong>tibus,</strong></span> <span class='ocrx_word' id='word_1_299' title='bbox 723 4624 909 4694; x_wconf 82' lang='lat' dir='ltr'><strong>exhumari</strong></span> <span class='ocrx_word' id='word_1_300' title='bbox 928 4636 964 4696; x_wconf 92' lang='lat' dir='ltr'><strong>et</strong></span> <span class='ocrx_word' id='word_1_301' title='bbox 986 4626 1138 4695; x_wconf 90' lang='lat' dir='ltr'><strong>incerto</strong></span> <span class='ocrx_word' id='word_1_302' title='bbox 1159 4625 1236 4697; x_wconf 88' lang='lat' dir='ltr'><strong>loco</strong></span> <span class='ocrx_word' id='word_1_303' title='bbox 1254 4626 1376 4718; x_wconf 89' lang='lat' dir='ltr'><strong>reponi</strong></span> <span class='ocrx_word' id='word_1_304' title='bbox 1396 4636 1432 4696; x_wconf 89' lang='lat' dir='ltr'><strong>et</strong></span> <span class='ocrx_word' id='word_1_305' title='bbox 1451 4625 1688 4717; x_wconf 89' lang='lat' dir='ltr'><strong>sequestrari,</strong></span> <span class='ocrx_word' id='word_1_306' title='bbox 1710 4626 1745 4695; x_wconf 91' lang='lat' dir='ltr'><strong>in</strong></span> <span class='ocrx_word' id='word_1_307' title='bbox 1764 4647 1834 4719; x_wconf 90' lang='lat' dir='ltr'><strong>quo</strong></span> <span class='ocrx_word' id='word_1_308' title='bbox 1853 4648 1918 4697; x_wconf 93' lang='lat' dir='ltr'><strong>sno</strong></span> <span class='ocrx_word' id='word_1_309' title='bbox 1941 4636 2029 4696; x_wconf 89' lang='lat' dir='ltr'><strong>tcm-</strong></span> 
     </span>
    </p>
   </div>
   <div class='ocr_carea' id='block_1_8' title="bbox 591 4717 2029 5111">
    <p class='ocr_par' dir='ltr' id='par_1_9' title="bbox 591 4717 2029 5111">
     <span class='ocr_line' id='line_1_33' title="bbox 593 4717 2026 4821; baseline 0.002 -32"><span class='ocrx_word' id='word_1_310' title='bbox 593 4740 696 4813; x_wconf 87' lang='lat' dir='ltr'><strong>pore,</strong></span> <span class='ocrx_word' id='word_1_311' title='bbox 713 4742 793 4791; x_wconf 92' lang='lat' dir='ltr'><strong>cum</strong></span> <span class='ocrx_word' id='word_1_312' title='bbox 812 4734 1048 4815; x_wconf 90' lang='lat' dir='ltr'><strong>opportunum</strong></span> <span class='ocrx_word' id='word_1_313' title='bbox 1068 4723 1188 4817; x_wconf 83' lang='lat' dir='ltr'><strong>luerit,</strong></span> <span class='ocrx_word' id='word_1_314' title='bbox 1203 4723 1496 4794; x_wconf 90' lang='lat' dir='ltr'><strong>certitudinaliter</strong></span> <span class='ocrx_word' id='word_1_315' title='bbox 1519 4717 1559 4820; x_wconf 74' lang='grc' dir='ltr'><strong>[Ν</strong></span> <span class='ocrx_word' id='word_1_316' title='bbox 1575 4721 1621 4795; x_wconf 73' lang='grc'><strong>32</strong></span> <span class='ocrx_word' id='word_1_317' title='bbox 1641 4719 1675 4821; x_wconf 86' lang='lat' dir='ltr'><strong>a]</strong></span> <span class='ocrx_word' id='word_1_318' title='bbox 1692 4724 1834 4795; x_wconf 87' lang='lat' dir='ltr'><strong>valeant</strong></span> <span class='ocrx_word' id='word_1_319' title='bbox 1853 4723 2026 4812; x_wconf 90' lang='lat' dir='ltr'><strong>inveniri,</strong></span> 
     </span>
     <span class='ocr_line' id='line_1_34' title="bbox 594 4817 2026 4912; baseline 0.006 -27"><span class='ocrx_word' id='word_1_320' title='bbox 594 4827 632 4885; x_wconf 88' lang='lat' dir='ltr'><strong>ut</strong></span> <span class='ocrx_word' id='word_1_321' title='bbox 662 4817 706 4887; x_wconf 90' lang='lat' dir='ltr'><strong>dc</strong></span> <span class='ocrx_word' id='word_1_322' title='bbox 741 4819 826 4912; x_wconf 88' lang='lat' dir='ltr'><strong>ipsis</strong></span> <span class='ocrx_word' id='word_1_323' title='bbox 859 4821 970 4912; x_wconf 91' lang='lat' dir='ltr'><strong>possit</strong></span> <span class='ocrx_word' id='word_1_324' title='bbox 1004 4818 1080 4891; x_wconf 88' lang='lat' dir='ltr'><strong>lieri</strong></span> <span class='ocrx_word' id='word_1_325' title='bbox 1113 4820 1209 4912; x_wconf 92' lang='lat' dir='ltr'><strong>quod</strong></span> <span class='ocrx_word' id='word_1_326' title='bbox 1244 4820 1438 4892; x_wconf 91' lang='lat' dir='ltr'><strong>secundum</strong></span> <span class='ocrx_word' id='word_1_327' title='bbox 1469 4821 1670 4892; x_wconf 90' lang='lat' dir='ltr'><strong>sanctiones</strong></span> <span class='ocrx_word' id='word_1_328' title='bbox 1701 4823 1887 4893; x_wconf 89' lang='lat' dir='ltr'><strong>canonicas</strong></span> <span class='ocrx_word' id='word_1_329' title='bbox 1921 4820 2026 4893; x_wconf 86' lang='lat' dir='ltr'><strong>luerit</strong></span> 
     </span>
     <span class='ocr_line' id='line_1_35' title="bbox 594 4913 2029 5011; baseline 0.006 -29"><span class='ocrx_word' id='word_1_330' title='bbox 594 4913 808 4999; x_wconf 86' lang='lat' dir='ltr'><strong>laciendum,</strong></span> <span class='ocrx_word' id='word_1_331' title='bbox 827 4918 1103 4989; x_wconf 89' lang='lat' dir='ltr'><strong>contradictores</strong></span> <span class='ocrx_word' id='word_1_332' title='bbox 1122 4929 1184 4989; x_wconf 91' lang='lat' dir='ltr'><strong>aut</strong></span> <span class='ocrx_word' id='word_1_333' title='bbox 1203 4919 1367 5005; x_wconf 89' lang='lat' dir='ltr'><strong>rebelles,</strong></span> <span class='ocrx_word' id='word_1_334' title='bbox 1389 4919 1418 4988; x_wconf 93' lang='lat' dir='ltr'><strong>si</strong></span> <span class='ocrx_word' id='word_1_335' title='bbox 1439 4919 1500 5011; x_wconf 92' lang='lat' dir='ltr'><strong>qui</strong></span> <span class='ocrx_word' id='word_1_336' title='bbox 1518 4919 1660 5006; x_wconf 87' lang='lat' dir='ltr'><strong>luerint,</strong></span> <span class='ocrx_word' id='word_1_337' title='bbox 1680 4921 1888 4991; x_wconf 91' lang='lat' dir='ltr'><strong>auctoritate</strong></span> <span class='ocrx_word' id='word_1_338' title='bbox 1906 4930 2029 4990; x_wconf 89' lang='lat' dir='ltr'><strong>nostra</strong></span> 
     </span>
     <span class='ocr_line' id='line_1_36' title="bbox 591 5012 2026 5111; baseline 0.006 -31"><span class='ocrx_word' id='word_1_339' title='bbox 591 5031 697 5103; x_wconf 91' lang='lat' dir='ltr'><strong>quam</strong></span> <span class='ocrx_word' id='word_1_340' title='bbox 723 5012 825 5084; x_wconf 91' lang='lat' dir='ltr'><strong>vobis</strong></span> <span class='ocrx_word' id='word_1_341' title='bbox 849 5014 886 5083; x_wconf 92' lang='lat' dir='ltr'><strong>in</strong></span> <span class='ocrx_word' id='word_1_342' title='bbox 906 5013 972 5085; x_wconf 92' lang='lat' dir='ltr'><strong>hac</strong></span> <span class='ocrx_word' id='word_1_343' title='bbox 995 5026 1094 5109; x_wconf 88' lang='lat' dir='ltr'><strong>parte</strong></span> <span class='ocrx_word' id='word_1_344' title='bbox 1111 5016 1310 5106; x_wconf 89' lang='lat' dir='ltr'><strong>committo,</strong></span> <span class='ocrx_word' id='word_1_345' title='bbox 1333 5037 1396 5111; x_wconf 90' lang='lat' dir='ltr'><strong>per</strong></span> <span class='ocrx_word' id='word_1_346' title='bbox 1421 5037 1604 5089; x_wconf 89' lang='lat' dir='ltr'><strong>censuram</strong></span> <span class='ocrx_word' id='word_1_347' title='bbox 1633 5016 1903 5089; x_wconf 88' lang='lat' dir='ltr'><strong>ecclesiasticam</strong></span> <span class='ocrx_word' id='word_1_348' title='bbox 1931 5038 2026 5088; x_wconf 90' lang='lat' dir='ltr'><strong>com·</strong></span> 
     </span>
    </p>
   </div>
   <div class='ocr_carea' id='block_1_9' title="bbox 0 0 2292 6404">
    <p class='ocr_par' dir='ltr' id='par_1_10' title="bbox 0 0 2292 6404">
     <span class='ocr_line' id='line_1_37' title="bbox 0 0 2292 6404; baseline 0 0"><span class='ocrx_word' id='word_1_349' title='bbox 0 0 2292 6404; x_wconf 95' lang='lat' dir='ltr'><strong> </strong></span> 
     </span>
    </p>
   </div>
  </div>
 </body>
</html>
