4574 6404
1014 682 1134 736 naaria
1162 682 1258 735 rans.
1366 739 1368 744 ,
1785 665 1846 734 tat

426 843 565 938 pliciter
584 841 621 910 in
640 841 786 911 crimine
804 841 991 935 dampnate
1009 842 1143 914 heresis
1166 843 1430 929 commiserunt,
1451 843 1541 911 sicut
1563 842 1595 910 in
1621 840 1751 930 juditio
1770 861 1852 911 con·

424 941 509 1013 lessi
530 940 672 1009 luerunt
693 950 728 1009 et
754 960 847 1009 nunc
867 938 1003 1032 publice
1024 939 1149 1011 lectum
1176 950 1211 1011 et
1230 941 1412 1011 recitatum
1432 949 1505 1026 est,
1530 939 1575 1008 de
1594 939 1722 1030 quibus
1741 938 1853 1031 culpis

423 1059 487 1133 per
507 1038 602 1130 ipsos
621 1036 816 1107 commissis
837 1036 903 1130 ipsi
927 1051 1038 1107 morte
1058 1039 1217 1130 preventi
1239 1037 1369 1107 nullam
1392 1036 1618 1128 penitentiam
1642 1046 1702 1106 aut
1726 1033 1855 1106 diliini-

425 1137 532 1207 liram
553 1134 786 1228 sententiam,
807 1133 890 1204 dum
911 1134 1026 1212 adhuc
1046 1136 1228 1214 viverent,
1250 1134 1468 1220 habuerunt;
1492 1133 1622 1205 idcirco
1641 1155 1705 1202 nos
1728 1133 1851 1227 prefati

424 1231 652 1325 inquisitores
683 1243 717 1301 et
745 1231 972 1303 commissarii
1001 1231 1172 1325 delegati,
1204 1232 1425 1303 attendentes
1442 1232 1536 1323 quod
1558 1231 1689 1301 crimen
1716 1228 1853 1323 heresis

426 1340 570 1425 propter
589 1331 644 1398 sui
664 1328 914 1399 immanitatem
936 1339 971 1398 et
990 1331 1232 1401 enormitatem
1267 1352 1336 1402 non
1367 1329 1480 1401 solum
1501 1330 1535 1398 in
1556 1330 1648 1399 vivis
1676 1340 1730 1398 set
1746 1328 1852 1397 etiam

427 1429 462 1498 in
485 1426 632 1498 mortuis
651 1426 780 1497 debeat
798 1427 988 1513 vindicari,
1007 1429 1160 1498 maxime
1179 1429 1214 1497 in
1234 1450 1276 1499 eo
1294 1449 1376 1498 casn
1398 1429 1433 1496 in
1453 1448 1523 1519 quo
1543 1426 1691 1497 heredes
1710 1425 1754 1496 ad
1775 1446 1852 1495 suc·

425 1525 620 1596 cessionem
655 1544 724 1594 non
762 1524 892 1594 dehent
925 1524 969 1594 oh
1006 1524 1158 1595 heresim
1195 1547 1258 1597 seu
1292 1525 1429 1620 culpam
1466 1524 1598 1596 heresis
1634 1522 1687 1592 sui
1724 1523 1852 1593 actoris

424 1621 583 1708 admitti,
612 1641 680 1691 non
711 1622 872 1692 obstante
905 1622 998 1713 quod
1033 1623 1117 1716 ipsis
1148 1623 1373 1706 viventibus,
1405 1622 1662 1693 interveniente
1696 1621 1851 1713 ipsorum

425 1730 558 1803 morte,
580 1738 650 1789 nun
674 1718 779 1790 luerit
804 1740 909 1812 super
933 1720 1098 1812 predictis
1125 1742 1186 1812 per
1211 1723 1423 1791 sentenciam
1450 1721 1685 1804 declaratum,
1708 1728 1851 1810 propter

424 1817 516 1888 bona
547 1815 729 1886 dumtaxat
758 1817 912 1908 ipsorum
941 1817 970 1885 si
1005 1839 1074 1909 que
1103 1818 1304 1904 habehant,
1335 1818 1380 1887 ad
1412 1838 1560 1908 quorum
1594 1815 1853 1886 successionem

425 1913 575 1985 heredes
600 1934 663 1984 seu
686 1913 773 1983 alias
796 1934 1017 1984 successores
1043 1918 1198 2007 ipsorum
1223 1916 1269 1985 oh
1295 1915 1416 2008 culpas
1442 1936 1561 1986 eorum
1591 1913 1765 2006 predictas
1790 1913 1853 1983 ad-

425 2006 515 2082 mitti
545 2031 614 2081 nnn
643 2010 793 2104 debent,
815 2014 948 2081 vocatis
969 2010 1159 2083 heredibus
1179 2024 1214 2083 et
1233 2014 1404 2084 bonorum
1428 2012 1669 2082 detentoribus
1691 2007 1731 2106 [N
1751 2010 1797 2079 67
1816 2007 1850 2108 a]

427 2109 663 2202 predictorum
692 2109 935 2179 defunctorum
964 2109 1010 2178 ad
1038 2111 1252 2181 audiendum
1281 2110 1552 2182 declarationem
1580 2120 1615 2179 et
1644 2110 1854 2201 pronuncia·

428 2207 559 2278 tionem
582 2217 736 2277 nostram
757 2227 864 2298 super
883 2207 1083 2299 premissis,
1106 2209 1163 2278 die
1187 2219 1222 2278 et
1246 2208 1321 2279 loco
1348 2208 1589 2299 presentibus,
1613 2208 1657 2276 de
1681 2206 1853 2276 bonorum

429 2305 588 2375 virorum
615 2303 763 2373 consilio
793 2314 930 2373 maturo
955 2304 1159 2395 prehabito,
1184 2304 1309 2376 Christi
1339 2306 1480 2375 nomine
1509 2305 1692 2390 invocato,
1719 2303 1753 2372 in
1785 2303 1854 2374 hiis

427 2401 568 2494 scriptis
601 2401 842 2494 presentibus,
877 2423 938 2493 per
967 2413 1119 2471 nostram
1149 2400 1370 2473 diffinitivam
1403 2402 1611 2472 sententiam
1641 2400 1790 2472 dicimus
1819 2411 1855 2471 et

427 2498 648 2570 declaramus
673 2493 850 2590 predictos
874 2498 1057 2570 detuncros
1082 2512 1117 2570 ct
1141 2500 1322 2571 defunctas
1349 2522 1411 2592 per
1433 2520 1473 2570 ea
1494 2520 1562 2591 que
1584 2499 1628 2569 de
1648 2498 1734 2591 ipsis
1754 2499 1853 2579 inve·

426 2596 544 2667 nimos
561 2596 780 2667 commisisse
800 2596 835 2665 in
856 2597 1002 2666 crimine
1021 2596 1175 2668 heretice
1195 2598 1377 2690 pravitatis
1396 2597 1503 2668 luisse
1522 2597 1705 2667 credentes
1725 2595 1854 2665 hereti-

426 2714 546 2765 corum
567 2693 744 2765 erroribus
765 2705 800 2763 et
820 2694 907 2781 iore,
929 2694 957 2763 si
979 2694 1155 2779 viverent,
1177 2694 1405 2766 inmorandos
1426 2707 1460 2765 et
1487 2703 1741 2784 consequenter
1760 2692 1852 2763 bona

425 2791 581 2885 ipsorum
602 2791 752 2861 dicimus
771 2788 1008 2862 confiscanda.
1031 2793 1112 2862 Lata
1134 2793 1199 2861 luit
1221 2792 1285 2863 hec
1304 2792 1476 2863 sententia
1497 2802 1532 2861 et
1550 2790 1738 2861 declaratio
1761 2787 1852 2859 dilfi-

426 2889 536 2959 nitiva
557 2889 592 2958 in
612 2889 758 2959 ecclesia
778 2889 895 2959 Sancti
914 2889 1079 2981 Stephani
1099 2889 1266 2976 Tholose,
1289 2910 1383 2961 anno
1401 2901 1437 2960 et
1455 2889 1531 2975 die,
1553 2900 1588 2959 et
1606 2900 1735 2958 cetera.

427 3141 485 3206 25.
510 3144 642 3208 Forma
657 3145 839 3208 sententie
851 3143 1009 3224 alicujus
1025 3144 1188 3210 defuncti
1202 3144 1359 3209 confessi
1373 3145 1413 3209 in
1423 3144 1557 3223 juditio
1574 3143 1617 3208 de
1628 3143 1748 3207 heresi
1765 3143 1852 3206 dum

464 3250 630 3326 virebat,
647 3265 721 3314 non
736 3259 861 3314 tamen
876 3252 1065 3316 invenitur
1074 3252 1186 3316 fuisse
1201 3252 1391 3316 absolutus
1407 3267 1429 3314 a
1445 3251 1631 3314 sententia
1648 3265 1853 3314 excommu-

466 3357 665 3422 nicationis
679 3358 757 3422 late
771 3376 793 3422 a
809 3374 948 3423 canone
966 3367 1097 3423 contre
1113 3360 1218 3423 tales.

475 3573 512 3644 ln
531 3573 672 3644 nomine
691 3574 842 3659 Domini,
857 3595 972 3645 amen.
990 3573 1161 3657 Quoniam
1185 3597 1248 3647 nos
1269 3577 1373 3645 irater
1394 3576 1471 3647 talis
1491 3585 1525 3645 et
1542 3575 1647 3644 irater
1663 3573 1754 3657 talis,
1770 3573 1848 3644 ord.

426 3670 577 3759 Predic.,
594 3672 817 3763 inquisitores
835 3673 988 3744 heretice
1005 3674 1187 3766 pravitatis
1208 3674 1243 3742 in
1258 3693 1365 3763 regno
1382 3673 1527 3742 Francie
1542 3692 1603 3763 per
1618 3671 1737 3741 sedem
1754 3691 1852 3763 apos·

429 3768 565 3840 tolicam
578 3769 748 3862 deputati,
765 3793 827 3862 per
843 3771 1106 3862 inquisitionem
1125 3783 1160 3842 et
1177 3771 1401 3863 actapublice
1419 3769 1656 3862 inquisitionis
1674 3768 1847 3859 ejusdem,

427 3886 564 3938 necnon
580 3886 641 3959 per
660 3869 919 3939 consessionem
940 3870 1114 3962 propriam
1131 3871 1254 3939 iactam
1271 3870 1305 3938 in
1322 3868 1448 3959 juditio
1465 3867 1542 3937 talis
1561 3867 1604 3937 N.
1622 3865 1665 3935 de
1681 3864 1741 3934 tali
1758 3864 1848 3953 loco,

426 3964 505 4034 talis
523 3963 700 4058 dyocesis,
719 3965 872 4057 legitime
892 3968 993 4038 nobis
1012 3977 1149 4037 constat
1166 3965 1260 4058 quod
1282 3966 1459 4058 predictus
1477 3964 1518 4033 N.
1538 3985 1630 4033 nunc
1650 3963 1848 4050 defunctus,

428 4073 584 4154 tempore
603 4083 674 4153 quo
694 4063 839 4134 vivebat
858 4065 947 4134 vidit
966 4076 1001 4135 et
1029 4065 1186 4134 visitavit
1205 4064 1335 4156 pluries
1356 4073 1391 4133 et
1423 4083 1519 4136 more
1541 4059 1719 4130 hereticali
1745 4057 1848 4130 here·

427 4159 516 4230 ticos
539 4159 727 4247 adoravit;
755 4161 838 4231 item
865 4162 1021 4233 interluit
1046 4162 1289 4233 hereticationi
1313 4161 1493 4251 cujusdam
1520 4178 1670 4251 persone
1693 4157 1728 4226 in
1753 4154 1850 4226 infir-

426 4257 546 4327 mitate
567 4251 609 4352 [1⁰
627 4256 673 4325 67
694 4254 729 4355 b]
752 4258 796 4329 de
822 4280 890 4350 qua
917 4260 1028 4347 obiit;
1052 4261 1135 4330 item
1163 4258 1301 4330 audivit
1329 4259 1461 4351 pluries
1491 4256 1599 4327 verba
1627 4265 1662 4325 et
1690 4252 1849 4348 predica·

427 4354 540 4426 tiones
566 4364 601 4425 et
627 4356 838 4427 monitiones
863 4355 1124 4444 hereticorum;
1156 4356 1238 4426 item
1261 4355 1411 4427 credidit
1436 4355 1609 4425 hereticos
1634 4373 1712 4422 esse
1735 4352 1850 4423 bonos

426 4451 587 4524 homines
620 4463 655 4523 et
688 4475 850 4540 veraces,
883 4465 918 4524 et
955 4454 1085 4525 habere
1122 4464 1158 4523 et
1193 4464 1312 4523 tenere
1347 4453 1474 4524 honam
1515 4448 1641 4533 tidem,
1686 4461 1754 4521 etc.
1796 4450 1851 4540 (in

426 4549 492 4622 isto
510 4549 581 4621 loco
599 4550 855 4643 obprimantur
877 4550 977 4644 culpe
1000 4550 1138 4644 simpulo
1154 4547 1396 4645 sinqr'dalt'm);
1419 4549 1548 4620 idcirco
1569 4569 1632 4618 nos
1651 4547 1775 4639 prelati
1795 4550 1850 4616 in·

427 4648 636 4740 quisitores,
664 4650 886 4720 attendentes
913 4650 1006 4741 quod
1038 4648 1215 4741 predictus
1235 4648 1312 4717 talis
1331 4649 1374 4719 N.
1396 4647 1602 4729 defunctus,
1623 4643 1785 4737 quamvis
1805 4645 1850 4715 de

412 4745 593 4840 predictis
611 4746 646 4815 in
663 4746 791 4836 juditio
812 4747 915 4818 luerit
933 4748 1132 4832 confessus,
1151 4768 1219 4817 non
1240 4756 1355 4816 tamen
1378 4744 1555 4814 invenitur
1574 4744 1609 4813 in
1629 4743 1716 4813 actis
1737 4741 1850 4833 puhli-

427 4844 476 4914 cis
505 4843 741 4935 inquisitionis
773 4845 951 4935 ejusdem,
980 4866 1045 4916 nec
1079 4844 1166 4916 alias
1196 4865 1257 4938 per
1283 4842 1525 4935 inquisitorem
1555 4841 1706 4932 aliquem
1740 4839 1849 4912 luisse

425 4939 636 5030 judicialiter
655 4941 835 5013 absolutus
852 4964 872 5013 a
892 4943 1064 5013 sententia
1084 4940 1456 5013 excommunicationis
1476 4938 1544 5010 lata
1562 4959 1581 5008 a
1603 4940 1683 5029 J'ure
1700 4957 1849 5029 genera·

428 5037 505 5110 liter
525 5050 645 5110 contra
670 5039 774 5126 tales,
802 5061 865 5111 nec
892 5040 1172 5133 reincorporatus
1190 5039 1343 5110 Ecclesie
1363 5037 1509 5124 unitati,
1530 5057 1594 5107 uec
1610 5037 1717 5106 etiam
1738 5046 1850 5106 morte

1656 5158 1691 5218 16
