4574 6404
428 680 496 763 l98
714 708 877 761 ruxcrrcx
904 707 1143 774 rnqursrrronrs
1170 706 1333 760 nsnrrrcn
1359 707 1571 759 rnxvrrxrrs.

424 866 594 939 sonaliter
620 866 854 952 accesserint,
884 866 940 936 vel
966 867 1043 939 loco
1067 869 1121 937 sui
1142 878 1262 938 contra
1289 866 1366 936 illos
1388 865 1548 936 miserint
1571 866 1778 954 bellatores;
1814 872 1864 939 ita

423 965 519 1058 quod
546 975 615 1033 tam
644 984 708 1034 vos
727 984 816 1055 quos
835 964 1060 1055 indulgencie
1080 963 1204 1035 baberi
1227 965 1391 1035 volumus
1416 961 1524 1054 hujus
1545 964 1731 1057 participes
1753 986 1862 1055 qnam

424 1061 473 1133 illi
496 1061 556 1153 qui
586 1064 621 1129 in
650 1062 896 1153 prosecutione
926 1072 992 1131 tam
1024 1063 1189 1134 salutaris
1215 1073 1250 1133 et
1275 1064 1411 1153 accepti
1430 1059 1535 1130 lbesu
1564 1059 1690 1131 Christi
1717 1063 1863 1132 servicii

424 1159 572 1230 feliciter
591 1158 743 1229 obierint
760 1158 898 1252 plenam
921 1180 1065 1229 suorum
1086 1160 1131 1230 de
1155 1160 1284 1252 quibus
1303 1159 1453 1230 confessi
1475 1158 1606 1228 luerint
1625 1158 1780 1229 habeant
1801 1181 1863 1230 ve-

425 1257 517 1327 niam
539 1266 759 1349 peccatorum
775 1310 784 1337 ,
803 1257 1011 1327 auctoritate
1032 1259 1245 1350 presentium
1269 1257 1369 1326 vobis
1393 1257 1620 1326 concedimus
1642 1258 1860 1327 facultatem.

474 1354 512 1448 q)
535 1353 678 1424 Decimo
696 1353 866 1445 septimo,
887 1355 1092 1424 conceditur
1112 1354 1379 1446 inquisitoribus
1397 1366 1432 1423 et
1449 1353 1554 1423 suciis
1574 1374 1615 1423 ac
1631 1354 1776 1424 notariis
1796 1377 1861 1426 eo·

426 1471 503 1521 rum
526 1451 562 1518 in
584 1451 829 1544 prosecutione
849 1453 985 1542 negocii
1015 1452 1256 1523 laborantibus
1275 1462 1310 1521 et
1335 1450 1500 1521 omuibus
1526 1451 1585 1542 qui
1608 1451 1693 1544 ipsis
1713 1451 1862 1545 inquisi-

426 1548 563 1620 toribus
584 1547 814 1640 personaliter
831 1549 1005 1619 astiterint
1023 1550 1057 1618 in
1076 1550 1200 1620 eodem
1218 1549 1437 1640 indulgentia
1451 1548 1677 1640 infrascripta
1694 1550 1727 1617 in
1746 1550 1862 1620 littera

425 1646 614 1716 Clementis
642 1664 730 1738 pape
757 1645 832 1715 llllli
863 1646 1130 1738 inquisitoribus
1158 1648 1193 1716 in
1218 1646 1425 1717 Lombardia
1452 1671 1460 1714 :
1490 1643 1587 1716 Licet
1604 1667 1651 1714 ecc
1676 1645 1864 1734 omnibus,·

426 1747 535 1826 item,
558 1744 593 1813 in
613 1742 728 1812 littera
748 1744 906 1832 ejusdem
926 1745 1113 1815 Clementis
1138 1766 1227 1837 pape
1252 1758 1287 1813 et
1309 1743 1467 1834 Gregorii
1488 1764 1577 1836 pape
1599 1742 1640 1812 Xi
1662 1754 1697 1815 et
1720 1744 1861 1840 Nycbo·

428 1841 483 1935 lay
505 1861 595 1933 pape
615 1840 690 1908 1111ιί
715 1840 907 1911 consimilis
935 1845 1066 1912 tenoris
1094 1841 1361 1934 inquisitoribus
1388 1844 1422 1909 in
1450 1863 1557 1930 regno
1583 1840 1727 1911 francie
1752 1867 1760 1911 ι
1782 1840 1864 1914 Pre

407 1937 573 2009 ,cunetis
596 1935 651 2007 Et
666 1936 796 2029 r'nfre:
818 1939 925 2009 Vobis
943 1951 1060 2010 autem
1083 1962 1145 2032 pro
1162 1938 1366 2029 hujusmodi
1387 1939 1534 2029 negocio
1554 1938 1796 2010 laborantibus
1817 1941 1860 2009 il·

429 2036 495 2106 lam
517 2048 737 2127 peccatorum
759 2037 898 2107 veniam
921 2038 1147 2128 indulgemus
1167 2059 1237 2129 que
1256 2035 1543 2106 succurrentibus
1553 2036 1657 2106 Terre
1676 2031 1716 2132 [l0
1737 2037 1807 2105 l09
1827 2034 1862 2136 c]

427 2133 552 2203 Sancte
573 2133 607 2202 in
627 2133 782 2224 generali
807 2146 861 2203 est
877 2155 1065 2220 concessa;
1083 2136 1188 2205 sociis
1207 2156 1293 2205 vero
1320 2134 1484 2204 iratribus
1512 2133 1619 2204 vestri
1645 2134 1803 2217 ordinis,
1826 2149 1864 2206 et

428 2231 573 2301 notariis
592 2231 720 2300 vestris
739 2232 799 2321 qui
822 2252 890 2300 nna
910 2233 1092 2303 vobiscum
1114 2236 1148 2301 in
1169 2232 1412 2324 prosecutione
1432 2230 1634 2321 hujusmodi
1655 2234 1790 2322 negocii
1812 2234 1863 2305 la-

428 2328 624 2406 borabunt,
646 2343 680 2397 et
704 2329 868 2399 omnibus
887 2332 946 2421 qui
973 2329 1075 2401 vobis
1099 2330 1329 2423 personaliter
1348 2329 1523 2398 astiterint
1545 2332 1580 2398 in
1605 2330 1730 2400 eodem
1753 2351 1862 2422 nego·

428 2428 505 2507 oio,
525 2425 638 2517 etqui
659 2426 703 2495 ad
726 2427 1002 2518 impugnandum
1021 2426 1215 2506 hereticos,
1238 2428 1410 2510 fautores,
1432 2438 1666 2519 receptatores
1685 2438 1718 2497 et
1739 2428 1864 2498 defen·

428 2544 527 2593 sores
540 2543 662 2592 eorum
677 2525 854 2595 exanimo
869 2526 972 2595 vobis
985 2526 1200 2618 prestiterint
1213 2525 1412 2605 consilium,
1427 2525 1597 2596 auxilium
1614 2524 1670 2594 vel
1686 2526 1860 2611 favorem,

428 2624 474 2691 de
489 2623 741 2713 omnipotentis
759 2622 819 2693 Dei
840 2622 1077 2693 misericordia
1095 2635 1129 2692 et
1144 2623 1324 2693 beatorum
1347 2622 1435 2692 Petri
1451 2635 1485 2692 et
1503 2621 1601 2693 Pauli
1619 2623 1861 2715 apostolorum

428 2719 504 2808 ejus
534 2719 743 2788 auctoritate
762 2719 906 2805 confisi,
930 2732 999 2790 tres
1018 2742 1129 2790 annos
1150 2721 1194 2791 de
1222 2721 1387 2810 injunctis
1410 2720 1478 2790 sibi
1500 2719 1702 2813 penitentiis
1723 2721 1862 2792 relaxa·

428 2837 518 2885 mus.
539 2815 579 2885 Et
598 2817 627 2885 si
647 2816 706 2907 qui
725 2839 771 2887 ex
791 2820 843 2888 eis
862 2818 895 2886 in
916 2819 1163 2911 prosecutione
1181 2818 1286 2909 hujus
1302 2818 1438 2909 negocii
1455 2818 1543 2888 forte
1562 2818 1792 2905 decesserint,
1808 2820 1861 2891 eis

427 2925 648 3006 peccatorum
671 2916 827 2984 omnium
849 2915 894 2985 de
911 2915 1040 3008 quibus
1056 2915 1162 2987 corde
1179 2916 1317 2986 contriti
1339 2928 1373 2985 et
1392 2937 1454 2986 cre
1472 2916 1621 2985 confessi
1642 2917 1769 2985 fuerint
1785 2917 1860 3010 ple-

428 3031 506 3079 uam
529 3011 668 3080 veniam
689 3013 926 3103 indulgemus.
946 3053 990 3064 -
1007 3014 1115 3098 ltem,
1139 3015 1173 3082 in
1195 3015 1307 3083 littera
1324 3013 1517 3083 Alexandri
1539 3034 1627 3105 pape
1646 3013 1721 3082 llll¹³
1742 3017 1861 3106 inqui·

425 3107 594 3178 nitoribus
622 3108 830 3179 Tholcsanis
858 3137 865 3179 :
890 3109 1117 3181 Firmissime
1136 3117 1253 3182 tenent
1279 3117 1394 3181 vestro
1415 3111 1624 3203 prudentie.
1655 3110 1705 3180 Et
1724 3111 1857 3204 infre:

427 3205 496 3275 Nos
517 3204 618 3276 vobis
637 3228 721 3277 vere
741 3208 979 3300 penitentibus
1003 3220 1038 3278 et
1061 3209 1250 3291 confessis,
1282 3210 1327 3279 de
1355 3209 1604 3301 omnipotentis
1631 3209 1691 3277 [lei
1723 3212 1857 3280 miseri·

426 3304 544 3374 cordia
565 3315 600 3372 et
618 3304 800 3374 beatorum
821 3306 910 3376 Petri
936 3316 971 3376 et
996 3305 1090 3375 Pauli
1110 3307 1346 3399 apostolorum
1375 3307 1450 3397 ejus
1476 3308 1682 3376 anctoritate
1708 3305 1857 3392 conlisi,

426 3400 564 3492 plenam
582 3402 807 3472 concedimus
828 3406 965 3474 veniam
987 3416 1224 3497 peccatorum.
1240 3404 1352 3476 Sociis
1370 3416 1486 3474 autem
1508 3403 1642 3473 ordinis
1663 3406 1769 3475 vestri
1789 3406 1860 3475 fra·

426 3498 537 3567 tribus
564 3509 599 3568 et
626 3500 769 3570 notariis
796 3501 921 3571 vestris
941 3504 1003 3593 qui
1031 3524 1097 3571 una
1117 3501 1299 3572 vobiscum
1329 3505 1363 3572 iu
1389 3503 1634 3595 prosecutione
1660 3501 1764 3595 bnjns
1792 3526 1856 3575 ne-

425 3596 514 3685 gocii
543 3595 771 3679 laborabunt,
794 3611 829 3667 et
854 3599 932 3669 aliis
957 3600 1015 3689 qui
1046 3601 1088 3668 ad
1120 3600 1396 3692 impugnandum
1426 3599 1621 3683 hereticos,
1649 3602 1857 3691 credentes,

426 3705 673 3784 receptatores,
690 3696 842 3765 lautores
856 3709 891 3766 et
906 3697 1111 3767 defensores
1126 3719 1247 3767 eorum
1265 3698 1421 3768 vobisex
1438 3699 1556 3767 auimo
1571 3698 1743 3768 auxilium
1761 3719 1859 3792 pres·

428 3792 560 3860 tilerint
577 3791 633 3861 vel
652 3792 831 3875 favorem,
856 3805 924 3864 tres
944 3816 1054 3864 annos
1075 3794 1120 3864 de
1143 3795 1296 3885 injuncta
1318 3797 1509 3888 penitentia
1530 3796 1742 3865 relaxamus.
1765 3795 1858 3869 Etsi

425 3889 484 3978 qui
506 3910 552 3958 cx
574 3888 642 3958 hiis
662 3890 696 3957 iu
724 3894 969 3982 prosecutione
989 3890 1094 3982 hujus
1119 3893 1255 3982 negocii
1284 3895 1371 3962 forte
1391 3894 1631 3975 decesserint,
1654 3896 1706 3963 eis
1734 3916 1857 3986 pecca·

426 3999 538 4055 torum
559 3981 599 4082 [f⁰
616 3986 685 4056 tot
698 3983 734 4084 d]
754 3988 909 4057 omnium
928 3991 971 4059 dc
991 3990 1121 4080 quibus
1137 3991 1244 4060 corde
1262 3991 1401 4060 contriti
1424 4002 1458 4060 et
1477 4013 1538 4062 ore
1555 3991 1705 4061 confessi
1726 3992 1860 4064 fuerint

426 4083 562 4173 plenam
574 4085 713 4155 veniam
724 4086 960 4176 indulgemus.
976 4127 1021 4138 -
1033 4087 1131 4169 ltem,
1147 4087 1181 4156 iu
1192 4087 1258 4156 alia
1271 4090 1382 4158 littera
1394 4089 1550 4177 ejusdem
1561 4088 1753 4159 Alexandri
1766 4111 1859 4183 pape

425 4181 531 4272 priori
550 4182 693 4252 fratrum
715 4182 975 4255 Predicatorum
993 4183 1242 4254 parisiensium
1262 4210 1270 4254 :
1290 4184 1369 4256 Pre
1387 4186 1530 4256 eunctis.
1551 4185 1605 4254 Et
1618 4184 1798 4278 infre:Et
1820 4200 1860 4259 ut

425 4289 460 4345 tu
480 4291 514 4347 et
531 4277 588 4348 alii
611 4279 644 4348 in
662 4279 862 4370 hujusmodi
884 4283 1029 4373 negocio
1050 4281 1189 4353 fidelius
1208 4295 1243 4351 et
1262 4283 1428 4353 libentius
1447 4283 1613 4353 laboretis
1632 4306 1703 4375 qno
1722 4287 1857 4358 exinde

424 4373 568 4445 liberius
594 4378 788 4470 spiritualia
810 4380 901 4449 dona
922 4401 986 4450 vos
1010 4379 1191 4451 senseritis
1217 4393 1463 4473 percepturos,
1487 4381 1550 4450 tibi
1576 4382 1604 4451 si
1625 4382 1769 4473 quidem
1792 4405 1858 4475 pro

423 4470 623 4562 hujusmodi
652 4476 797 4564 negocio
827 4476 997 4547 laboranti
1025 4490 1060 4547 et
1079 4478 1243 4548 omnibus
1269 4479 1498 4571 personaliter
1518 4478 1580 4548 tibi
1606 4481 1858 4553 assistentibus

422 4572 456 4637 iu
474 4572 598 4641 ecdem
615 4572 708 4642 illam
725 4585 922 4644 vestrorum
939 4576 1179 4667 peccaminum
1195 4577 1334 4645 veniam
1354 4577 1544 4666 elargimur
1560 4598 1629 4667 que
1646 4598 1857 4648 succurren-

423 4667 515 4738 tibus
537 4669 642 4739 Terre
665 4670 790 4741 Sancte
811 4672 845 4741 iu
873 4672 1028 4762 generali
1057 4673 1206 4744 concilio
1233 4685 1287 4744 est
1310 4695 1497 4758 concessa;
1518 4674 1585 4744 illis
1614 4696 1700 4745 vero
1728 4675 1788 4766 qui
1810 4677 1857 4746 ad

422 4764 699 4856 impugnandum
721 4767 913 4851 hereticos,
933 4772 1104 4857 fautores,
1122 4782 1158 4841 et
1175 4783 1430 4865 receptatores,
1448 4792 1488 4842 ac
1506 4772 1710 4842 defensores
1730 4793 1855 4844 eorum

424 4860 485 4930 tibi
511 4886 554 4933 ex
576 4867 694 4936 animo
720 4867 914 4948 auxilinm,
935 4869 1119 4939 consilium
1151 4869 1364 4960 prestiterint
1385 4869 1439 4939 vel
1470 4869 1649 4952 favorem,
1669 4868 1714 4939 de
1740 4871 1856 4940 omni-

422 4964 573 5051 potentis
598 4963 661 5032 Dei
689 4962 926 5034 misericordia
947 4975 982 5034 et
1004 4966 1187 5038 beatorum
1213 4966 1303 5036 Petri
1324 4976 1359 5036 et
1385 4966 1481 5036 Pauli
1508 4968 1746 5060 apostolorum
1774 4969 1855 5059 ejus

420 5057 627 5129 auctoritate
646 5057 790 5146 confisi,
816 5071 886 5131 tres
903 5081 1015 5133 annos
1034 5064 1079 5133 de
1099 5063 1253 5153 injuncta
1274 5063 1341 5134 sibi
1363 5064 1554 5156 penitentia
1572 5064 1795 5154 relaxamus,
1819 5076 1856 5137 et

994 5573 1412 6024 ,m
