4612 6404
855 630 981 698 cuturn
1007 631 1104 683 runs.
1625 617 1694 685 355

262 812 367 872 uem,
397 801 432 861 et
451 790 626 859 carnalem
654 812 723 881 que
748 801 801 859 est
829 790 966 859 illorum
987 791 1045 881 qui
1073 790 1260 859 carnaliter
1288 802 1325 859 et
1351 790 1384 859 iu
1416 791 1552 860 deliciis
1580 792 1694 861 caruis

263 889 390 957 vivunt
417 888 484 957 sub
504 887 704 957 obedientia
732 886 896 957 hominis.
923 887 964 956 Et
988 887 1158 958 confiteor
1183 909 1286 957 unam
1316 900 1449 956 lantum
1478 910 1556 958 esse
1575 888 1694 958 Eccle-

263 987 348 1056 siam
369 989 406 1054 iu
425 1006 493 1075 qua
514 996 597 1053 sunt
618 997 686 1054 tam
708 986 789 1054 boui
808 1007 912 1076 quam
932 985 1011 1054 mali
1030 979 1070 1080 [l0
1092 985 1154 1052 t9t
1180 981 1230 1081 ej.
1246 987 1346 1069 ltem,
1370 1007 1498 1056 revoco
1516 999 1551 1056 et
1570 987 1696 1075 abjuro

263 1085 464 1176 opinionem
493 1102 674 1152 erroneam
708 1104 812 1172 quam
842 1083 1032 1173 aliquando
1058 1083 1162 1151 habui
1193 1094 1227 1151 et
1257 1084 1371 1163 tenui,
1394 1084 1571 1155 credendo
1599 1084 1695 1175 quod

259 1182 380 1272 jurare
400 1183 434 1248 iu
458 1180 587 1270 juditio
616 1192 651 1248 ct
671 1202 733 1271 pro
758 1181 905 1250 veritate
932 1181 1080 1249 dicenda
1107 1195 1180 1249 erat
1201 1180 1358 1248 illicitum
1380 1191 1412 1250 et
1440 1194 1637 1272 peccatum,
1662 1193 1695 1250 et

263 1278 440 1348 credendo
465 1278 559 1368 quod
586 1298 691 1347 omne
714 1279 950 1366 Juramentum
981 1278 1183 1348 indistinete
1207 1290 1301 1347 esset
1331 1278 1544 1370 prohibitum
1571 1299 1592 1347 a
1623 1279 1696 1348 Deo

266 1386 428 1466 tanquam
450 1375 606 1444 illicitum
626 1386 661 1444 et
682 1388 875 1466 peccatum.
899 1376 938 1443 Et
958 1374 1128 1445 confiteor
1145 1397 1199 1443 me
1218 1377 1362 1445 credere
1380 1375 1474 1467 quod
1497 1376 1628 1445 licitum
1649 1379 1695 1445 sil

259 1474 378 1563 jurare
399 1495 461 1565 pro
482 1474 629 1542 veritate
653 1473 686 1540 iu
706 1473 835 1561 juditio
855 1474 1044 1542 asserenda
1065 1474 1259 1543 secundum
1282 1474 1375 1563 quod
1398 1486 1517 1543 sancta
1537 1473 1693 1543 Romana

262 1570 414 1640 Ecclesia
436 1571 579 1639 tradidit
601 1583 636 1639 et
651 1571 801 1639 instituit
820 1583 854 1640 et
871 1571 1048 1640 observat.
1068 1568 1082 1662 <
1089 1569 1277 1641 Consimili
1296 1570 1397 1640 uredo
1416 1570 1693 1663 conprimatur,

263 1673 292 1735 si
309 1668 423 1761 aliqui
441 1668 506 1737 ulit?
528 1690 668 1737 errores
691 1690 751 1737 seu
769 1668 914 1738 articuli
932 1669 1076 1737 errouci
1096 1668 1235 1761 sircrtut
1257 1667 1480 1758 abjurandi;
1504 1675 1538 1737 ct
1565 1668 1603 1737 iu
1621 1670 1696 1760 siue

263 1766 496 1836 concludatur
514 1766 552 1834 r'a
570 1766 662 1835 lruuc
681 1765 824 1834 modum
844 1765 1027 1856 abjuratio
1046 1765 1258 1860 pancratis.)

312 1865 411 1943 lteur,
425 1885 491 1953 ego
503 1866 656 1955 prelatus
675 1863 753 1932 talis
772 1864 896 1953 abjuro
915 1864 1054 1954 penitus
1074 1863 1226 1934 heresim
1244 1877 1279 1933 et
1295 1886 1449 1934 errorem
1465 1865 1694 1934 extollentem

263 1982 301 2031 se
320 1961 493 2031 adversus
505 1972 661 2030 sanctam
677 1960 868 2030 Romanam
884 1960 1073 2030 Ecclesiam
1093 1973 1128 2030 et
1145 1962 1371 2053 apostolicam
1392 1964 1512 2031 sedem
1535 1973 1570 2030 et
1589 1960 1693 2032 fidem

264 2058 401 2128 Domini
424 2058 530 2128 Jbesu
557 2058 707 2140 Christi,
734 2070 768 2127 ct
787 2080 926 2128 omnem
948 2060 1102 2129 lavorem
1129 2072 1164 2129 et
1184 2060 1483 2152 participationem
1510 2071 1545 2129 et
1571 2059 1693 2128 delen-

263 2157 396 2226 siouem
423 2168 457 2224 et
477 2156 692 2226 credentiam
718 2156 951 2226 hereticorum
982 2158 1236 2247 cujuscumque
1254 2170 1348 2228 secte
1363 2159 1552 2251 dampnate
1570 2167 1605 2226 et
1619 2179 1695 2249 spo·

263 2253 397 2323 cialiter
423 2267 458 2323 et
477 2274 646 2345 expresse
672 2266 767 2322 secte
794 2254 934 2323 illorum
956 2254 1016 2344 qui
1043 2254 1346 2346 Pseudo-apostoli
1367 2260 1605 2339 nominantur,
1627 2255 1695 2324 sub

264 2371 442 2442 petraque
470 2352 513 2420 de
536 2352 617 2440 jure
638 2350 786 2419 debetur
811 2353 957 2443 relapsis
981 2354 1016 2420 iu
1040 2351 1189 2422 heresim
1213 2353 1246 2420 iu
1263 2353 1392 2441 juditio
1416 2354 1627 2443 abjuratam.
1654 2352 1695 2421 El

264 2453 429 2539 promitto
449 2460 483 2517 et
497 2450 577 2537 juro
596 2469 651 2517 me
671 2460 791 2518 tenere
812 2446 915 2519 fidem
934 2470 1038 2540 quam
1060 2461 1179 2519 sancta
1199 2449 1352 2520 Romana
1367 2450 1519 2520 Ecclesia
1538 2450 1695 2542 predicat

263 2557 298 2614 et
316 2546 494 2616 observat.
518 2548 616 2629 ltem,
640 2546 858 2636 promittuut
874 2548 955 2636 juro
976 2568 1031 2616 me
1051 2568 1113 2639 pro
1133 2568 1236 2638 posse
1258 2568 1336 2617 meo
1355 2547 1518 2640 persequi
1540 2557 1575 2616 et
1593 2547 1694 2617 dete·
1727 2569 1732 2577 ·

262 2664 346 2733 gere
366 2654 426 2712 aul
447 2645 605 2713 revelare
624 2656 658 2713 el
687 2644 801 2712 lacere
820 2646 896 2734 capi
918 2656 952 2713 et
978 2644 1079 2714 reddi
1104 2643 1373 2735 inquisitoribus
1397 2645 1551 2715 heretice
1577 2645 1693 2736 pravi·

263 2741 343 2809 tatis
364 2740 556 2824 hereticos,
579 2752 647 2810 etc.
669 2737 843 2833 (Require
861 2740 947 2810 alibi
953 2765 969 2827 ;
985 2741 1164 2812 scribatur
1181 2741 1219 2809 tu
1237 2741 1301 2812 hoc
1319 2741 1455 2836 loco...)

310 2935 476 3028 Emptictt
497 2943 668 3006 tractatus
686 2937 729 3005 de
744 2936 911 3029 practica
930 2935 1047 3030 officii
1061 2936 1296 3030 utrqur'sitr'our's
1315 2938 1519 3029 compositus
1537 2944 1571 3007 et
1598 2957 1692 3007 coru·

256 3034 390 3127 pilutus
398 3056 467 3125 per
486 3033 720 3103 uenerabilem
737 3040 768 3102 et
786 3033 992 3126 relipr'osuur
1011 3035 1132 3103 airum
1142 3035 1227 3104 horre
1241 3036 1410 3104 memorie
1423 3035 1583 3128 fratrem
1597 3033 1692 3103 Ber·

260 3132 419 3201 roardum
440 3129 611 3201 Gutdcur's
634 3133 842 3202 armtorrtate
860 3132 996 3226 apostol
995 3154 1051 3204 rca
1070 3131 1108 3202 r'u
1134 3155 1246 3225 rapae
1265 3131 1452 3226 Francia,
1480 3138 1638 3204 utaaime
1657 3132 1695 3201 iu

255 3236 346 3323 part
333 3228 422 3298 tubus
456 3227 677 3323 Tholosauts,
708 3230 945 3339 inquisitorem
972 3231 1121 3300 heretrce
1147 3253 1256 3340 prout
1253 3231 1338 3302 'tatis
1369 3230 1479 3324 deput
1479 3243 1604 3324 alum,
1621 3228 1697 3395 qui

255 3327 482 3419 postrrrodurn
497 3326 571 3419 furt
586 3323 703 3418 sactus
719 3349 900 3420 eprscopus
923 3326 1156 3413 Lodoaeasrs,
1179 3330 1278 3419 cujus
1294 3351 1419 3400 curma
1437 3330 1634 3423 requiescat
1658 3327 1696 3396 iu

256 3446 359 3516 pace.
380 3424 496 3494 Arnen
515 3423 582 3518 (l).

298 3679 335 3746 (l)
353 3677 502 3747 lr’Erplr'cr'l
517 3696 641 3751 manque
655 3680 728 3734 dans
745 3681 768 3734 le
784 3696 838 3734 ms.
857 3681 918 3736 381.
