4574 6404
421 653 493 722 222
709 665 872 719 ruscrrcr
899 665 1139 732 ruoursrrrorus
1166 661 1329 718 uausrrce
1354 661 1566 716 rmvrrtrrs.

424 824 602 912 Fulcodii,
625 847 661 917 q.
683 823 786 908 Xlll·,
807 823 972 894 scribitur
988 833 1023 892 et
1042 821 1211 907 babetur,
1233 820 1328 914 quod
1352 818 1469 893 in'eos
1496 819 1555 911 qui
1580 840 1739 892 carceres
1758 823 1858 894 exie·

427 935 513 994 runt
530 922 583 993 vel
602 922 776 1012 injunctas
787 917 1001 1014 'penitentias
1017 920 1194 991 violarunt
1208 919 1311 989 durat
1326 917 1571 1010 inquisitorum
1586 930 1753 1011 potestas,
1766 919 1860 993 adeo

426 1021 522 1114 quod
539 1019 656 1111 illiqui
667 1018 823 1112 predicta
839 1019 1103 1100 commiserunt,
1121 1018 1425 1088 siexcusationem
1442 1015 1666 1105 nonhabent,
1682 1011 1723 1112 [p
1739 1015 1856 1117 than]

428 1130 577 1212 possunt
596 1129 760 1209 tanquam
779 1115 923 1187 heretici
941 1116 1206 1209 condempnari,
1227 1135 1307 1185 nam
1327 1117 1540 1208 presumitur
1556 1112 1635 1184 ficta
1655 1116 1857 1199 conversio,

429 1227 463 1286 et
479 1215 654 1287 confessio
673 1214 855 1297 simulata,
876 1213 1075 1284 cimeteria
1096 1213 1226 1284 veteris
1245 1211 1374 1282 erroris
1385 1211 1578 1298 recondita,
1601 1213 1858 1303 Argumentum

429 1313 487 1383 de.
510 1334 587 1407 pe.,
609 1311 693 1383 dist.
715 1312 869 1382 secunda
897 1337 905 1379 ε
935 1311 978 1382 st
1000 1310 1077 1405 quis
1101 1310 1267 1395 r'nvidie,·
1294 1330 1374 1379 nam
1400 1312 1518 1380 exitus
1545 1322 1620 1380 acta
1650 1312 1787 1402 probat.
1818 1312 1861 1381 llt

429 1432 540 1482 canon
561 1411 722 1480 similiter
746 1409 855 1496 XXll,
879 1431 914 1500 q.
934 1408 997 1494 llt,
1019 1409 1113 1501 quod
1134 1409 1182 1479 ait
1203 1434 1211 1476 :
1233 1408 1274 1477 Et
1293 1428 1338 1477 ex
1359 1418 1438 1500 post
1458 1407 1549 1478 lacto
1568 1408 1765 1479 ostenditur
1790 1409 1858 1480 sibi

430 1529 613 1579 excessum
634 1520 789 1578 veterem
809 1507 995 1600 placuisse,
1016 1505 1091 1576 drm
1104 1506 1250 1591 XXXl·,
1267 1528 1303 1597 q.
1320 1505 1351 1591 l,
1376 1503 1469 1576 Com
1486 1526 1553 1597 per
1571 1503 1742 1593 bellicam,
1764 1510 1857 1577 circu

429 1604 534 1675 linem
556 1606 622 1691 ibi,
645 1605 878 1676 Ostendentes
903 1605 989 1690 sibi,
1014 1616 1082 1675 etc.

478 1702 574 1774 Circa
598 1703 832 1773 recidivantes
860 1723 947 1773 vero
975 1702 1035 1794 qui
1060 1702 1185 1796 relapsi
1215 1702 1378 1771 dicuntur
1403 1700 1593 1793 improprie
1626 1714 1746 1772 contra
1776 1725 1857 1795 pro-

430 1801 544 1894 prium
581 1802 819 1892 juramentum
855 1801 1039 1870 veritatem
1076 1801 1109 1869 in
1148 1799 1277 1890 juditio
1310 1798 1562 1893 supprimendo
1596 1812 1657 1870 aut
1696 1800 1859 1893 peniten-

430 1899 511 1968 tiam
549 1899 616 1969 sibi
650 1900 840 1989 injunctam
873 1909 934 1967 aut
961 1898 1122 1968 mandata
1160 1897 1226 1968 sibi
1261 1898 1422 1990 imposita
1455 1918 1523 1967 non
1562 1898 1762 1982 servando,
1805 1911 1860 1969 set

430 1995 615 2077 violando,
646 2018 714 2068 non
749 1997 930 2067 invenitur
959 2016 1165 2088 expressum
1204 1996 1236 2064 in
1267 1995 1371 2088 jure,
1403 1995 1485 2086 quia
1509 1994 1615 2082 tales,
1647 1995 1712 2065 nisi
1739 2010 1876 2067 essent.

429 2093 547 2164 lorsan
578 2094 840 2187 impenitentes,
867 2094 937 2164 siut
962 2093 1132 2186 penaliter
1161 2093 1310 2163 seculari
1339 2092 1469 2183 juditio
1505 2092 1750 2185 relinquendi,
1791 2095 1859 2165 nisi

429 2203 604 2281 quatenus
644 2192 689 2262 de
725 2191 963 2284 pejerantibus
995 2190 1128 2284 aliquid
1163 2203 1216 2260 est
1250 2212 1455 2283 expressum
1499 2191 1533 2260 in
1571 2191 1648 2282 lege
1684 2192 1859 2285 imperiali

429 2288 603 2360 Frederici
632 2289 794 2383 superins
823 2288 986 2380 allegata,
1018 2300 1052 2359 et
1082 2289 1116 2357 in
1142 2288 1398 2360 consultatione
1418 2289 1599 2359 memorati
1619 2288 1860 2361 Narbonensis

429 2387 585 2480 episcopi
605 2399 641 2458 et
658 2388 958 2478 suffraganeorum
978 2387 1067 2477 ejus,
1088 2399 1124 2456 et
1150 2387 1184 2456 in
1203 2386 1520 2458 consultationibus
1535 2387 1668 2457 domini
1687 2387 1861 2459 Guidonis

430 2483 586 2555 Fulcodii
611 2485 813 2555 immediate
831 2506 935 2576 supra
961 2485 1096 2578 positis.
1118 2485 1177 2554 Set
1206 2486 1240 2555 in
1270 2484 1338 2554 illis
1364 2484 1574 2577 supponitur
1597 2497 1657 2555 ant
1683 2486 1859 2577 abjuratio

429 2580 564 2654 heresis
583 2592 619 2652 et
638 2583 795 2675 relapsus
815 2583 850 2652 iu
869 2603 944 2653 eam
966 2593 1027 2652 aut
1046 2583 1286 2676 impenitentia
1305 2603 1383 2652 cum
1403 2582 1639 2668 contumacia,
1657 2585 1752 2655 unde
1765 2585 1859 2655 reci-

429 2678 591 2750 divantes
616 2702 679 2750 seu
700 2680 827 2773 relapsi
852 2680 934 2750 dicti
955 2681 1158 2773 improprie,
1179 2680 1208 2750 si
1230 2679 1421 2773 peniteant,
1444 2701 1514 2750 non
1533 2695 1615 2749 sunt
1634 2681 1861 2773 relinquendi

424 2776 555 2866 juditio
574 2778 737 2866 seculari,
753 2790 807 2848 set
827 2778 997 2871 puniendi
1013 2791 1095 2847 sunt
1114 2779 1213 2872 penis
1229 2779 1307 2847 aliis
1330 2778 1375 2848 ad
1400 2777 1582 2847 arbitrium
1610 2778 1858 2870 inquisitorum

424 2874 525 2964 juxta
544 2876 746 2967 qualitatem
762 2875 879 2945 delicti
899 2887 933 2945 et
953 2875 1232 2968 delinquentium
1255 2897 1496 2968 personarum,
1520 2887 1602 2968 puta
1618 2877 1860 2969 pejerantibus

428 2983 545 3065 preter
569 2994 695 3066 penam
721 2973 824 3043 aliam
847 2994 969 3044 cruces
995 2973 1176 3066 dupplices
1200 2974 1433 3066 imponendo,
1455 2973 1628 3044 violantes
1649 2996 1735 3046 vero
1757 2978 1857 3067 peni-

430 3071 573 3140 tentiam
599 3070 666 3140 sibi
687 3071 876 3162 injunctam
904 3092 966 3142 seu
994 3070 1155 3141 mandata
1176 3071 1244 3141 sibi
1270 3071 1433 3164 imposita
1456 3092 1525 3142 uon
1548 3085 1731 3143 servantes
1751 3073 1857 3144 redu-

429 3167 543 3238 cendo
561 3169 606 3238 ad
626 3189 800 3239 carcerem
817 3170 952 3239 muriet
969 3169 1102 3239 eisdem
1124 3190 1231 3260 penas
1249 3169 1335 3239 alias
1353 3169 1580 3262 imponendo,
1596 3190 1732 3242 necnon
1750 3192 1860 3263 penas

430 3267 670 3357 peccuniarias
690 3267 734 3336 ad
755 3288 843 3358 quas
863 3288 902 3337 se
921 3266 1169 3358 obligaverunt
1190 3261 1231 3363 [l⁰
1253 3264 1322 3337 tait
1340 3263 1372 3364 c]
1396 3278 1431 3337 et
1457 3288 1545 3358 quas
1566 3268 1859 3360 transgrediendo

429 3363 593 3433 mandata
615 3363 838 3435 incurrerunt
855 3364 900 3434 ab
920 3365 1004 3458 ipsis
1023 3365 1079 3434 vel
1102 3385 1223 3435 eorum
1244 3364 1505 3435 successoribus
1525 3367 1714 3456 exigendo.

477 3460 518 3554 d)
543 3460 732 3532 Credentes
751 3474 867 3533 autem
894 3461 1128 3533 hereticorum
1158 3462 1336 3533 erroribus
1364 3461 1511 3532 heretici
1527 3462 1745 3554 judicantur,
1765 3468 1859 3536 sicut

430 3561 592 3650 superius
602 3569 655 3628 est
670 3569 876 3651 pretactum‚
888 3558 993 3630 Extra
1010 3560 1054 3629 de
1070 3558 1233 3630 hereticis
1247 3585 1255 3628 :
1269 3558 1649 3650 &communicamus
1667 3562 1749 3654 11⁰5
1768 3561 1860 3635 Ore·

429 3655 549 3726 deum
568 3662 701 3727 cutem.
723 3657 782 3728 Est
805 3670 921 3728 autem
941 3658 1122 3728 sciendum
1144 3658 1237 3749 quod
1258 3659 1360 3751 culpe
1383 3680 1445 3729 seu
1473 3669 1571 3729 actus
1595 3660 1652 3729 vel
1682 3681 1789 3753 opera
1811 3684 1858 3733 ex

430 3754 558 3843 quibus
580 3766 726 3848 possunt
749 3755 899 3846 judicari
920 3755 1000 3825 talia
1021 3756 1187 3826 iacientes
1206 3778 1285 3827 esse
1307 3756 1491 3827 credentes
1511 3756 1743 3829 hereticorum
1764 3759 1858 3853 dup-

430 3851 565 3943 pliciter
591 3852 855 3944 distinguuntur
880 3851 954 3947 (l),
979 3854 1061 3945 quia
1086 3852 1287 3944 hujusmodi
1315 3854 1418 3947 culpe
1435 3853 1586 3946 quedam
1607 3867 1690 3926 sunt
1708 3868 1804 3927 certe
1822 3870 1859 3929 et

430 3947 660 4020 vehementer
678 3963 857 4042 cogentes,
875 3951 1153 4044 quedamautem
1165 3952 1466 4045 suntprobabiles,
1486 3974 1569 4044 que,
1588 3964 1622 4023 et
1639 3948 1697 4051 [si]
1716 3954 1859 4047 singule

429 4067 499 4116 non
528 4049 692 4138 probent,
715 4063 830 4119 umen
850 4048 955 4118 simul
981 4049 1126 4119 collecte
1149 4049 1280 4120 faciunt
1308 4049 1563 4119 validissimum
1593 4063 1855 4143 argumentum.

427 4142 535 4236 Calpe
555 4156 672 4215 antem
692 4168 754 4217 seu
777 4157 877 4216 actus
896 4158 931 4217 et
950 4166 1055 4240 opera
1079 4146 1179 4238 quasi
1200 4160 1293 4218 certa
1311 4168 1356 4217 ex
1376 4147 1504 4239 quibus
1523 4148 1633 4240 aliqui
1650 4149 1858 4240 judicantur

427 4262 506 4311 esse
520 4242 705 4313 credentes
720 4243 954 4315 hereticorum
970 4244 1170 4328 erroribus,
1190 4245 1353 4337 quamvis
1371 4245 1475 4315 etiam
1493 4246 1557 4339 ipsi
1575 4259 1705 4339 negent
1722 4269 1761 4318 se
1777 4269 1860 4319 esse

428 4338 526 4424 tales,
547 4352 715 4431 quantum
736 4342 780 4412 ad
798 4354 927 4412 sectam
948 4341 1091 4434 quidem
1111 4341 1338 4413 Catharorum
1352 4364 1415 4414 sen
1434 4343 1695 4415 Manicheorum
1712 4357 1796 4415 sunt
1814 4367 1859 4417 ea

426 4457 496 4527 que
515 4450 696 4525 secuntur,
723 4439 888 4510 videlicet
909 4439 938 4508 si
958 4441 1052 4533 ipsos
1070 4439 1243 4511 hereticos
1259 4441 1364 4511 modo
1379 4440 1557 4512 hereticali
1577 4442 1739 4529 adorant,
1758 4445 1857 4535 quod

425 4531 500 4604 lieri
521 4537 754 4607 communiter
779 4540 965 4609 consuevit
988 4536 1163 4608 llectendo
1182 4558 1297 4630 genua
1317 4558 1434 4610 coram
1454 4540 1540 4633 ipsis
1554 4539 1758 4632 junctisque
1779 4561 1857 4610 ma·

426 4631 529 4702 nibus
551 4633 766 4720 inclinando,
787 4633 940 4729 petendo
960 4635 1241 4707 benedictionem
1263 4637 1433 4730 ipsorum,
1455 4649 1516 4707 aut
1534 4638 1728 4709 secundnm
1750 4638 1857 4709 ritum

426 4727 579 4821 ipsorum
600 4731 802 4803 inclinando
821 4744 939 4826 caput,
959 4754 1080 4804 eorum
1100 4734 1278 4806 orationes
1298 4735 1518 4829 implorando
1539 4736 1595 4807 vel
1618 4757 1714 4807 more
1734 4748 1769 4808 et
1787 4737 1857 4806 ritu

424 4825 578 4918 ipsorum
600 4829 765 4901 inclinato
782 4832 896 4925 capite
910 4830 961 4901 eis
978 4843 1141 4924 tanquam
1157 4832 1287 4904 sanctis
1302 4846 1362 4904 aut
1381 4833 1483 4924 justis
1504 4833 1735 4905 reverentiam
1752 4833 1857 4905 exhi·

461 5057 498 5121 (l)
514 5058 704 5125 Ecttapuotur
719 5057 789 5113 dans
803 5059 845 5113 les
860 5058 936 5114 deux
951 5075 1024 5116 mss.

1152 5754 1389 6016 ἢ
