4612 6404
441 652 511 722 ota
731 665 893 718 emortua
918 664 1161 732 rnoursrrroros
1186 663 1349 721 marren
1373 663 1585 716 rmvrrnrrs.

441 838 477 896 et
494 826 587 895 dicte
604 824 698 895 sedis
720 824 910 917 apostolice
929 823 1077 914 gratiam
1098 823 1266 893 merearis
1286 821 1424 917 plenius
1444 823 1617 912 optinere.
1638 823 1765 892 Datum
1786 822 1876 893 Bur·

441 923 575 1014 degali,
599 922 671 990 Vll⁰
695 921 864 991 kalendas
888 921 1098 1013 septembris
1122 918 1344 1014 pontificatus
1369 920 1478 989 nostri
1505 941 1599 989 anno
1620 921 1756 1011 primo,
1783 941 1880 994 anno

440 1041 528 1091 vero
549 1021 610 1089 M0.
629 1018 727 1088 ΕΓΗ).
748 1019 820 1088 Vl⁰.

488 1215 565 1283 Fuit
589 1215 706 1305 itaque
726 1213 770 1283 de
799 1215 963 1285 mandato
990 1213 1182 1306 apostolico
1207 1225 1328 1284 contra
1351 1213 1546 1305 predictum
1577 1213 1764 1282 Doloinnm
1787 1237 1877 1288 crux

440 1334 518 1382 oum
541 1324 759 1404 peccatorum
780 1311 998 1403 indulgentia
1020 1311 1217 1404 predicata3
1236 1324 1270 1380 et
1286 1311 1512 1403 inquisitores
1537 1312 1668 1405 pluries
1685 1326 1879 1384 moverunt

439 1412 631 1485 exercitum
653 1421 774 1479 contra
794 1411 930 1502 ipsum;
954 1420 1007 1479 set
1026 1431 1097 1479 non
1118 1419 1279 1502 poterant
1298 1409 1495 1502 prevalere,
1519 1409 1601 1501 quia
1620 1431 1817 1501 sequaces,
1842 1423 1879 1482 at

438 1508 635 1592 credentes,
647 1521 681 1577 et
692 1519 941 1599 receptatores,
952 1507 1164 1590 etfantores,
1177 1528 1218 1576 ac
1233 1506 1440 1578 defensores
1448 1508 1525 1596 ejus
1538 1507 1761 1600 multiplicati
1775 1521 1878 1579 erant

438 1627 545 1696 super
566 1627 751 1673 numerum
776 1605 810 1673 in
832 1606 988 1697 partibus
1008 1604 1229 1676 Lomhardie.

484 1703 565 1773 Post
586 1715 702 1772 autem
723 1703 863 1773 tandem
890 1702 1115 1795 inquisitores
1144 1701 1298 1773 heretice
1325 1703 1507 1794 pravitatis
1529 1704 1564 1771 in
1593 1703 1754 1795 partibus
1774 1705 1876 1776 Lom-

438 1803 559 1871 bardie
586 1801 631 1870 de
658 1802 782 1870 ordine
808 1800 1068 1870 Predicatornm
1096 1821 1174 1869 cum
1207 1802 1371 1893 episcopo
1393 1799 1628 1885 Vercellensi,
1658 1823 1766 1872 cruce
1795 1824 1877 1873 cum

439 1898 541 1992 plena
587 1910 808 1991 peccatorum
853 1899 1070 1988 indulgentia
1116 1898 1313 1990 predicata,
1353 1910 1659 1989 congregaverunt
1706 1920 1875 1991 magnum

437 1997 628 2067 exercitum
650 2007 769 2066 contra
787 1997 957 2088 prelatum
978 1995 1161 2064 Dulcinum
1183 1994 1454 2077 heresiarcham,
1478 2006 1635 2066 nontam
1659 1997 1877 2069 imitatorem

436 2115 594 2165 errorum
617 2106 776 2162 veterum
796 2115 900 2185 quam
918 2114 1089 2163 novorum
1102 2105 1136 2163 et
1148 2115 1392 2185 perversorum
1410 2094 1613 2184 dogmatum
1631 2097 1876 2181 inventorem,

436 2193 496 2284 qui
519 2192 646 2262 multos
667 2191 835 2262 infecerat
853 2192 1052 2283 multosque
1070 2203 1224 2260 traxerat
1242 2202 1277 2261 et
1297 2191 1448 2260 habebat
1480 2193 1649 2282 plurimos
1678 2192 1877 2285 discipulos

435 2302 471 2361 et
492 2311 661 2382 sequaces
686 2291 958 2380 morabaturqne
984 2311 1062 2359 cnm
1084 2289 1158 2358 sois
1184 2292 1220 2356 in
1243 2289 1417 2359 montanis
1439 2289 1733 2360 Novariensibns.
1767 2291 1876 2362 Acci·

434 2388 486 2458 dit
504 2401 620 2458 autem
642 2389 736 2479 quod
758 2400 899 2480 propter
919 2389 1055 2457 intensa
1076 2387 1205 2477 frigora
1227 2388 1326 2455 multi
1347 2408 1393 2456 ex
1418 2388 1470 2456 eis
1493 2389 1554 2478 qui
1581 2400 1684 2457 erant
1708 2390 1742 2456 in
1766 2389 1877 2461 dictis

437 2487 613 2556 montibus
634 2487 725 2554 lame
742 2496 777 2555 et
790 2486 919 2576 lrigore
939 2483 1142 2554 deficientes
1157 2505 1177 2553 a
1194 2485 1329 2554 viribus
1349 2496 1384 2554 et
1402 2506 1422 2554 a
1444 2488 1518 2554 vita
1540 2485 1574 2553 in
1596 2486 1671 2555 suis
1686 2487 1878 2559 erroribus

435 2584 628 2676 perierunt.
650 2583 1020 2673 Ascendentesitaque
1030 2580 1152 2651 fideles
1171 2583 1217 2651 de
1235 2585 1395 2652 exercitu
1414 2595 1584 2675 ceperunt
1602 2584 1732 2654 ibidem
1755 2583 1881 2654 Dulci-

438 2703 520 2751 nnm
556 2692 591 2751 et
621 2703 698 2750 cum
726 2701 769 2750 eo
802 2681 940 2750 circiter
962 2694 1102 2750 centum
1129 2680 1202 2749 XLl
1233 2701 1416 2770 personas;
1441 2684 1569 2749 mortui
1603 2703 1688 2751 vero
1717 2684 1811 2751 fame
1842 2695 1882 2754 et

437 2780 567 2870 frigore
586 2801 664 2848 eum
696 2779 887 2848 interiectis
912 2778 1029 2867 gladio
1056 2773 1096 2873 [f0
1119 2778 1186 2845 l85
1213 2773 1247 2874 a]
1276 2779 1524 2869 quadringenti
1553 2790 1588 2848 et
1614 2781 1767 2870 amplius
1790 2795 1881 2852 sunt

436 2877 581 2946 inventi.
602 2875 685 2944 Cum
707 2876 831 2946 eodem
852 2897 994 2967 qnoque
1009 2876 1156 2945 Dulcino
1173 2876 1236 2943 fuit
1252 2885 1351 2966 capta
1370 2875 1570 2965 Margarita,
1592 2889 1747 2945 nontam
1768 2879 1884 2950 male·

434 2973 612 3065 fieaquam
631 2974 803 3060 heretica,
820 2995 964 3043 consors
978 2973 1053 3064 ejus
1071 2974 1105 3041 in
1126 2974 1260 3042 scelere
1279 2985 1313 3042 et
1327 2994 1460 3043 errore.
1472 2973 1630 3044 Predicta
1652 2995 1737 3045 vero
1753 2977 1882 3067 captio

435 3074 523 3142 facta
545 3073 609 3140 luit
630 3073 663 3139 in
686 3072 882 3163 epdomada
907 3084 1026 3140 sancta
1053 3072 1087 3139 in
1116 3071 1174 3140 die
1199 3082 1321 3140 sancto
1342 3069 1452 3154 Cone,
1479 3071 1545 3140 sub
1569 3093 1662 3141 anno
1689 3072 1882 3146 Dominice

437 3170 687 3238 incarnationis
715 3169 877 3238 inchoato
905 3169 966 3237 M0.
997 3167 1097 3237 Ceo.
1124 3168 1245 3253 Vlll⁰.;
1278 3168 1412 3260 luitque
1441 3170 1528 3237 lacta
1558 3169 1675 3238 debita
1705 3171 1880 3243 executio

431 3267 572 3357 justicie
598 3267 642 3335 de
666 3268 798 3336 eisdem
829 3289 891 3357 per
912 3266 1044 3336 curiam
1067 3265 1283 3353 secularem3
1310 3266 1445 3357 fuitque
1471 3265 1563 3335 dicta
1584 3267 1771 3356 Margarita
1790 3280 1881 3340 ante

433 3364 569 3433 Dulcini
593 3365 714 3434 oculos
733 3364 872 3433 concisa
893 3364 1129 3449 membratim3
1151 3363 1278 3433 debinc
1298 3375 1333 3433 et
1353 3365 1427 3457 ipse
1449 3364 1618 3433 Dulcinos
1647 3365 1878 3436 membratim

435 3463 622 3556 inciditnr3
644 3474 678 3532 et
692 3463 875 3531 amborum
896 3483 974 3530 ossa
994 3473 1030 3531 et
1050 3460 1205 3531 membra
1224 3463 1340 3531 omnia
1358 3463 1486 3553 pariter
1504 3462 1767 3532 comburuntur
1789 3485 1878 3535 cum

431 3560 742 3652 quibusdam-aliis
759 3561 833 3630 suis
853 3560 1097 3652 complicibus²
1119 3572 1222 3651 prout
1241 3581 1361 3629 eorum
1383 3560 1514 3629 scelera
1537 3560 1775 3630 merebantur.
1792 3561 1878 3634 Non

433 3670 548 3728 tamen
570 3680 774 3750 perversum
797 3659 922 3748 dogma
942 3658 1092 3740 bulsini,
1116 3658 1192 3749 ipso
1207 3658 1384 3743 extincto,
1406 3658 1546 3746 penitus
1567 3667 1619 3726 est
1639 3658 1868 3750 extinotnm3

432 3757 526 3826 unde
548 3758 774 3847 inquisitores
794 3756 947 3825 heretico
968 3755 1150 3847 pravitatis
1166 3755 1200 3823 in
1225 3757 1382 3848 partibus
1403 3755 1516 3825 Ytalie
1536 3767 1570 3824 et
1584 3755 1707 3824 Tuscia
1728 3769 1763 3825 et
1781 3757 1875 3828 alibi

431 3865 553 3925 contra
573 3875 695 3925 omnes
713 3854 905 3947 discipulos
930 3867 991 3922 aut
1014 3874 1184 3945 sequaces
1204 3853 1248 3923 de
1275 3854 1429 3945 predicta
1450 3866 1543 3923 secta
1563 3852 1708 3922 Gerardi
1729 3866 1764 3923 et
1782 3854 1875 3926 Dul-

431 3952 501 4021 cini
525 3965 771 4045 processerunt
796 3965 974 4042 tamquam
1001 3962 1122 4022 contra
1150 3949 1347 4037 hereticos,
1369 3951 1580 4042 inquirendo
1600 3973 1675 4037 eos,
1693 3963 1728 4020 et
1748 3973 1876 4043 perse·

431 4050 597 4143 quendo,
620 4061 655 4119 et
667 4050 866 4143 capiendo,
883 4059 918 4119 et
938 4047 1208 4133 incarcerando,
1226 4060 1261 4118 et
1280 4049 1380 4141 penis
1398 4049 1577 4118 canonicis
1598 4060 1633 4118 et
1649 4050 1735 4118 alias
1750 4070 1771 4119 a
1788 4052 1877 4143 jure

431 4149 554 4240 positis
574 4159 609 4217 et
627 4149 765 4217 statutis
785 4146 977 4239 puniendo.
1000 4146 1154 4216 Fuerunt
1173 4158 1288 4216 autem
1312 4146 1412 4215 molti
1444 4147 1627 4237 utriusque
1656 4168 1764 4217 sexus
1790 4162 1877 4243 post

431 4258 578 4317 mortem
598 4246 721 4337 prelati
737 4245 873 4314 Dulcini
900 4244 945 4313 de
968 4255 1062 4314 secta
1086 4244 1144 4313 illa
1165 4242 1317 4314 heretica
1343 4245 1506 4315 conversi
1527 4244 1572 4313 ad
1593 4242 1674 4314 fidei
1694 4245 1876 4318 catholice

431 4343 624 4426 unitatem,
647 4352 940 4434 recognoscentes
960 4353 996 4411 et
1019 4341 1227 4412 confitentes
1249 4350 1385 4412 erro'res
1406 4363 1490 4411 suos
1513 4353 1548 4412 et
1565 4355 1694 4411 sectam
1717 4341 1812 4413 illam
1835 4356 1875 4414 et

431 4441 584 4512 heresim
606 4444 641 4511 in
660 4442 789 4530 juditio
809 4441 1033 4528 abjurantes,
1056 4450 1091 4510 et
1110 4441 1352 4532 promittentes
1373 4439 1546 4508 mandatis
1563 4440 1811 4531 inquisitorum
1836 4452 1876 4512 et

430 4539 585 4610 Ecclesie
605 4539 814 4631 simpliciter
827 4537 995 4624 obedire,
1016 4537 1226 4631 penitentias
1246 4538 1440 4608 secuudum
1461 4538 1665 4628 qualitatem
1681 4537 1871 4630 culparum

432 4638 571 4731 publice
597 4647 842 4728 susceperunt.
864 4635 932 4705 Alii
954 4657 1040 4707 vcro
1062 4634 1161 4704 multi
1180 4634 1240 4726 qui
1265 4637 1422 4706 converti
1445 4635 1633 4704 noluerunt
1659 4637 1769 4705 relicti
1792 4637 1873 4707 ine·

431 4748 513 4804 runt
527 4737 624 4804 curie
643 4729 683 4830 [l⁰
706 4734 773 4801 l85
791 4730 828 4830 b]
850 4733 1012 4819 seculari,
1035 4747 1070 4803 et
1087 4733 1314 4804 nonnullialii
1332 4733 1557 4802 latitaverunt
1576 4743 1611 4800 et
1638 4733 1696 4802 alii
1717 4734 1873 4826 aufuge·

432 4841 514 4901 runt
533 4833 577 4902 ad
595 4832 754 4902 diversas
770 4843 886 4924 partes
901 4830 1023 4900 mundi
1043 4842 1078 4901 et
1097 4831 1141 4900 ad
1162 4830 1304 4901 diversa
1325 4852 1430 4923 regna
1450 4852 1489 4900 se
1512 4830 1782 4917 transtulerunt,
1806 4832 1873 4904 nbi

431 4939 597 5020 tanquam
615 4930 781 5020 incogniti
800 4929 935 4999 occulte
949 4940 984 4999 et
996 4929 1145 4999 latenter
1163 4929 1273 5020 magis
1293 4940 1437 5022 possent
1455 4940 1586 4997 sectam
1607 4949 1706 4997 suam
1729 4940 1765 5000 et
1784 4929 1873 5002 doo-

433 5027 559 5095 trinam
585 5047 767 5096 erroneam
789 5039 825 5096 et
846 5025 1033 5096 hereticam
1055 5025 1274 5118 simplicibus
1293 5026 1469 5096 seminare
1488 5027 1555 5095 sub
1580 5026 1733 5117 quadam
1754 5026 1872 5097 simu·
