4574 6404
467 666 536 738 llld
752 682 913 735 autumet
940 681 1179 748 inquistrtouts
1207 680 1369 734 unumrca
1394 678 1605 732 enavimus.

464 844 609 915 omniuo
628 842 840 913 contrarium
862 851 1115 932 repugnantem
1138 838 1302 925 trahunt,
1328 841 1410 931 quia
1441 849 1519 931 post
1547 837 1705 907 salubres
1726 836 1896 907 exhorta·

464 943 594 1026 tiones,
616 939 837 1010 inductiones
856 939 989 1009 ratione
1008 938 1146 1029 plenas,
1168 958 1421 1029 processusque
1442 935 1613 1026 juridicos
1633 945 1668 1004 et
1689 935 1827 1020 varios,
1858 935 1897 1004 in

466 1037 678 1133 profundum
710 1036 878 1107 malorum
907 1035 1161 1106 descendentes
1189 1036 1223 1105 in
1244 1036 1299 1106 sui
1317 1035 1489 1126 dogmatis
1510 1034 1682 1126 pravitate
1702 1035 1900 1124 persistunt

465 1137 591 1207 animis
609 1134 800 1217 induratis,
815 1133 991 1227 predictos
1007 1153 1143 1204 errores
1155 1134 1380 1227 pertinaciter
1391 1132 1633 1216 defendentes,
1649 1130 1771 1222 eisque
1790 1130 1897 1200 inhe-

466 1247 584 1305 rentes
605 1234 692 1303 mori
711 1235 746 1301 in
764 1233 858 1325 'ipsis
877 1243 912 1302 et
934 1252 997 1324 pro
1017 1231 1101 1324 ipsis
1124 1233 1245 1323 pocius
1265 1230 1399 1321 eligunt
1421 1250 1525 1321 qnam
1547 1229 1705 1299 converti
1728 1240 1762 1298 et
1778 1228 1900 1299 redire

465 1331 509 1402 ad
531 1329 801 1402 ecclesiasticam
823 1329 1005 1414 unitatem,
1028 1329 1190 1421 quamvis
1208 1328 1254 1399 ad
1271 1328 1538 1400 couversionem
1569 1322 1610 1423 [io
1626 1326 1671 1395 83
1690 1322 1723 1422 a]
1753 1325 1897 1395 invitati

465 1429 594 1500 luerint
625 1428 745 1520 sepius
774 1448 928 1520 pennos
960 1440 996 1498 et
1020 1448 1082 1519 per
1111 1427 1229 1518 plures
1256 1425 1344 1497 alios
1372 1425 1468 1495 viros
1499 1425 1630 1517 peritos
1656 1435 1690 1492 et
1710 1423 1898 1514 religiosos

465 1527 634 1597 zelatores
654 1524 736 1596 fidei
754 1536 789 1596 et
807 1524 930 1595 salutis
947 1525 1117 1616 ipsorum,
1143 1544 1278 1595 necnon
1298 1525 1431 1594 diutius
1451 1525 1647 1613 expectati,
1670 1521 1800 1592 idcirco
1817 1542 1899 1592 eos·

465 1624 545 1695 dem
566 1623 739 1695 hereticos
759 1633 794 1694 et
814 1643 1061 1715 perversorum
1082 1622 1286 1714 dogmatum
1307 1631 1500 1692 assertores
1512 1616 1726 1711 judicamus.

464 1853 525 1917 40.
550 1853 682 1916 Forma
711 1852 892 1915 sententie
919 1852 1198 1928 degradationis
1224 1861 1261 1916 et
1284 1851 1545 1916 inmurationis
1578 1855 1707 1911 contra
1734 1848 1897 1927 aliquem

504 1959 719 2035 religiosum
737 1959 794 2022 vel
809 1959 1052 2040 presbiterum
1067 1957 1289 2034 maleficum,
1307 1960 1523 2035 sortilegum
1539 1965 1575 2020 et
1589 1956 1815 2035 ydolatram,
1833 1957 1897 2035 qui

505 2067 720 2130 demonibus
735 2066 957 2145 immolavit,
977 2066 1038 2146 qui
1052 2066 1314 2142 degradandus
1330 2074 1366 2129 et
1381 2066 1626 2130 inmurandus
1648 2062 1758 2126 fuerit
1772 2079 1838 2142 pro
1855 2078 1897 2125 eo

505 2174 593 2254 quia
612 2173 777 2253 predicta
802 2173 958 2236 crimina
987 2172 1145 2236 maxime
1171 2189 1254 2237 cum
1278 2173 1476 2237 violatione
1501 2189 1565 2235 seu
1590 2171 1773 2234 oblatione
1796 2169 1899 2234 lacta

505 2280 721 2344 demonibus
737 2296 895 2342 errorem
914 2280 1106 2343 continent
1120 2287 1156 2343 et
1173 2297 1215 2343 ex
1232 2287 1367 2344 natura
1386 2280 1473 2344 lacti
1488 2288 1524 2343 et
1541 2280 1639 2342 modi
1654 2278 1812 2342 faciendi
1836 2294 1898 2341 sa·

504 2389 613 2467 piunt
629 2387 786 2450 heresim
801 2385 1008 2451 manifeste.

513 2603 550 2672 ln
571 2602 714 2673 nomine
744 2602 896 2688 Domini,
929 2623 1044 2674 amen.
1072 2603 1141 2674 Nos
1167 2603 1232 2687 N.,
1264 2603 1327 2673 Dei
1345 2604 1455 2693 gratia
1476 2603 1661 2696 episcopus
1690 2601 1791 2686 talis,
1815 2621 1896 2671 cnm

466 2701 599 2772 dudum
614 2700 658 2771 ad
675 2712 828 2772 nostram
845 2701 1059 2771 audientiam
1080 2700 1300 2792 pervenisset
1314 2701 1408 2793 quod
1423 2701 1529 2772 irater
1546 2701 1624 2770 talis
1635 2701 1680 2770 de
1696 2698 1754 2768 tali
1768 2698 1897 2770 ordine

470 2798 539 2892 (cel
556 2797 634 2869 talis
654 2798 827 2892 presbiter
846 2798 891 2868 de
910 2798 1096 2890 tullione),
1116 2798 1151 2867 iu
1172 2797 1300 2868 talibus
1320 2798 1405 2869 locis
1422 2798 1572 2890 quedam
1603 2795 1795 2881 maleficia,
1825 2808 1897 2866 tam

465 2896 631 2987 sortilega
654 2917 760 2988 quam
787 2896 1041 2988 nigromantica
1060 2906 1095 2967 et
1112 2895 1310 2989 dyabolica,
1336 2909 1370 2966 et
1391 2896 1557 2966 nonnulla
1586 2895 1654 2968 alia
1673 2894 1899 2965 detestabilia

464 3004 712 3087 perpetrasset,
727 3016 797 3086 que
816 3016 969 3066 errorem
984 3006 1019 3064 et
1036 2993 1187 3065 heresim
1208 2994 1244 3062 in
1255 2993 1413 3064 doctrina
1424 2993 1507 3064 fidei
1524 3014 1648 3087 sapere
1665 2991 1896 3080 videbantur,

465 3101 501 3161 et
519 3091 702 3183 puritatem
723 3093 880 3183 ejusdem
902 3089 983 3163 tidei
999 3093 1205 3163 dicebantur
1217 3092 1252 3160 in
1268 3092 1326 3161 illa
1349 3093 1457 3184 patria
1473 3113 1537 3162 seu
1554 3091 1683 3163 vicinia
1702 3090 1895 3178 maculare,

465 3188 553 3258 lacta
585 3189 745 3280 diligenti
780 3190 1007 3282 inquisitione
1032 3200 1153 3261 contra
1175 3190 1287 3281 ipsum
1310 3190 1450 3261 tratrem
1471 3191 1512 3260 N.
1536 3188 1608 3280 (cel
1625 3187 1894 3283 presbiterum),

464 3286 685 3378 receptisque
705 3287 853 3359 testibus
868 3290 994 3378 juratis
1014 3288 1049 3358 iu
1065 3288 1195 3378 juditio
1214 3309 1331 3358 coram
1353 3289 1455 3359 nobis
1466 3341 1476 3375 ,
1495 3288 1646 3359 eundem
1668 3288 1811 3355 fratrem
1830 3283 1903 3382 (ccl

464 3382 710 3480 presbiterum)
730 3397 868 3479 captum
889 3385 935 3456 ad
955 3396 1107 3456 nostram
1129 3386 1496 3479 presentiamperduci
1514 3386 1674 3471 lecimus,
1696 3405 1803 3477 super
1819 3405 1898 3477 pre

465 3481 567 3553 dictis
587 3492 622 3552 et
638 3504 679 3553 ea
702 3484 924 3576 tangentibus
942 3505 1019 3553 cum
1039 3483 1162 3555 eodem
1185 3483 1384 3576 inquisituri
1401 3480 1442 3582 [p
1457 3483 1502 3552 83
1519 3479 1554 3579 b]
1575 3496 1610 3553 et
1626 3482 1746 3554 scituri
1763 3483 1896 3553 certius

465 3580 662 3666 veritatem,
685 3582 831 3673 ipsoque
850 3603 966 3652 coram
987 3581 1089 3652 nobis
1108 3583 1144 3652 iu
1156 3581 1284 3673 juditio
1301 3587 1506 3668 constituto,
1527 3583 1727 3671 juramento
1746 3582 1896 3673 prestito

464 3676 509 3746 ab
524 3679 648 3749 eodem
660 3679 705 3750 de
720 3679 824 3772 plena
843 3692 878 3749 et
899 3700 993 3750 mera
1012 3679 1159 3750 veritate
1179 3678 1328 3750 dicenda
1348 3681 1383 3750 iu
1404 3690 1476 3752 toto
1492 3679 1729 3772 inquisitionis
1742 3677 1895 3769 negocio

465 3774 709 3848 incausafidei
726 3787 761 3846 et
772 3796 835 3868 ρτο
846 3775 926 3847 fidei
937 3779 1102 3870 puritate,
1115 3776 1310 3869 multisque
1324 3778 1656 3870 interrogationibus
1672 3777 1738 3846 sibi
1749 3797 1813 3869 per
1830 3797 1896 3848 nos

463 3893 505 3943 ac
523 3873 811 3966 responsionibus
831 3886 866 3945 et
884 3875 1164 3946 confessionibus
1189 3875 1347 3969 pluribus
1373 3877 1471 3946 lactis
1494 3876 1538 3946 ab
1565 3879 1655 3968 ipso,
1675 3873 1815 3944 taudem
1834 3896 1897 3965 per

465 3971 729 4062 inquisitionem
749 3993 811 4064 per
830 3993 894 4044 nos
913 3974 1061 4060 lacum,
1084 3994 1220 4044 necnon
1241 3996 1303 4066 per
1322 3974 1577 4045 consessionem
1598 3972 1757 4067 ejusdem
1776 3971 1897 4044 fratris

463 4068 536 4159 (cel
552 4069 749 4163 presbiteri)
777 4070 900 4140 iactam
929 4071 963 4140 iu
990 4071 1134 4163 juditio,
1158 4071 1360 4142 invenimus
1385 4082 1420 4142 et
1448 4071 1602 4163 legitime
1629 4070 1730 4141 uobis
1757 4081 1898 4141 constat

463 4165 559 4258 qnod
574 4167 649 4260 ipse
662 4167 768 4239 irater
782 4167 824 4239 N.
836 4167 904 4260 (cel
911 4169 1100 4263 presbiter)
1116 4169 1211 4253 iecit,
1225 4179 1260 4239 et
1268 4179 1383 4239 cetera
1398 4169 1453 4259 (in
1467 4169 1529 4240 isto
1539 4170 1610 4240 loco
1624 4167 1897 4239 conscribantur

462 4262 564 4356 culpe
580 4272 738 4336 eotructe
756 4265 799 4336 dc
814 4265 1025 4360 confessione
1043 4266 1201 4358 ejusdem
1219 4272 1252 4336 ct
1269 4267 1446 4338 recollecta
1463 4268 1524 4337 sub
1546 4265 1750 4360 compendio
1767 4265 1896 4357 singil-

462 4358 591 4456 latim).
618 4363 797 4434 Predictus
823 4376 940 4434 autem
964 4364 1070 4435 irater
1095 4365 1138 4438 N.
1173 4363 1246 4460 (cel
1270 4365 1457 4459 presbiter)
1484 4365 1724 4458 deprehensus
1755 4365 1792 4433 iu
1812 4385 1894 4457 pre·

462 4459 565 4530 dictis
584 4460 775 4532 sceleribus
794 4462 908 4533 noluit
926 4473 1051 4555 sponte
1069 4483 1090 4532 a
1110 4462 1286 4555 principio
1308 4461 1468 4534 confiteri
1487 4463 1532 4534 de
1553 4462 1701 4549 eisdem,
1719 4473 1754 4532 et
1773 4462 1895 4554 requi·

460 4558 550 4628 situs
569 4557 605 4628 in
611 4556 744 4652 juditio
763 4561 908 4651 negavit
930 4561 1062 4653 pluries
1082 4562 1268 4632 veritatem
1290 4572 1410 4632 contra
1432 4561 1610 4654 proprium
1627 4561 1895 4650 juramentum,

461 4654 559 4743 item,
587 4655 766 4749 palliando
791 4658 923 4728 crimen
950 4679 1053 4729 sunm
1079 4659 1319 4730 contessiones
1338 4680 1421 4730 suas
1437 4659 1544 4730 lactas
1564 4658 1598 4728 in
1626 4656 1751 4748 juditio
1771 4675 1894 4728 coram

462 4754 563 4824 nobis
589 4754 720 4846 pluries
739 4755 909 4843 variavit3
932 4777 997 4827 uos
1021 4776 1107 4827 vero
1133 4758 1319 4851 episcopus
1343 4757 1553 4844 antedictus,
1576 4754 1798 4848 postmodum
1820 4763 1894 4826 toto

462 4849 700 4942 inquisitionis
721 4873 885 4944 processu
907 4874 968 4945 per
988 4874 1051 4924 uos
1068 4854 1201 4926 seriose
1218 4855 1400 4950 proposito
1420 4866 1456 4925 et
1480 4853 1697 4945 integraliter
1716 4852 1893 4946 explicato

461 4967 577 5017 coram
607 4948 726 5019 multis
751 4950 923 5042 religiosis
952 4951 1038 5022 viris
1061 4953 1097 5020 in
1116 4971 1214 5023 sacra
1242 4953 1369 5046 pagina
1399 4951 1546 5023 eruditis
1576 4972 1616 5021 ac
1643 4950 1746 5021 etiam
1772 4970 1893 5021 coram

460 5045 680 5138 sapientibus
700 5047 817 5118 multis
829 5047 864 5117 in
884 5057 1033 5142 utroque
1047 5050 1128 5141 jnre
1146 5049 1268 5145 peritis
1292 5061 1328 5121 et
1355 5070 1434 5121 cum
1454 5049 1587 5122 eisdem
1605 5059 1743 5120 matura
1760 5047 1894 5120 delibe-
