4574 6404
614 663 659 730 at
902 678 1064 732 raserint
1090 680 1331 746 monrsrrrorrrs
1358 679 1520 732 unmrrcu
1546 679 1757 732 rmvrmrrs.

654 845 834 919 quantum
849 836 897 899 ad
912 837 1188 916 occupationem
1204 838 1382 901 bonorum
1400 835 1606 900 iaciendum
1631 843 1696 901 aut
1720 835 1831 901 etlam
1855 836 2044 902 dimitten-

654 946 750 1010 dam.

662 1159 717 1230 Ad
748 1159 995 1230 certitudinem
1026 1160 1239 1253 presentium
1268 1172 1303 1232 et
1332 1159 1535 1230 memoriam
1567 1158 1785 1242 futurorum,
1818 1173 1938 1231 tenore
1966 1182 2045 1254 pre-

555 1330 559 1339 ,
612 1258 764 1331 sentium
795 1269 916 1326 notum
937 1255 997 1327 fiat
1025 1259 1120 1348 quod
1145 1258 1190 1329 ab
1220 1259 1375 1350 antiquis
1404 1256 1621 1349 temporibus
1652 1257 1716 1326 luit
1740 1277 1845 1344 usus,
1867 1279 1991 1329 cursus
2010 1270 2046 1328 et

613 1355 715 1427 stilus
747 1353 852 1425 olficii
887 1354 1126 1446 inquisitionis
1163 1355 1320 1426 heretice
1354 1355 1538 1449 pravitatis
1571 1353 1781 1425 observatus
1818 1356 1853 1424 in
1887 1356 2045 1448 partibus

616 1448 657 1550 [l0
698 1450 743 1521 at
781 1449 813 1549 c]
845 1451 1182 1523 Carcassoneusibus
1222 1464 1258 1524 et
1298 1452 1504 1524 Tholosanis
1546 1462 1581 1522 et
1623 1450 1874 1543 Albigensibus
1914 1464 1950 1523 et
1979 1454 2045 1523 cir-

612 1550 844 1637 cumvicinis,
874 1549 1042 1621 videlicet
1069 1551 1165 1643 quod
1193 1551 1283 1623 bona
1316 1550 1550 1621 hereticorum
1581 1569 1622 1618 ac
1646 1549 1750 1619 etiam
1771 1550 1987 1643 relapsorum
2009 1551 2044 1621 in

611 1648 764 1719 heresim
800 1648 835 1717 in
862 1647 992 1739 juditio
1020 1650 1240 1740 abjuratam,
1272 1648 1435 1739 quamvis
1468 1646 1594 1739 relapsi
1626 1647 1825 1739 peniteant,
1858 1659 2043 1740 postquam

612 1745 760 1839 predicti
781 1756 851 1814 tam
872 1745 1019 1816 heretici
1050 1767 1155 1838 qnam
1177 1746 1305 1839 relapsi
1327 1756 1410 1814 sunt
1439 1765 1499 1837 per
1527 1743 1773 1835 inquisitorum
1802 1767 1866 1816 seu
1891 1745 2045 1817 Ecclesie

607 1842 776 1935 juditium
802 1843 968 1914 declarati
990 1865 1069 1915 esse
1095 1844 1181 1914 tales
1206 1854 1241 1914 et
1262 1843 1372 1913 relicti
1395 1854 1560 1934 tanquam
1589 1842 1675 1913 tales
1694 1842 1839 1914 brachio
1865 1855 1901 1913 et
1915 1844 2044 1934 juditio

612 1943 710 2012 curie
736 1941 920 2023 secularis
942 1944 1024 2011 item
1045 1942 1267 2012 credentium
1290 1940 1522 2012 hereticorum
1543 1939 1736 2025 erroribus,
1758 1951 1942 2033 postquam
1962 1954 2045 2012 sunt

612 2061 676 2131 per
695 2039 942 2131 inquisitorum
963 2039 1173 2110 sententiam
1198 2049 1260 2108 aut
1281 2038 1450 2129 juditium
1472 2036 1619 2127 judicati
1646 2037 1689 2109 ad
1712 2060 1848 2107 murum
1877 2061 1939 2109 seu
1967 2061 2043 2108 car·

612 2156 727 2206 cerem
758 2137 802 2206 ad
831 2136 1006 2227 agendum
1035 2136 1262 2229 penitentiam
1290 2136 1336 2205 de
1361 2135 1558 2206 commissis
1582 2135 1616 2203 in
1646 2134 1761 2206 heresi
1788 2136 1870 2206 dum
1891 2137 2040 2225 vivunt,

612 2245 673 2304 aut
699 2235 804 2305 etiam
835 2245 913 2327 post
939 2245 1085 2304 mortem
1114 2233 1268 2327 ipsorum
1297 2233 1463 2304 declarati
1483 2232 1579 2325 quod
1600 2232 1714 2304 lorent
1742 2232 1771 2303 si
1792 2234 1955 2305 viverent
1973 2235 2041 2303 im-

613 2333 793 2417 morandi,
817 2331 953 2420 talium,
976 2331 1133 2424 inquam,
1155 2332 1247 2402 bona
1267 2328 1514 2415 confiscantur,
1535 2339 1569 2400 et
1588 2351 1608 2399 a
1630 2328 1715 2401 llsco
1735 2341 1817 2401 tunc
1836 2342 1871 2402 et
1889 2353 1959 2403 non
1978 2353 2042 2401 an-

614 2440 668 2499 tea
696 2438 933 2522 occupantur,
955 2430 1119 2521 quamvis
1146 2429 1191 2500 de
1218 2431 1309 2498 lacto
1337 2439 1500 2498 servetur
1526 2427 1620 2519 quod
1652 2429 1748 2521 prius
1774 2428 1868 2499 hona
1895 2430 2041 2517 talium,

612 2537 797 2620 postquam
827 2526 981 2597 denotati
1014 2538 1096 2597 sunt
1125 2537 1186 2597 aut
1214 2526 1324 2610 citati,
1346 2537 1560 2595 annotentur
1580 2546 1640 2618 per
1674 2537 1935 2621 procuratorem
1967 2525 2042 2598 fisci

611 2625 722 2716 regii3
744 2637 797 2696 set
825 2635 1009 2718 postquam
1034 2634 1117 2694 sunt
1139 2635 1304 2695 annotata
1327 2644 1390 2693 seu
1409 2622 1606 2715 conscripta
1634 2645 1696 2717 per
1722 2624 1895 2711 eundem,
1918 2625 2040 2695 dimit·

613 2732 733 2793 tuntur
763 2744 826 2793 seu
862 2723 991 2792 dantur
1020 2725 1064 2792 ad
1096 2722 1350 2795 recredentinm
1384 2721 1457 2791 suis
1491 2722 1752 2812 possessoribus
1783 2735 1845 2791 ant
1876 2723 2039 2815 personis

611 2821 824 2910 conjunctis,
846 2820 927 2890 data
954 2818 1174 2910 fidejussoria
1193 2819 1355 2889 cautione
1382 2818 1427 2888 de
1447 2817 1548 2888 bonis
1568 2818 1653 2910 ipsis
1677 2840 1746 2889 nou
1767 2819 1963 2897 alienandis
1983 2833 2037 2891 set

611 2918 886 3004 conservandis,
915 2919 1015 2989 salvo
1047 2919 1231 2988 usulructu
1260 2916 1345 3009 ipsis
1374 2914 1638 3010 possessoribus
1665 2938 1779 3010 usque
1807 2917 1853 2988 ad
1884 2917 2041 2988 diffiniti·

611 3036 690 3085 vam
722 3015 968 3109 inquisitorum
1001 3016 1210 3086 sententiam
1241 3035 1349 3107 super
1374 3013 1521 3083 crimine
1550 3014 1799 3105 predictorum.
1826 3014 1920 3086 Bona
1954 3038 2041 3087 vero

609 3113 758 3185 aliorum
782 3113 842 3205 qui
871 3114 905 3183 in
925 3114 1016 3184 lacto
1036 3134 1098 3183 seu
1126 3113 1274 3183 crimine
1302 3111 1436 3182 heresis
1459 3111 1731 3198 commiserunt,
1754 3112 1883 3204 quibus
1903 3135 1965 3206 per
1985 3115 2041 3182 in·

609 3212 799 3303 quisitores
825 3232 889 3304 pro
916 3211 1112 3282 commissis
1142 3211 1373 3300 injunguntur
1401 3213 1593 3301 penitentie
1614 3210 1819 3296 arbitraris,
1840 3211 1931 3280 sicut
1957 3223 2041 3282 sunt

609 3309 911 3400 peregrinationes
938 3309 1118 3393 faciende,
1144 3320 1205 3378 aut
1231 3303 1271 3403 [p
1293 3303 1338 3375 et
1360 3303 1396 3402 d]
1425 3327 1547 3377 cruces
1571 3306 1616 3375 de
1645 3305 1737 3378 filtro
1762 3309 1953 3400 portende,
1975 3330 2039 3379 seu

609 3405 727 3499 aliqua
756 3406 824 3476 alia
849 3427 956 3477 onera
982 3406 1028 3477 ad
1056 3411 1132 3499 pios
1160 3427 1244 3475 usus
1270 3426 1333 3475 seu
1352 3408 1397 3474 ad
1418 3425 1523 3497 opera
1544 3403 1683 3495 pietatis
1710 3406 1754 3476 ad
1774 3404 1957 3475 arbitrium
1986 3407 2039 3498 ip·

609 3524 728 3574 sorum
754 3503 1019 3595 inquisitorum,
1039 3504 1132 3574 hona
1159 3503 1263 3574 etiam
1290 3501 1428 3574 illorum
1454 3501 1584 3593 quibus
1612 3503 1837 3593 inquisitores
1862 3525 1908 3573 ex
1934 3506 2039 3575 certis

610 3612 645 3670 et
669 3601 937 3673 rationabilibus
964 3605 1100 3690 causis,
1134 3621 1197 3694 pro
1223 3602 1318 3671 bono
1346 3621 1409 3669 sen
1430 3599 1580 3669 utilitate
1609 3597 1692 3669 fidei
1721 3612 1756 3671 et
1786 3598 1890 3670 olllcii
1920 3602 2038 3694 inqui·

609 3700 767 3788 sitionis,
798 3699 1005 3791 promittunt
1031 3712 1066 3769 et
1094 3699 1226 3769 faciunt
1255 3718 1361 3791 super
1387 3697 1454 3767 boc
1479 3697 1626 3786 gratiam
1657 3698 1866 3791 specialem,
1896 3699 2039 3769 minime

609 3796 864 3886 confiscantur,
891 3806 926 3867 et
953 3798 1004 3866 sic
1032 3796 1076 3866 ab
1104 3796 1188 3868 olim
1208 3805 1385 3866 servatum
1416 3793 1532 3865 extitit
1558 3807 1594 3863 et
1620 3794 1737 3865 adbuc
1766 3795 1977 3866 observatur
2002 3797 2037 3865 in

609 3896 767 3988 partibus
787 3894 1009 3989 supradictis.
1027 3894 1064 3963 ln
1082 3896 1182 3985 cnjus
1202 3894 1252 3964 rei
1270 3892 1508 3963 testimonium
1527 3911 1593 3982 ego
1611 3892 1687 3962 talis
1702 3893 1743 3962 N.
1761 3892 1831 3988 (l),
1853 3894 2039 3986 inquisitor

607 3992 763 4064 heretice
790 3992 973 4084 pravitatis
1001 3992 1036 4061 in
1064 4012 1172 4084 regno
1192 3990 1335 4061 Francie
1357 4010 1419 4081 per
1438 3989 1558 4059 sedem
1583 3990 1809 4082 apostolicam
1830 3990 2035 4086 deputatus,

607 4091 761 4183 sigillum
791 4100 948 4160 nostrum
973 4086 1030 4184 (2)
1056 4089 1142 4159 duxi
1169 4088 1392 4181 presentibus
1419 4087 1681 4180 apponendum.
1713 4088 1836 4158 Datum
1865 4088 2035 4176 Tholose,

608 4188 642 4257 in
665 4208 786 4259 mense
799 4188 914 4279 junii,
935 4208 1029 4258 anno
1046 4187 1186 4258 Domini
1203 4186 1252 4256 ll1⁰
1271 4184 1358 4256 CCC⁰
1375 4185 1468 4256 XX0.

605 4414 666 4480 43.
690 4415 823 4480 Forma
848 4417 1058 4481 litterarum
1079 4431 1144 4480 seu
1162 4415 1376 4480 cedularum
1398 4414 1444 4477 ad
1470 4414 1731 4494 requirendum
1757 4414 1800 4477 de
1827 4415 2036 4494 provisione

743 4522 912 4588 iacienda
927 4525 1094 4604 personis
1112 4524 1272 4587 detentis
1286 4524 1326 4587 in
1343 4539 1448 4586 muro
1464 4523 1628 4585 nondum
1643 4521 1895 4585 sentenciatls.

653 4740 808 4812 Discreto
832 4741 910 4813 viro
931 4741 988 4812 tali
1013 4741 1055 4812 N.
1076 4740 1248 4834 receptori
1275 4730 1476 4810 incursuum
1502 4739 1635 4811 heresis
1656 4739 1691 4809 in
1716 4738 1921 4811 senescallia
1944 4738 2036 4810 Tho·

643 4969 678 5036 ll)
700 4968 736 5023 Ν.
752 4967 825 5022 dans
838 4969 863 5023 le
879 4983 933 5024 ms.
952 4968 1014 5024 388.

639 5065 676 5137 (ἳ)
694 5067 783 5121 Meam
797 5065 870 5122 dans
885 5067 911 5121 lc
926 5083 980 5122 ms.
998 5066 1060 5123 388.
