4612 6404
430 647 501 731 274
718 676 881 730 imerici
906 677 1148 744 trtodtstrtortts
1175 680 1338 734 asturica
1364 681 1577 734 satvrrttrts.

371 880 372 883 =
435 837 604 908 Iohannis
634 838 698 930 ipsi
734 836 912 907 intitulant
944 850 980 909 et
1011 839 1214 923 ascribunt,
1251 842 1329 910 sive
1360 840 1435 933 ipse
1466 840 1604 928 lecerit,
1631 840 1708 910 sive
1741 839 1869 932 aliquis

432 935 523 1005 alius
543 957 588 1005 ex
608 935 766 1013 doctrina
790 947 825 1005 et
845 935 1034 1007 traditione
1053 938 1130 1028 ejus
1148 959 1210 1008 eos
1230 939 1490 1030 composuerit,
1512 938 1594 1029 quia
1615 938 1708 1007 idem
1728 938 1871 1030 sapiunt

430 1045 465 1103 et
489 1033 523 1100 in
553 1033 677 1103 eodem
703 1033 926 1103 consentiunt
950 1034 1138 1124 dogmate,
1166 1036 1350 1128 dictosque
1380 1034 1489 1106 libros
1516 1038 1551 1103 in
1580 1035 1717 1127 vulgari
1749 1035 1871 1126 legunt

430 1130 604 1221 sibiipsis
631 1142 666 1200 et
685 1130 759 1200 suis
784 1130 1015 1201 familiaribus
1042 1142 1076 1201 et
1102 1133 1225 1203 amicis
1252 1133 1285 1201 in
1308 1133 1382 1203 suis
1407 1133 1663 1204 conventiculis
1683 1142 1718 1202 et
1738 1133 1772 1202 in
1794 1137 1869 1204 suis

430 1228 683 1298 mansiunculis
711 1248 799 1319 quas
828 1240 956 1298 vocant
983 1231 1107 1301 domos
1136 1231 1351 1324 paupertatis
1377 1230 1436 1299 tali
1463 1230 1631 1302 vocabulo
1660 1230 1813 1319 usitato,
1834 1242 1870 1302 et

430 1325 619 1395 informant
637 1347 676 1396 se
691 1338 726 1396 et
743 1326 830 1397 alins
851 1347 940 1418 quos
960 1339 1107 1420 possunt
1127 1349 1173 1399 ex
1195 1329 1354 1398 doctriua
1374 1325 1538 1422 pestilera
1560 1327 1732 1416 ejusdem.
1755 1328 1866 1417 item,

431 1423 607 1492 informati
624 1445 685 1494 seu
705 1425 826 1517 pocius
842 1424 1026 1495 deformati
1045 1447 1092 1496 ex
1110 1425 1270 1495 doctrina
1289 1446 1393 1518 quam
1410 1426 1555 1494 anriunt
1570 1447 1615 1495 ex
1632 1425 1773 1495 Postilla
1789 1448 1867 1519 pre·

431 1520 490 1590 lati
511 1520 601 1590 Petri
624 1521 792 1592 Iohannis
816 1543 922 1614 super
946 1522 1206 1616 Apocalipsim,
1229 1523 1351 1593 dicunt
1374 1523 1558 1608 ecclesiam
1584 1523 1782 1608 carnalem,
1807 1545 1869 1617 per

430 1639 533 1710 quam
568 1619 767 1710 intelligunt
788 1620 978 1691 Romanam
1003 1621 1218 1704 Ecclesiam,
1249 1642 1318 1692 non
1346 1621 1459 1692 solum
1483 1642 1545 1713 pro
1572 1621 1645 1713 ipsa
1665 1621 1793 1707 Roma,
1815 1631 1869 1691 set

429 1727 598 1808 quantum
619 1739 657 1786 se
676 1719 835 1788 extendit
850 1722 984 1788 romani
1004 1719 1141 1811 imperii
1161 1718 1329 1802 imitatio,
1349 1740 1427 1789 esse
1447 1718 1541 1788 illam
1560 1718 1764 1788 Babilonem
1787 1740 1862 1789 me·

430 1814 589 1884 ratricem
622 1837 781 1905 magnam
813 1816 857 1885 de
880 1837 948 1908 qua
977 1817 1131 1908 loquitur
1156 1815 1332 1887 Iohannes
1356 1818 1390 1885 in
1415 1815 1637 1906 Apocalipsi;
1665 1829 1701 1886 et
1725 1816 1770 1885 de
1791 1816 1868 1910 ipsa

431 1924 614 2003 exponunt
632 1924 667 1982 et
684 1914 884 2005 intelligunt
911 1914 999 1984 mala
1027 1934 1095 2005 que
1119 1913 1161 2010 [p
1184 1910 1305 2080 lita)
1334 1916 1499 2005 leguntur
1523 1914 1674 1998 ibidem,
1701 1914 1870 1983 videlicet

430 2010 525 2100 quod
546 2011 619 2101 ipsa
637 2022 691 2080 est
710 2012 806 2081 ebria
827 2012 871 2081 de
891 2014 1063 2102 sanguine
1082 2013 1263 2080 martirum
1300 2013 1384 2081 besu
1403 2010 1549 2098 Christi,
1568 2021 1604 2080 et
1622 2021 1808 2103 exponunt
1823 2011 1869 2081 de

431 2108 603 2197 sanguiue
621 2109 759 2178 illorum
779 2121 930 2201 quatuor
951 2111 1095 2180 lratrum
1120 2109 1291 2179 Minorom
1313 2111 1372 2201 qui
1394 2110 1535 2178 luerunt
1558 2109 1652 2199 apud
1675 2107 1868 2178 Massiliam

431 2204 678 2298 condempnati
708 2218 745 2275 ut
769 2206 912 2277 heretici
940 2219 976 2278 et
1002 2207 1196 2292 combusti,
1227 2219 1262 2276 et
1287 2208 1330 2277 de
1357 2210 1532 2297 sanguine
1557 2206 1794 2298 Beqninorum
1825 2205 1870 2277 da

433 2303 541 2374 tercio
558 2304 682 2375 ordine
700 2305 760 2396 qui
781 2304 921 2374 luerunt
941 2307 976 2375 in
996 2306 1073 2375 istis
1094 2315 1187 2374 retro
1206 2305 1308 2375 anuis
1330 2316 1494 2396 tanquam
1516 2302 1660 2373 heretici
1680 2304 1872 2396 condemp-

434 2401 504 2469 nati
523 2413 558 2470 et
576 2402 751 2472 combusti
772 2405 807 2470 in
830 2403 1010 2495 provincia
1041 2402 1285 2485 Narbonensi,
1308 2404 1397 2471 sicut
1419 2401 1581 2495 superius
1602 2401 1740 2494 plenius
1757 2401 1870 2472 couti-

432 2509 553 2582 netur,
575 2515 664 2591 quos
684 2511 846 2569 asserunt
865 2521 945 2571 esse
966 2500 1127 2569 martires
1147 2499 1252 2568 Jhesu
1274 2498 1412 2569 Christi.
1438 2499 1545 2583 item,
1570 2512 1753 2592 exponunt
1772 2500 1871 2591 qnod

432 2596 506 2689 ipsa
524 2594 679 2666 Ecclesia
698 2597 842 2668 devino
863 2598 1106 2668 fornicationis
1122 2618 1187 2667 sue
1207 2598 1341 2688 potavit
1361 2618 1483 2667 omnes
1504 2618 1604 2687 reges
1626 2608 1735 2681 terre,
1756 2597 1793 2667 id
1817 2607 1870 2668 est

432 2715 532 2785 reges
553 2707 588 2764 et
607 2695 782 2788 principes
801 2693 1069 2765 christianitatis
1086 2707 1121 2766 et
1143 2715 1288 2785 magnos
1308 2696 1459 2787 prelatos
1479 2693 1538 2786 qui
1561 2715 1723 2787 pompam
1746 2695 1870 2765 mundi

431 2807 611 2862 secuntur.
643 2792 751 2874 item,
788 2793 876 2863 duas
906 2793 1074 2864 ecclesias
1103 2791 1203 2884 quasi
1233 2792 1452 2883 distingunt,
1489 2792 1655 2863 videlicet
1683 2793 1868 2863 ecclesiam

430 2891 604 2960 carnalem
631 2912 736 2981 qnam
754 2888 877 2960 dicunt
894 2912 972 2961 esse
992 2891 1181 2960 Ecclesiam
1199 2889 1390 2960 Romanam
1411 2901 1579 2981 quantum
1601 2890 1645 2959 ad
1669 2891 1867 2960 multitudi-

432 3007 510 3056 nem
532 2988 781 3080 reprobornm,
802 3000 837 3059 et
855 2989 1037 3059 ecclesiam
1058 2987 1275 3079 spiritualem
1303 2998 1473 3080 qnantum
1497 2988 1542 3057 ad
1571 2988 1666 3058 viros
1687 3009 1780 3078 quos
1801 3009 1865 3061 vo·

430 3095 511 3153 cant
529 3086 728 3176 spirituales
749 3097 783 3155 et
801 3086 1024 3177 evangelicos
1044 3086 1103 3177 qui
1125 3086 1233 3155 vitam
1248 3084 1373 3154 Christi
1390 3097 1425 3155 et
1440 3085 1679 3177 apostolorum
1702 3098 1865 3173 servant,

431 3193 466 3252 et
485 3180 575 3251 hanc
594 3184 776 3253 ecclesiam
798 3183 919 3253 dicunt
936 3204 1015 3253 esse
1031 3203 1145 3264 suam,
1164 3184 1327 3274 quamvis
1346 3180 1453 3274 aliqui
1472 3205 1517 3253 ex
1538 3184 1621 3275 ipsis
1642 3184 1762 3253 dicant
1787 3204 1867 3254 essa

433 3290 566 3348 tantum
598 3301 701 3348 unam
733 3281 915 3352 ecclesiam
946 3300 1050 3373 quam
1079 3291 1206 3350 vocant
1239 3282 1414 3350 carnalem
1450 3281 1666 3350 meretricem
1700 3301 1864 3371 magnam

433 3389 575 3470 propter
594 3378 780 3470 reprobos,
802 3389 837 3448 et
855 3377 1073 3472 spiritualem
1100 3398 1141 3447 ac
1165 3379 1360 3469 virginem,
1384 3399 1453 3449 non
1474 3377 1661 3448 habentem
1688 3378 1865 3448 maculam

433 3496 548 3565 neque
582 3498 702 3564 rugam
735 3489 905 3567 qnantum
936 3476 979 3545 ad
1010 3476 1164 3555 electos,
1196 3498 1284 3568 quos
1318 3487 1446 3547 vocant
1479 3476 1574 3545 viros
1608 3475 1836 3566 evangelicos
1853 3529 1864 3565 ,

432 3572 557 3643 dantes
576 3575 772 3664 intelligere
792 3595 830 3642 se
849 3575 944 3668 ipsos
959 3574 1019 3664 qui
1036 3584 1274 3666 paupertatem
1297 3574 1536 3666 evangelicam
1552 3573 1729 3643 dicuntae
1747 3584 1868 3645 tenere

433 3681 468 3740 et
486 3671 677 3762 defendere
691 3683 725 3741 et
742 3693 803 3764 pro
819 3693 858 3741 ea
879 3673 962 3764 pati.
985 3672 1083 3756 item,
1106 3671 1342 3762 dogmatizant
1355 3671 1449 3763 quod
1471 3671 1616 3740 ecclesia
1632 3669 1805 3759 carnalis,
1820 3672 1869 3741 vi·

433 3769 560 3839 delicet
579 3771 732 3839 Romana
748 3769 913 3851 Ecclesia,
935 3780 1016 3838 ante
1037 3768 1310 3861 predicationem
1332 3767 1555 3838 Anti-Christi
1577 3780 1629 3839 est
1650 3769 1869 3840 destruenda

434 3888 496 3958 per
508 3867 598 3937 bella
617 3889 686 3959 que
704 3879 825 3937 contra
844 3868 954 3959 ipsam
977 3865 1310 3952 lacietFredericus,
1331 3889 1394 3935 rex
1406 3866 1536 3947 Sicilie,
1558 3867 1616 3956 qui
1630 3887 1723 3935 nunc
1743 3876 1869 3958 regnat

368 3998 369 4002 =
433 3985 512 4032 curn
535 3964 764 4058 complicibus
791 3964 865 4033 suis
891 3966 953 4055 qui
973 3975 1144 4034 vocantur
1170 3958 1290 4033 decem
1319 3985 1418 4055 reges
1444 3964 1503 4055 qui
1530 3963 1773 4054 intelliguntur
1805 3986 1868 4057 per

433 4061 696 4132 dacemcoruua
709 4063 819 4132 bestie
831 4061 1014 4154 dequibus
1025 4058 1146 4156 [otti
1157 4056 1193 4157 b]
1206 4061 1644 4153 scribiturindpocalipsi3
1665 4062 1867 4152 etquedam

431 4159 498 4228 alia
524 4159 568 4230 de
588 4182 670 4250 rege
696 4159 879 4229 Frederico
901 4171 1022 4228 contra
1049 4179 1167 4249 regem
1192 4157 1334 4228 Francia
1353 4169 1388 4228 et
1414 4180 1531 4247 regem
1559 4159 1751 4228 Robertum
1773 4159 1868 4229 circa

433 4256 499 4329 hoc
520 4258 720 4327 tabulantur
747 4269 814 4326 tam
842 4277 989 4327 erronea
1017 4277 1122 4348 quam
1152 4255 1288 4325 insana.
1318 4256 1422 4339 item,
1446 4256 1683 4347 dogmatizant
1711 4257 1807 4347 quod
1830 4259 1867 4325 iu

432 4353 502 4423 fine
529 4357 621 4424 sexti
648 4366 759 4423 status
779 4354 950 4435 Ecclesia,
979 4354 1015 4422 in
1044 4375 1115 4452 qno
1139 4365 1232 4423 statu
1257 4353 1378 4423 dicunt
1405 4375 1469 4423 nos
1488 4367 1589 4436 esse',
1610 4354 1670 4445 qui
1695 4353 1868 4445 incepita

432 4466 554 4521 sancto
574 4451 757 4522 Francisco
772 4453 871 4537 citra,
887 4453 1043 4543 predicta
1062 4450 1209 4521 ecclesia
1224 4451 1374 4521 carnalis
1391 4451 1534 4522 Babilnn
1552 4451 1721 4520 meretrix
1738 4471 1868 4540 magna

433 4561 486 4618 est
503 4550 680 4619 reicienda
697 4571 717 4618 a
735 4547 871 4620 Christo
894 4551 986 4618 sicut
1010 4549 1136 4639 rejecta
1171 4549 1235 4618 luit
1263 4568 1442 4643 synagoga
1465 4549 1654 4618 iudeorum
1679 4550 1763 4641 quia
1784 4569 1868 4619 crn-

431 4644 543 4716 cifixit
568 4646 767 4727 Christum,
797 4647 879 4739 quia
906 4646 1058 4715 carnalis
1086 4645 1232 4716 ecclesia
1259 4644 1431 4736 crucifigit
1449 4657 1484 4716 et
1509 4645 1732 4738 persequitur
1752 4646 1867 4716 vitam

433 4742 561 4813 Christi
592 4746 627 4813 in
659 4744 727 4813 illis
753 4744 919 4814 iratribus
950 4764 1039 4835 quos
1069 4754 1196 4814 vocant
1231 4763 1403 4836 pauperes
1439 4753 1474 4813 et
1501 4743 1700 4836 spirituales
1729 4743 1868 4815 ordinis

432 4839 549 4909 Sancti
589 4840 789 4926 Francisci,
827 4838 1039 4934 exponendo
1083 4851 1150 4909 tam
1195 4839 1240 4909 de
1275 4838 1389 4932 primo
1432 4860 1536 4932 quam
1580 4840 1624 4910 de
1670 4841 1780 4911 tercio
1806 4863 1866 4913 or·

435 4935 518 5006 dine
550 4937 595 5006 de
633 4938 876 5030 persecutione
913 4959 981 5028 que
1016 4938 1103 5006 lacta
1145 4947 1199 5006 est
1230 4947 1351 5006 contra
1388 4957 1449 5008 eos
1491 4938 1527 5006 in
1565 4938 1749 5029 provincia
1783 4939 1865 5011 Pro·

437 5033 552 5103 vincie
581 5045 616 5102 et
650 5035 686 5102 in
721 5034 900 5125 provincia
931 5033 1171 5118 Narbonensi,
1193 5032 1238 5102 de
1269 5052 1338 5124 qua
1367 5033 1403 5101 in
1430 5035 1670 5128 superioribus
1696 5047 1750 5106 ast
1785 5056 1864 5129 pre·
