4574 6404
434 625 501 695 128
716 641 878 694 raserint
904 641 1144 707 inqursrnrours
1171 639 1333 693 nnnnrrcn
1358 638 1570 691 saturnana.

431 799 475 869 ad
497 797 785 889 degradationem
805 797 996 867 sacerdotis
1016 797 1172 887 ejusdem
1194 817 1309 867 coram
1329 795 1430 866 nobis
1451 795 1484 863 in
1506 795 1664 865 vestibus
1685 798 1854 869 sacerdo-

434 896 562 966 talibus
580 895 764 966 existentis
783 894 966 964 actualiter
986 893 1217 987 procedentes
1241 893 1305 987 (l),
1329 893 1544 964 ornamentis
1560 903 1595 963 et
1614 893 1857 966 instrumentis

431 1016 500 1086 que
514 992 783 1063 inordinatione
801 1013 864 1061 sua
874 1002 1054 1084 receperat
1067 992 1232 1063 exuendo
1243 991 1393 1062 eundem
1406 1000 1512 1082 atque
1532 991 1856 1084 privando,degra-

432 1092 608 1162 dationem
633 1089 742 1182 ipsius
762 1089 997 1160 conclusimus
1020 1089 1086 1159 sub
1111 1088 1179 1160 hiis
1204 1088 1349 1160 verbis:
1371 1088 1587 1158 Auctoritate
1608 1089 1668 1159 Dei
1697 1093 1858 1184 omnipo·

433 1189 559 1276 tentis,
580 1186 710 1274 Patris,
736 1197 771 1257 et
795 1186 895 1280 Filii,
922 1197 957 1256 et
981 1187 1130 1279 Spiritus
1153 1187 1291 1271 Sancti,
1312 1209 1353 1258 ac
1381 1196 1498 1257 nostra
1525 1187 1701 1257 ordinaria
1719 1183 1793 1279 (uel
1807 1187 1859 1260 sic

431 1286 470 1355 in
487 1307 571 1357 casn
593 1285 767 1379 speciali:
791 1285 893 1354 nubis
919 1285 952 1353 in
978 1284 1043 1354 hac
1067 1296 1163 1376 parte
1183 1282 1397 1378 commissa),
1417 1283 1621 1353 aufferimus
1648 1285 1706 1354 tibi
1728 1285 1770 1354 N.
1794 1285 1858 1355 ha·

431 1384 541 1454 bitum
566 1383 785 1470 clericalem,
814 1393 849 1451 et
884 1393 917 1452 te
939 1383 984 1451 ab
1017 1380 1110 1452 omni
1139 1381 1347 1454 sacerdotali
1382 1382 1514 1452 etalio
1547 1381 1704 1472 quolibet
1734 1382 1858 1454 ordine

431 1482 639 1575 deponimus
662 1489 697 1549 et
725 1481 829 1550 etiam
859 1479 1113 1570 degradamus,
1135 1491 1240 1572 teque
1269 1483 1434 1551 exuimus
1462 1499 1504 1548 ac
1531 1480 1723 1570 spoliamus
1751 1490 1858 1572 atque

430 1580 610 1673 privamus
636 1578 731 1649 omni
751 1577 907 1662 honore,
929 1587 965 1648 et
983 1576 1123 1660 habitu,
1145 1598 1186 1647 ac
1207 1588 1370 1663 tonsura,
1399 1589 1436 1647 et
1466 1576 1651 1668 privilegio
1678 1577 1856 1673 clericali,

431 1688 535 1768 teque
550 1677 600 1746 sic
620 1675 870 1766 degradatum,
892 1675 1101 1767 spoliatum,
1124 1687 1160 1746 et
1180 1676 1353 1768 privatum
1376 1673 1547 1744 tradimus
1566 1695 1605 1744 ac
1624 1674 1857 1767 relinquimus

430 1773 574 1845 brachio
591 1785 625 1842 et
642 1773 772 1864 juditio
788 1773 885 1843 curie
904 1772 1092 1860 secularis,
1114 1772 1263 1843 eandem
1283 1773 1474 1844 affectuose
1496 1766 1536 1867 [N
1554 1771 1599 1839 70
1615 1768 1652 1868 d]
1676 1783 1854 1863 roganteS,

430 1881 532 1964 prout
553 1871 704 1941 suadent
727 1870 896 1941 canonice
920 1871 1143 1963 sanctiones,
1164 1871 1329 1962 quatinus
1352 1871 1438 1940 citra
1459 1880 1604 1939 mortem
1624 1882 1659 1939 et
1679 1870 1855 1941 membru·

431 1991 508 2039 rum
538 1970 791 2039 mutilationem
812 1969 903 2038 circa
923 1969 1038 2061 ipsum
1064 1969 1107 2038 N.
1133 1990 1235 2038 suum
1257 1967 1423 2059 juditium
1450 1967 1672 2055 moderetur;
1694 1969 1794 2038 salvo
1817 1990 1858 2039 ac

431 2076 567 2138 retento
590 2067 703 2136 eidem
724 2066 833 2158 quud,
854 2066 883 2136 si
903 2066 1009 2157 digne
1027 2066 1228 2157 penituerit,
1250 2065 1317 2136 sibi
1339 2065 1505 2158 penitenti
1530 2084 1570 2133 ac
1590 2065 1720 2157 petenti
1740 2086 1857 2136 sacra·

431 2175 587 2234 mentum
606 2164 798 2257 penitentie
818 2173 854 2233 et
871 2161 1083 2233 eucharistie
1104 2185 1173 2235 non
1196 2175 1362 2254 negetur,
1380 2162 1466 2256 quin
1486 2162 1607 2253 pocius
1626 2162 1853 2233 ministretur.

430 2262 511 2332 Lata
533 2258 682 2331 suithes
699 2261 877 2331 sentencia
899 2271 935 2330 ot
953 2260 1098 2330 actualis
1117 2261 1324 2352 degradatio
1342 2262 1529 2331 subsecuta
1550 2260 1584 2327 in
1605 2260 1751 2330 ecclesia
1772 2260 1853 2346 tali,
1914 2321 1920 2331 .

435 2369 598 2452 presente
617 2358 747 2429 ibidem
779 2358 839 2427 tali
858 2358 1074 2442 senescallo,
1098 2358 1155 2427 vel
1181 2359 1334 2446 vicario,
1356 2371 1391 2428 et
1416 2356 1543 2427 talibus
1571 2355 1778 2429 officialibus
1797 2380 1857 2428 cu-

431 2460 484 2526 rie
502 2456 691 2544 secularis,
709 2466 777 2526 etc.
1215 2488 1220 2495 ·

433 2711 493 2775 31.
518 2713 661 2776 sivero
677 2712 869 2792 episcopus
888 2727 953 2790 per
969 2726 1076 2790 quem
1101 2710 1297 2787 degradari
1317 2711 1433 2790 possit
1458 2726 1609 2790 presens
1632 2726 1706 2774 non
1727 2709 1855 2787 fuerit,

469 2820 707 2900 inquisitores
721 2826 757 2882 et
771 2819 901 2883 vicarii
917 2834 981 2882 seu
1000 2818 1244 2881 commissarii
1263 2818 1421 2897 episcopi
1436 2817 1495 2881 vel
1517 2818 1668 2898 capituli
1693 2818 1777 2881 sede
1792 2835 1855 2882 va-

470 2934 578 2991 cante
590 2927 813 2991 sententiam
824 2925 918 2990 ferre
933 2925 1143 3000 debuerint,
1162 2925 1249 3004 quia
1266 2925 1337 3005 ipsi
1353 2941 1426 2988 non
1442 2932 1597 3004 possunt
1613 2926 1856 3004 presbiterum

469 3033 527 3097 vel
544 3033 717 3098 clerlcum
735 3033 949 3110 degradare.
975 3032 1169 3095 Formetur
1190 3032 1376 3096 sententia
1398 3032 1466 3096 sub
1487 3033 1560 3095 hiis
1584 3040 1649 3095 aut
1672 3032 1856 3097 similibus

469 3140 591 3204 verbis
607 3161 614 3203 :

477 3383 515 3453 ln
536 3386 676 3454 nomine
694 3383 846 3469 Domini,
868 3403 983 3453 amen.
1004 3380 1174 3464 Quoniam
1197 3403 1259 3453 nos
1281 3382 1366 3453 tales
1385 3394 1421 3452 et
1440 3381 1526 3451 tales
1545 3381 1586 3450 N.
1609 3392 1644 3451 et
1661 3381 1720 3466 N.,
1743 3385 1857 3474 inqui·

428 3484 554 3552 sitores
573 3496 608 3551 et
626 3481 874 3564 commissarii,
896 3492 980 3566 etc.,
1004 3491 1164 3571 utsupra
1189 3501 1295 3573 usqne
1316 3479 1365 3549 ibi
1385 3505 1396 3547 :
1418 3478 1566 3549 dicimus
1586 3491 1621 3550 et
1640 3500 1702 3572 per
1721 3477 1852 3549 diffini·

430 3579 538 3649 tivam
557 3582 766 3649 sententiam
788 3581 823 3647 in
842 3578 910 3649 biis
930 3577 1152 3670 presentibus
1170 3578 1309 3669 scriptis
1326 3577 1597 3670 pronunciamus
1617 3577 1728 3669 ipsum
1749 3578 1855 3649 talem

428 3676 471 3747 N.
493 3676 711 3747 sacerdotem
731 3697 809 3747 esse
829 3676 1003 3768 relapsum
1020 3675 1055 3743 in
1076 3674 1226 3745 heresim
1242 3695 1262 3744 a
1277 3696 1315 3746 se
1333 3675 1429 3767 prius
1449 3675 1483 3742 in
1499 3674 1629 3764 juditio
1644 3674 1854 3765 abjuratam,

430 3786 464 3844 et
485 3784 626 3867 propter
644 3773 712 3845 hoc
730 3795 749 3843 a
770 3773 843 3844 suis
862 3794 939 3844 esse
959 3772 1141 3843 ordinibus
1163 3770 1449 3862 degradandum,
1472 3772 1689 3842 declarantes
1713 3785 1748 3842 et
1775 3794 1856 3865 pro·

429 3875 635 3942 nunciantes
656 3871 922 3957 nichilominus,
943 3881 1112 3962 quantum
1138 3882 1255 3939 nostra
1275 3869 1420 3940 interest
1444 3870 1478 3938 in
1504 3869 1569 3939 hac
1593 3880 1709 3961 parte,
1733 3882 1857 3942 contra

429 3970 581 4041 eundem
610 3970 713 4040 talem
734 3969 776 4038 N.
799 3969 1030 4062 presbiterum
1058 3988 1135 4038 esse
1164 3967 1425 4060 procedendum
1453 3966 1598 4038 ulterius
1625 3967 1856 4039 effectualiter

427 4088 491 4159 per
519 4067 720 4162 episcopum
746 4066 931 4137 habentem
952 4086 1059 4158 super
1078 4063 1144 4134 hoc
1165 4076 1370 4157 potestatem
1390 4064 1435 4134 ad
1455 4064 1710 4157 depositionem
1733 4075 1769 4135 et
1791 4065 1854 4136 de-

428 4165 669 4256 gradationem
693 4159 734 4261 [l0
753 4163 794 4233 'll
820 4160 854 4261 a]
876 4163 1034 4253 ejusdem
1062 4184 1082 4233 a
1109 4162 1315 4233 sacerdotali
1343 4173 1378 4233 et
1400 4162 1468 4233 alio
1490 4162 1648 4253 quolibet
1671 4162 1795 4232 urdine
1820 4173 1856 4234 et

427 4263 473 4333 ad
493 4263 725 4356 privationem
746 4262 791 4349 ab
810 4262 906 4332 omni
926 4260 1078 4332 clericali
1100 4261 1255 4346 honore,
1276 4259 1421 4353 habitu,
1443 4271 1477 4330 et
1499 4259 1703 4353 privilegio,
1726 4271 1760 4330 et
1779 4270 1856 4330 ton·

427 4380 529 4446 sura,
553 4360 587 4429 in
607 4361 715 4432 forma
736 4382 755 4431 a
772 4360 853 4451 jure
873 4358 999 4429 tradita
1019 4358 1212 4429 secundum
1233 4358 1419 4429 canonicas
1438 4358 1636 4428 sanctiones
1654 4381 1663 4445 ;
1684 4378 1725 4427 ac
1748 4357 1854 4427 etiam

428 4469 611 4554 postquam
640 4459 746 4529 fuerit
767 4457 999 4549 degradatus,
1022 4476 1100 4525 cum
1120 4455 1272 4527 Ecclesia
1298 4454 1386 4525 ultra
1407 4475 1477 4526 non
1497 4454 1626 4525 habeat
1644 4454 1729 4546 quid
1750 4454 1855 4525 faciat

427 4578 490 4651 pru
512 4556 586 4626 suis
612 4555 791 4626 demeritis
818 4565 937 4626 contra
963 4553 1099 4647 ipsum,
1123 4554 1272 4624 dicimus
1299 4553 1449 4623 eundem
1481 4553 1553 4623 lore
1583 4551 1790 4622 tradendum
1819 4562 1856 4623 et

427 4654 694 4746 relinquendum
723 4652 867 4723 bruchio
892 4664 928 4722 et
953 4651 1082 4743 juditio
1107 4651 1204 4721 curie
1229 4650 1415 4740 secularis,
1441 4670 1546 4742 quam
1576 4649 1730 4736 curiam,
1752 4658 1851 4742 post·

464 4934 497 5002 (lt
519 4937 554 4989 lte
568 4936 646 4990 inodo
665 4940 689 4989 et
710 4937 802 5003 sermo
816 4935 1023 5004 degradationis
1042 4935 1160 4987 actualis
1176 4932 1291 4986 liabetur
1309 4947 1395 5001 supro
1411 4935 1441 4991 in
1460 4933 1552 4999 sortire
1566 4935 1695 4985 sententie
1709 4931 1855 4986 sacerdotis

427 5036 551 5102 religiosi
564 5033 735 5102 depredandi
749 5038 774 5087 et
789 5033 965 5097 tonsurandi,
981 5035 1013 5086 in
1027 5034 1081 5099 fine
1096 5031 1216 5101 ejusdem
1231 5033 1361 5085 sententie
1375 5029 1537 5084 incidenter.
1553 5027 1582 5084 A
1594 5028 1622 5084 la
1638 5044 1744 5100 merge.
