4574 6404
424 673 496 744 tlt
711 689 874 743 0000000
900 689 1142 755 rnonrsrrrorus
1168 688 1332 742 0000000
1354 687 1571 750 ‚enavimus

428 870 484 919 res
505 847 562 918 vel
594 847 779 938 inquisitor
809 846 962 921 heretice
991 848 1174 941 pravitatis
1201 845 1369 917 duxerint
1396 846 1592 936 eligendos.
1624 846 1807 931 Secundo,
1831 852 1861 919 si

430 948 560 1016 luerint
579 946 797 1036 negligentes
817 957 852 1013 et
870 945 1074 1016 desidentes
1095 941 1134 1041 [10
1156 943 1224 1014 118
1243 941 1278 1040 1)]
1302 968 1311 1028 ;
1334 942 1401 1013 hoc
1419 954 1535 1014 autem
1567 945 1860 1037 impedimentum

430 1043 576 1126 tollitur,
598 1046 680 1134 quia
702 1043 927 1134 inquisitores
949 1056 1094 1135 possunt
1112 1043 1198 1113 tales
1215 1043 1329 1112 iacere
1348 1041 1502 1111 amoveri
1521 1054 1556 1112 et
1572 1043 1660 1112 alios
1676 1043 1752 1112 1000
1771 1047 1864 1137 ipso·

430 1163 506 1210 rum
526 1141 731 1231 subrogari;
754 1140 848 1233 quod
875 1151 970 1234 patet
996 1143 1029 1210 in
1051 1140 1182 1213 eisdem
1204 1139 1513 1210 constitutionibus
1539 1138 1727 1210 Clementis
1754 1163 1859 1234 pape.

430 1238 481 1309 Et
500 1238 589 1328 infra
604 1239 667 1308 :Et
688 1239 716 1308 si
735 1239 814 1329 quis
831 1260 953 1309 eorum
975 1236 1177 1308 officialium
1194 1249 1336 1330 propter
1356 1238 1639 1329 ineptitudinem,
1658 1239 1714 1307 vel
1736 1239 1860 1309 inher-

432 1336 536 1422 tiam,
559 1357 621 1405 seu
651 1339 916 1428 occupationem
946 1337 1099 1427 aliquam
1125 1335 1182 1407 vel
1209 1356 1393 1405 excessum
1415 1335 1616 1427 dyocesano
1635 1349 1669 1405 et
1694 1336 1863 1407 fratribus

430 1454 535 1526 supra
550 1434 653 1504 dictis
664 1435 762 1503 visus
776 1434 1123 1513 lueritamovendus,
1138 1436 1252 1525 ipsum
1263 1432 1306 1502 ad
1319 1432 1518 1501 mandatnm
1531 1434 1724 1503 veldictum
1736 1456 1860 1504 eorum

432 1543 617 1601 teneantur
633 1553 800 1602 amovere
821 1544 995 1623 potestas,
1009 1533 1234 1625 capitaneus,
1248 1530 1305 1599 vel
1322 1530 1440 1621 quivis
1453 1531 1544 1600 alius
1562 1530 1762 1620 hujusmodi
1779 1554 1858 1624 pre·

431 1629 619 1714 dictorum,
642 1641 674 1699 et
693 1629 799 1698 alium
819 1630 1013 1699 secundum
1033 1630 1179 1700 sormam
1202 1629 1654 1722 prescriptamsubstituere
1674 1629 1750 1699 loc'o
1766 1632 1858 1720 ejus.

430 1726 560 1810 Tertio,
591 1728 620 1796 si
646 1729 775 1796 luerint
801 1725 961 1797 infideles
990 1729 1056 1821 ipsi
1080 1726 1210 1812 0111010,
1233 1727 1314 1817 quia
1337 1725 1422 1795 tales
1442 1738 1477 1795 et
1496 1727 1620 1818 punire
1640 1739 1674 1795 et
1691 1748 1862 1799 amovere

432 1837 596 1894 tenentur
610 1837 814 1917 potestates,
834 1838 872 1894 ut
890 1836 983 1916 patet
995 1828 1029 1895 in
1047 1826 1179 1896 eisdem
1198 1824 1519 1894 constitutionibus.
1540 1823 1590 1892 Et
1606 1824 1708 1916 infra
1726 1852 1737 1893 :
1756 1825 1860 1908 Quod

430 1925 460 1991 si
480 1924 559 2012 quis
579 1944 699 1991 eorum
722 1935 842 1993 contra
864 1921 968 1993 tidem
990 1936 1024 1993 et
1042 1924 1276 1993 sinceritatem
1296 1920 1400 1992 olficii
1420 1923 1474 1990 sui
1491 1923 1524 1990 in
1545 1923 1700 1992 favorem
1722 1922 1861 1994 heresis

431 2018 674 2112 deprehensus
695 2023 799 2089 luerit
818 2024 1026 2106 excessisse,
1049 2034 1164 2114 preter
1175 2032 1291 2089 notam
1313 2020 1454 2089 iulamie
1467 2032 1635 2113 perpetue
1654 2042 1758 2111 quam
1784 2035 1861 2090 tan·

430 2137 533 2208 quarn
553 2121 666 2187 fautor
687 2118 919 2188 hereticorum
939 2120 1107 2212 incurrat,
1123 2141 1185 2212 per
1201 2128 1422 2210 potestatem,
1439 2120 1675 2209 capitaneum,
1692 2119 1861 2189 consules

430 2215 485 2284 vel
508 2216 660 2286 rectores
680 2238 742 2286 seu
761 2216 866 2284 alium
888 2217 1036 2287 similem
1068 2218 1112 2286 ad
1142 2217 1420 2309 dyocesauorum
1447 2227 1483 2283 et
1502 2215 1672 2284 dictorum
1704 2219 1854 2287 fratrum

432 2313 489 2381 vel
509 2315 755 2404 inquisitorum
776 2334 839 2382 seu
861 2314 1077 2406 inquisitoris
1096 2313 1279 2384 arbitrium
1300 2313 1502 2405 puniantur.

477 2409 634 2480 Predicta
655 2424 771 2481 autern
789 2412 965 2483 ordinatio
984 2433 1046 2482 seu
1068 2413 1193 2483 modus
1213 2409 1414 2481 officialium
1439 2411 1674 2502 predictorum
1693 2415 1727 2480 in
1747 2417 1859 2504 parti·

430 2508 497 2577 bus
517 2509 701 2579 dumtaxat
720 2509 835 2579 Ytalie
855 2509 960 2580 hahet
980 2510 1107 2580 locum.
1136 2510 1171 2578 ln
1194 2529 1302 2599 regno
1328 2519 1444 2578 autem
1467 2509 1610 2580 Francie
1631 2510 1861 2601 inquisitores

428 2618 537 2696 agunt
556 2618 591 2675 et
620 2620 764 2675 utuntur
783 2608 976 2679 ministerio
996 2606 1196 2678 officialium
1225 2609 1338 2697 regis,
1366 2619 1401 2675 et
1419 2602 1606 2700 comitum,
1627 2620 1663 2676 et
1685 2607 1858 2677 baronum

428 2715 463 2771 et
478 2705 626 2773 aliorum
645 2706 866 2774 dominorum
888 2717 1079 2776 castrorum
1101 2728 1162 2775 seu
1182 2705 1335 2775 locorum
1354 2703 1502 2774 aliorum
1519 2704 1552 2773 in
1568 2704 1752 2775 territoriis
1766 2706 1856 2792 suis,

427 2801 505 2870 sive
524 2800 595 2870 siut
616 2803 822 2888 senescalli,
845 2804 900 2872 vel
921 2803 1075 2897 baylivi‚
1099 2803 1154 2871 vel
1172 2802 1328 2892 judices,
1351 2803 1406 2872 vel
1428 2802 1549 2891 bajuli,
1567 2802 1623 2872 vel
1645 2809 1856 2889 servientes,

427 2918 489 2967 seu
509 2899 790 2992 quibuscumque
809 2900 888 2970 aliis
909 2902 1109 2971 nominibus
1128 2901 1182 2969 vel
1203 2897 1327 2970 officiis
1349 2913 1572 2985 censeantur,
1594 2922 1683 2991 qnos
1703 2900 1856 2992 inquisi-

429 3007 521 3065 tores
539 3011 686 3089 possunt
703 2998 881 3090 requirere
901 3010 935 3068 et
953 3000 1153 3090 requisitos,
1170 3000 1201 3066 si
1221 2997 1438 3088 negligentes
1450 2998 1579 3068 luerint
1596 3010 1656 3067 aut
1673 2992 1713 3093 [l0
1734 2997 1803 3065 118
1821 2995 1855 3096 0]

427 3092 588 3180 desides,
611 3115 875 3188 percensuram
896 3097 1166 3167 ecclesiasticam
1191 3096 1401 3187 compellere
1426 3108 1461 3166 et
1482 3097 1692 3181 cohercere,
1716 3117 1855 3167 necnon

427 3210 472 3259 ex
492 3190 624 3261 virtute
644 3193 835 3263 litterarum
857 3196 949 3284 regis
968 3193 1112 3263 Francie
1132 3194 1216 3286 ipsis
1237 3193 1503 3282 inquisitoribus
1523 3214 1767 3263 concessarum
1783 3188 1856 3264 onr-

426 3299 540 3362 neset
553 3290 681 3382 singuli
701 3292 900 3383 supradicti
921 3303 1083 3362 tenentur
1101 3291 1369 3383 inquisitoribus
1386 3291 1714 3383 prebereauxilium
1732 3303 1860 3362 01000-

423 3384 540 3454 silium
563 3403 798 3481 opportunum
819 3392 906 3460 etin
925 3391 1178 3480 omnibusque
1197 3389 1240 3457 ad
1261 3385 1414 3458 officium
1437 3389 1673 3480 inquisitionis
1694 3399 1857 3479 spectant

426 3482 559 3553 eisdem
580 3487 863 3578 inquisitoribus,
884 3499 1060 3558 eteorum
1083 3487 1270 3578 mandatis,
1292 3498 1326 3555 et
1342 3486 1629 3577 requisitionibus
1646 3486 1856 3579 simpliciter

426 3580 592 3668 obedire,
615 3587 708 3676 quod
735 3598 893 3679 prompte
914 3586 1044 3656 iaciunt
1067 3599 1102 3655 et
1121 3585 1296 3670 lecerunt,
1318 3584 1469 3654 scientes
1492 3584 1650 3675 ejusdem
1677 3584 1768 3673 regis
1789 3584 1858 3654 de-

426 3690 543 3750 votam
564 3684 657 3751 etad
680 3682 745 3752 hoc
763 3696 991 3777 spontaneam
1013 3685 1242 3753 voluntatem.

475 3775 590 3848 Tertio
609 3802 764 3872 quoque,
788 3783 865 3852 sive
885 3783 955 3852 sint
977 3781 1103 3851 notarii
1125 3780 1318 3871 exquibus
1340 3790 1453 3872 potest
1474 3781 1678 3871 contingere
1702 3780 1856 3871 impedi·

427 3886 581 3946 mentum
603 3879 813 3969 duppliciter
835 3905 842 3948 :
871 3901 941 3950 000
961 3880 1080 3963 modo,
1101 3878 1130 3947 si
1151 3878 1275 3948 nolunt
1295 3877 1409 3947 lacere
1433 3876 1585 3947 officium
1608 3877 1857 3947 tabellionatus

426 3995 648 4068 quacumque
685 3979 889 4065 occasione,
918 3987 953 4047 et
985 3976 1052 4047 boc
1083 3974 1373 4069 impedimentum
1406 3976 1561 4060 tollitur,
1592 3975 1673 4065 quia
1704 3975 1769 4066 ipsi
1797 3978 1856 4043 in·

425 4076 612 4164 quisitotes
650 4087 797 4168 possunt
825 4076 870 4145 ad
904 4075 972 4146 hoc
997 4073 1208 4167 compellere
1245 4094 1368 4143 omnes
1404 4087 1438 4142 et
1475 4073 1633 4163 singulos
1670 4072 1747 4142 sive
1784 4073 1859 4142 sint

427 4177 603 4244 seculares
629 4176 706 4244 sive
735 4174 910 4266 religiosi,
939 4173 1042 4242 etiam
1066 4172 1096 4241 si
1129 4173 1201 4240 sint
1234 4171 1269 4240 in
1299 4174 1408 4241 sacris
1441 4171 1624 4241 ordinibus
1655 4169 1854 4255 constituti,

425 4272 498 4362 qui,
517 4275 599 4342 dum
621 4284 739 4341 essent
758 4272 793 4340 in
811 4271 944 4357 seculo,
963 4268 1117 4340 ollicium
1140 4268 1385 4339 tabellionatus
1403 4269 1620 4355 habuerunt,
1643 4268 1712 4337 alio
1733 4269 1854 4352 modo,

423 4369 451 4438 si
475 4370 592 4439 nullus
612 4369 768 4439 notarius
787 4370 975 4442 commodo
995 4377 1109 4461 potest
1127 4365 1267 4454 haberi,
1297 4379 1331 4437 et
1356 4366 1423 4436 boc
1449 4366 1735 4459 impedimentum
1758 4366 1856 4436 tolli·

425 4479 491 4551 tur,
511 4471 592 4560 quia
610 4468 834 4558 inquisitores
849 4476 994 4560 possunt
1009 4464 1178 4534 adbibere
1192 4465 1280 4534 duas
1293 4485 1441 4557 persona
1458 4464 1614 4558 ydoneus
1628 4464 1704 4533 loco
1719 4464 1850 4532 notarii

421 4565 465 4635 ad
486 4567 711 4637 scribendum
729 4578 764 4633 et
784 4567 982 4636 laciendum
1002 4564 1202 4652 omniaque
1222 4562 1256 4630 in
1277 4558 1858 4652 0000100010001011100100111010

421 4664 465 4733 ad
485 4665 656 4734 scriniarii
674 4684 736 4733 000
757 4663 954 4733 tabellionis
973 4669 1166 4730 noscuntur
1181 4658 1334 4731 olficiurn
1351 4661 1539 4752 pertinere.
1554 4659 1603 4728 De
1618 4658 1691 4727 istis
1707 4658 1850 4729 duobus

422 4761 559 4854 plenius
580 4752 736 4831 notatum
755 4775 809 4831 est
828 4783 933 4854 supra
947 4813 956 4844 ,
972 4758 1030 4841 De
1042 4762 1208 4850 potestate
1222 4758 1470 4851 inquisitorum
1486 4782 1498 4824 .·
1519 4756 1651 4852 800010,
1670 4755 1856 4849 inquisito-

420 4880 478 4928 res
493 4866 638 4952 possunt
654 4858 855 4952 requirere,
876 4871 944 4930 etc.

470 4957 510 5025 D.
532 4956 749 5042 -Quarto,
772 4959 876 5026 etiam
897 4955 1037 5025 testium
1057 4975 1148 5046 quos
1167 4954 1342 5048 recipiunt
1360 4952 1546 5024 occasione
1562 4962 1680 5046 posset
1700 4951 1856 5044 impedi-

422 5067 577 5124 mentum
593 5056 799 5145 contingere
814 5053 995 5146 tripliciter
1014 5076 1023 5120 :
1042 5073 1112 5124 000
1132 5051 1250 5136 modo,
1273 5051 1355 5144 quia
1375 5061 1457 5122 sunt
1476 5050 1644 5137 infames,
1663 5048 1755 5119 sicut
1774 5070 1855 5142 per·

1106 5722 1464 6024 'X
