4574 6404
436 673 504 742 ¹60
719 689 881 743 rnaorrcr
908 689 1149 756 iucursrrrorus
1176 692 1339 744 unumrou
1365 693 1576 746 rnavrrarrs.

434 848 529 940 qood
549 851 585 917 in
605 847 711 919 domo
731 847 789 916 tali
811 847 888 918 talis
906 849 965 933 N,
987 849 1111 920 detali
1139 850 1237 936 loco,
1267 850 1346 920 talis
1365 850 1407 921 N.
1437 850 1471 920 in
1500 848 1702 923 infirmitate
1729 855 1773 926 de
1796 875 1871 950 qua

434 945 523 1016 obiit
548 945 613 1014 luit
643 945 855 1015 hereticatus
874 967 938 1016 seu
972 959 1133 1040 receptus
1161 948 1206 1018 ab
1232 947 1398 1019 hereticis
1419 947 1545 1018 talibus
1573 950 1609 1019 iu
1639 950 1869 1045 dampnatum

432 1054 561 1114 sectam
583 1042 738 1135 ipsorum
757 1043 950 1114 secuudum
977 1042 1080 1114 ritum
1103 1044 1337 1116 execrabilem
1362 1054 1398 1114 et
1416 1049 1604 1138 pessimam
1625 1051 1863 1120 cousuetudi-

434 1162 514 1211 nem
527 1141 748 1226 eoromdem,
761 1161 826 1212 nos
837 1140 1062 1233 inquisitores
1077 1142 1215 1236 prelati,
1232 1141 1454 1213 attendentes
1468 1145 1754 1217 constitutionem
1766 1168 1870 1240 apos·

433 1237 572 1308 tolicam
593 1258 699 1330 super
718 1237 785 1308 hoc
803 1238 934 1309 editam
954 1260 995 1309 ac
1022 1240 1134 1331 legem
1159 1239 1375 1333 imperialem
1400 1239 1519 1311 Padue
1547 1244 1803 1334 promulgatam
1824 1267 1868 1317 ac

433 1335 640 1406 auctoritate
672 1335 767 1406 sedis
797 1336 988 1428 apostolice
1017 1335 1256 1409 confirmatam
1291 1337 1362 1426 (vel
1384 1336 1435 1407 ric
1459 1338 1610 1408 melius:
1642 1342 1867 1415 attendentes

436 1426 475 1529 [Ρ
495 1431 540 1500 88
556 1430 593 1531 d]
615 1437 814 1504 sanctiones
833 1455 939 1526 super
957 1433 1024 1505 hoc
1044 1435 1157 1505 editas
1175 1445 1244 1505 tam
1263 1437 1451 1506 canonicas
1470 1458 1575 1528 quam
1605 1437 1755 1533 civiles),
1779 1462 1864 1511 uec-

433 1551 504 1601 non
534 1532 638 1601 etiam
668 1533 859 1602 novitatem
885 1535 1053 1624 temporis
1077 1542 1113 1602 et
1139 1532 1221 1602 lacti
1245 1532 1503 1627 enormitatem,
1525 1535 1646 1606 habito
1671 1557 1779 1630 super
1797 1536 1869 1610 hoc

432 1649 512 1698 cum
532 1628 749 1722 sapientibus
768 1639 804 1699 el
826 1629 947 1722 peritis
967 1629 1126 1722 diligenti
1146 1628 1294 1701 consilio
1314 1641 1349 1700 et
1369 1640 1533 1718 tractato,
1557 1633 1765 1704 auctoritate
1793 1657 1867 1727 qua

432 1726 612 1816 [ungimur
623 1726 828 1819 apostolica,
840 1727 1031 1820 predictam
1045 1728 1188 1799 domum
1203 1748 1283 1797 cum
1298 1728 1462 1799 omnihus
1474 1730 1687 1822 appenditiis
1701 1731 1775 1802 suis
1792 1733 1864 1804 ribi

432 1822 684 1895 adherentibus
701 1825 850 1895 dicimus
871 1835 905 1895 et
925 1825 1198 1917 pronunciamus
1218 1847 1281 1918 per
1299 1823 1523 1896 diffinitivam
1551 1827 1763 1898 sententiam
1783 1850 1867 1901 esse

433 1920 590 1992 funditus
621 1922 852 2006 diruendam,
877 1943 1026 2015 eamque
1054 1923 1147 1993 dirui
1175 1943 1215 1992 ao
1244 1923 1359 1993 moliri
1391 1923 1550 1994 lunditus
1588 1925 1799 2018 precipimus
1831 1936 1868 1998 el

432 2017 660 2106 mandamus,
681 2031 717 2090 et
736 2020 846 2113 ipsius
868 2019 995 2092 domus
1015 2021 1196 2092 materiam
1216 2021 1507 2107 comburendam,
1530 2031 1597 2110 set,
1618 2025 1649 2091 si
1670 2023 1781 2114 magis
1796 2045 1865 2094 ex·

432 2115 580 2210 pediens
596 2116 771 2205 videatur,
787 2117 833 2187 ad
849 2129 1007 2189 nostrum
1020 2118 1204 2190 arbitrium
1218 2118 1286 2212 piis
1305 2118 1428 2189 usibus
1447 2119 1690 2213 applicandam
1702 2120 1774 2209 (vel
1788 2121 1864 2192 sic:

431 2215 578 2306 ejusque
602 2219 784 2286 materiam
804 2215 961 2286 comburi
988 2228 1070 2309 aut,
1091 2216 1120 2287 si
1148 2216 1260 2307 magis
1280 2215 1474 2309 expediens
1497 2216 1674 2303 videatur,
1695 2217 1740 2287 ad
1766 2219 1868 2289 arbi-

432 2311 536 2381 trium
553 2323 709 2384 uostrum
730 2313 766 2383 iu
795 2312 972 2406 aliquibus
989 2314 1056 2407 piis
1080 2314 1204 2385 usibus
1229 2313 1452 2384 deceruimus
1472 2313 1669 2407 applicari),
1694 2317 1742 2385 ita
1765 2316 1867 2407 quod

432 2408 477 2480 de
490 2422 608 2482 cetero
628 2412 663 2480 iu
684 2411 761 2482 loco
778 2431 840 2481 seu
860 2411 937 2483 solo
956 2412 1033 2502 ejus
1061 2411 1156 2482 nulla
1179 2410 1333 2481 humana
1356 2410 1528 2482 habitatio
1553 2433 1617 2482 seo
1646 2409 1866 2484 reedificatio

430 2518 491 2579 aut
505 2508 638 2581 clausio
658 2508 706 2579 ibi
725 2507 799 2592 liat,
821 2520 875 2580 set
893 2509 990 2581 locus
1010 2507 1248 2579 inhabitabilis
1274 2518 1310 2578 et
1336 2509 1488 2579 incultus
1513 2519 1548 2579 et
1573 2509 1751 2580 inclausus
1770 2532 1866 2581 sem·

430 2627 495 2697 per
513 2607 658 2692 existat,
672 2617 706 2677 ct
726 2607 817 2677 sicut
836 2608 900 2676 luit
920 2606 1177 2700 receptaculum
1198 2603 1427 2700 perfidorum,
1449 2606 1501 2677 sic
1519 2606 1686 2701 deinceps
1706 2628 1867 2679 exnunc

429 2715 600 2799 perpetuo
619 2704 776 2775 sordium
797 2705 894 2775 locus
913 2701 993 2791 liat;
1012 2704 1136 2776 eadem
1156 2725 1225 2795 qua
1246 2704 1426 2795 fungimur
1444 2705 1654 2774 auctoritate
1676 2715 1865 2776 monentes

429 2819 552 2873 omnes
572 2814 607 2873 et
622 2802 780 2894 singulos
806 2802 937 2885 semel,
954 2802 1111 2872 secundo
1135 2813 1170 2872 et
1191 2801 1318 2888 tercio,
1341 2803 1509 2892 canonice
1527 2811 1564 2872 et
1583 2801 1862 2895 perhemptorie‚

429 2918 475 2969 ne
493 2900 620 2992 aliquis
631 2898 836 2971 reedificare
854 2921 917 2970 seu
937 2901 1054 2971 colere
1068 2909 1130 2969 aut
1147 2898 1314 2970 claudere
1333 2909 1512 2992 presumat
1525 2900 1720 2991 predictum
1741 2900 1863 2971 locum

429 3016 495 3067 nec
514 2997 558 3067 ad
574 2998 641 3068 hoc
659 2999 810 3069 scienter
829 2997 1010 3090 impendat
1025 2997 1224 3082 consilium,
1246 2996 1418 3066 auxilium
1434 2995 1491 3065 vel
1507 2997 1677 3067 levorem.
1700 2997 1737 3065 lo
1756 3018 1865 3089 qnos·

429 3112 580 3186 comque
606 3104 723 3165 autem
750 3095 917 3166 iacientes
945 3095 1156 3166 contrarium
1185 3105 1246 3164 ant
1278 3094 1472 3164 contrarios
1504 3115 1568 3164 seu
1595 3094 1762 3179 rebelles,
1793 3095 1863 3166 ista

429 3202 547 3262 nostra
573 3193 742 3263 canonica
767 3214 807 3263 ac
831 3187 872 3289 [p
899 3192 945 3260 89
968 3189 1002 3290 a]
1032 3191 1290 3285 perhemptoria
1316 3191 1507 3262 monitione
1528 3192 1712 3284 premissa,
1731 3190 1766 3260 in
1790 3191 1862 3264 hiis

429 3290 651 3381 presentibus
677 3290 816 3383 scriptis
838 3289 1212 3361 excommunicationis
1236 3289 1445 3360 senteutiam
1470 3290 1746 3381 promulgamus.
1775 3290 1862 3360 lata

428 3386 495 3456 luit
512 3386 578 3458 hec
594 3387 782 3475 sententia,
804 3408 911 3477 anno,
933 3387 991 3458 die
1006 3398 1041 3458 et
1060 3387 1158 3475 loco,
1180 3396 1248 3457 etc.

428 3641 490 3706 45.
513 3643 646 3707 Forma
661 3642 925 3708 reconsiliandi
940 3641 1176 3721 impeditores
1191 3639 1253 3720 qni
1268 3656 1307 3704 se
1330 3647 1578 3720 opposuerunt
1600 3641 1712 3704 oifioio
1736 3641 1864 3722 inqui·

682 3749 829 3814 ultionis
844 3765 909 3813 seu
923 3748 1205 3829 inquisitoribus
1222 3748 1382 3811 heretice
1395 3746 1602 3826 pravitatis.

475 3991 600 4062 Modus
620 3992 866 4064 reconsiliandi
887 4000 922 4063 et
937 3990 1105 4084 puniendi
1123 3988 1350 4083 impedituros
1369 3986 1475 4059 cilicii
1495 3988 1732 4080 inquisitionis
1749 3989 1859 4062 here·

428 4089 495 4161 tice
514 4089 712 4184 pravitatis,
728 4089 759 4161 si
777 4099 813 4161 et
831 4089 974 4182 quando
996 4087 1212 4159 reconsiliari
1229 4085 1394 4180 petierint
1409 4096 1444 4157 et
1460 4087 1636 4157 volueriut
1647 4087 1809 4180 penitere
1825 4098 1862 4160 et

426 4187 627 4258 satisfacere
644 4186 689 4258 de
705 4187 916 4275 commissis,
935 4187 1088 4257 maxime
1110 4185 1169 4256 ubi
1188 4199 1223 4255 et
1241 4184 1384 4278 quando
1395 4184 1536 4278 publice
1553 4193 1588 4254 el
1602 4185 1739 4256 notorie
1757 4205 1858 4256 com·

426 4284 629 4372 misserunt,
650 4295 689 4354 ot
700 4306 789 4379 pena
803 4285 942 4378 publica
958 4284 1078 4355 talium
1093 4305 1154 4354 eos
1168 4292 1285 4353 teneat
1299 4292 1338 4352 ut
1356 4293 1492 4353 actores
1507 4293 1542 4352 et
1557 4283 1683 4354 ceteris
1700 4293 1861 4354 trauseat

425 4381 462 4451 in
479 4381 682 4475 exemplum
699 4392 733 4453 et
748 4382 977 4476 provideatur
988 4382 1023 4451 in
1042 4393 1218 4475 posterum
1232 4380 1277 4451 dc
1294 4380 1431 4451 cautela
1450 4379 1564 4450 taliter
1580 4390 1618 4450 ut
1630 4381 1696 4474 ipsi
1715 4401 1860 4473 semper

424 4500 464 4551 se
482 4480 636 4551 sentiant
653 4480 826 4572 obligatos
845 4475 908 4578 [et]
930 4479 1057 4550 similia
1077 4500 1147 4551 nou
1167 4487 1389 4570 attemptent.

902 4679 1008 4737 florina
1026 4679 1146 4750 iurandi
1165 4683 1197 4737 et
1214 4679 1373 4751 obliqanrli.

471 4860 508 4929 ln
525 4861 646 4954 primis
657 4863 778 4952 jurent
791 4861 836 4931 ad
852 4870 970 4931 sancta
985 4860 1047 4931 Dei
1060 4858 1266 4949 Evangelia,
1277 4879 1395 4930 coram
1412 4857 1634 4949 inquisitore,
1646 4855 1803 4950 publice,
1817 4857 1855 4927 in

422 4958 598 5049 presentia
618 4958 864 5052 sollempuium
884 4978 1113 5052 personarum
1133 4955 1189 5028 vel
1206 4957 1311 5027 etiam
1331 4976 1449 5028 coram
1468 4955 1692 5025 multitudiue
1711 4953 1799 5024 cleri
1818 4965 1856 5025 et

421 5054 541 5147 populi
565 5064 776 5145 convocata,
804 5055 899 5148 quod
924 5055 990 5149 ipsi
1018 5055 1192 5148 parebunt
1218 5053 1424 5147 simpliciter
1448 5053 1622 5124 mandatis
1641 5051 1798 5123 Ecclesie
1817 5062 1856 5122 et
