4574 6404
891 711 995 765 ruint
1021 711 1118 762 PARS.
1704 696 1724 763 5

287 976 322 1040 4.
346 976 479 1040 Forma
494 975 705 1038 litterarum
721 975 768 1038 ad
787 975 1007 1054 capiendum
1023 974 1182 1053 aliquem
1202 971 1431 1036 diffamatum
1449 972 1493 1035 de
1508 972 1648 1047 heresi,
1665 973 1724 1036 vel

895 1088 1119 1161 suspectum.

337 1297 459 1368 Frater
479 1296 680 1367 Bernardns
697 1296 884 1382 Gnidonis,
906 1297 984 1367 ord.
1005 1296 1158 1387 predic,
1181 1294 1380 1387 inquisitor,
1400 1304 1484 1381 etc,
1504 1294 1624 1385 baiulo
1645 1295 1722 1367 talis

289 1395 356 1465 loci
376 1395 434 1465 vel
458 1395 536 1485 ejus
556 1395 670 1465 locum
693 1395 825 1466 tenenti
847 1405 881 1465 et
901 1394 1066 1466 omnibus
1091 1393 1168 1463 aliis
1186 1391 1469 1482 jurisdictionem
1488 1413 1551 1463 seu
1573 1403 1723 1485 potesta-

290 1503 357 1562 tem
392 1491 448 1563 vel
478 1491 632 1563 officium
665 1492 847 1583 regiminis
876 1491 1110 1575 habentibus,
1146 1512 1192 1560 ex
1219 1501 1319 1582 parte
1343 1489 1476 1560 domini
1499 1490 1609 1561 nostri
1629 1491 1722 1581 regis

288 1589 432 1659 Francia
458 1611 498 1658 ac
526 1589 631 1659 etiam
657 1610 962 1682 quorumcumque
990 1589 1139 1661 aliorum
1160 1587 1404 1672 dominorum,
1431 1587 1491 1679 qui
1513 1587 1643 1656 luerint
1664 1610 1720 1659 re·

288 1687 409 1777 quisiti
429 1685 503 1780 (cel
519 1687 592 1757 sic:
609 1690 654 1757 ad
674 1709 763 1778 quos
786 1697 967 1780 presentes
984 1687 1097 1758 littere
1113 1683 1371 1780 pervenerint),
1388 1685 1536 1756 salutem
1554 1685 1589 1752 in
1604 1696 1724 1757 actore

290 1784 373 1854 fidei
392 1785 541 1855 Domino
560 1785 666 1855 Jbesu
686 1784 835 1856 Christo.
852 1825 897 1837 -
911 1783 1129 1855 Auctoritate
1141 1782 1331 1874 apostolica
1345 1803 1413 1874 qua
1432 1783 1611 1875 fungimur
1624 1794 1659 1852 et
1677 1805 1723 1854 ex

292 1894 389 1974 parte
408 1882 542 1954 domini
562 1883 671 1953 nostri
689 1882 781 1973 regis
806 1883 950 1952 Franoie
973 1904 1037 1954 vos
1054 1893 1089 1952 et
1104 1895 1260 1951 vestrum
1276 1880 1472 1972 quemlibet
1488 1880 1720 1972 requirimus,

293 1980 464 2072 vobisque
484 1982 693 2050 mandamus
710 1980 878 2072 quatinus
895 2002 939 2050 en
956 1990 1054 2073 parte
1069 1989 1187 2050 nostra
1202 1978 1348 2072 capiatis
1366 1978 1468 2048 talem
1485 1978 1530 2048 de
1550 1977 1610 2048 tali
1631 1979 1721 2065 loco,

290 2090 503 2170 captumque
527 2079 672 2148 tradatis
694 2077 753 2147 tali
780 2078 909 2148 nuncio
936 2089 1055 2149 nostro
1079 2075 1152 2170 (ccl
1170 2076 1230 2146 tali
1255 2076 1392 2147 notario
1418 2074 1639 2160 nostro,ch
1664 2076 1723 2146 tali

291 2176 427 2245 custodi
455 2176 544 2245 rnuri
572 2176 819 2268 inquisitorum
847 2173 1031 2268 Tbolose)‚
1061 2174 1161 2244 latori
1189 2173 1428 2267 presentium,
1455 2194 1560 2266 quem
1586 2173 1631 2243 ad
1657 2173 1723 2245 boc

291 2273 490 2364 specialiter
509 2273 748 2358 destinamus,
772 2295 834 2366 per
859 2268 900 2368 [1ο
927 2274 947 2341 3
976 2269 1012 2369 d]
1042 2273 1194 2342 eundern
1222 2271 1267 2341 ad
1293 2292 1357 2342 nos
1381 2271 1448 2340 sub
1472 2283 1566 2341 certa
1592 2281 1627 2340 et
1650 2269 1720 2341 lida

292 2370 449 2441 custodia
469 2372 732 2464 perducendum
754 2370 800 2442 ad
819 2369 1105 2463 respondendum
1125 2370 1227 2440 nobis
1247 2368 1293 2438 de
1312 2367 1383 2439 fide
1400 2381 1435 2439 et
1455 2369 1500 2440 de
1517 2369 1572 2438 bis
1589 2390 1659 2460 que
1676 2369 1723 2438 ad

292 2465 395 2537 fidem
417 2480 453 2537 et
471 2468 624 2539 officium
650 2468 888 2560 inquisitionis
908 2469 1010 2539 nobis
1030 2468 1217 2539 commisse
1243 2467 1420 2559 pertinent
1446 2467 1481 2536 in
1512 2467 1659 2556 negocio
1688 2477 1724 2537 et

292 2584 396 2635 causa
415 2565 497 2637 fidei
517 2567 724 2651 veritatem
748 2565 955 2637 mandantes
974 2566 1076 2635 vobis
1099 2564 1346 2636 nichilominus
1362 2576 1398 2634 et
1413 2564 1578 2636 omnibus
1593 2585 1633 2634 ac
1651 2564 1723 2633 sin-

293 2663 384 2754 gulis
401 2665 565 2756 gentibus
586 2686 650 2734 seu
670 2663 879 2735 officialibus
895 2664 1028 2734 domini
1046 2664 1154 2733 nostri
1176 2664 1267 2753 regis
1285 2674 1320 2732 et
1333 2660 1482 2733 aliorum
1499 2662 1722 2731 dominorum

293 2782 381 2852 qnos
401 2763 491 2833 lator
512 2763 729 2855 presentium
751 2762 893 2832 duxerit
911 2761 1159 2854 requirendos,
1186 2773 1222 2828 nt
1242 2761 1276 2828 iu
1298 2759 1462 2830 omnibns
1478 2760 1607 2852 quibus
1628 2759 1721 2829 indi-

293 2861 408 2952 guerit
428 2881 469 2930 ac
486 2882 550 2930 vos
570 2882 632 2930 seu
651 2860 804 2951 aliquem
824 2881 870 2929 ex
887 2860 973 2953 ipsis
993 2859 1212 2951 requisierit,
1231 2859 1264 2926 in
1287 2857 1453 2951 predictis
1469 2868 1505 2927 ct
1521 2878 1561 2926 ea
1583 2868 1725 2947 tangen-

294 2959 407 3044 tibus,
430 2958 643 3052 impendatis
663 2957 777 3027 eidem
800 2969 999 3050 promptum
1020 2955 1192 3026 auxilium
1219 2967 1254 3026 et
1277 2955 1462 3027 consilium
1488 2966 1723 3048 oportunum,

295 3057 328 3124 in
354 3056 536 3148 premissis
557 3055 673 3126 taliter
700 3076 764 3125 vos
789 3053 961 3125 babentes
987 3074 1032 3123 ne
1057 3054 1197 3146 possitis
1217 3053 1426 3147 reprebendi
1448 3054 1493 3124 de
1512 3052 1726 3144 negligentia

294 3154 347 3223 vel
376 3154 536 3238 delectu,
560 3164 617 3224 set
641 3153 763 3246 pocius
783 3153 828 3222 de
847 3151 923 3223 zelo
943 3150 1026 3221 fidei
1047 3163 1082 3221 et
1101 3151 1302 3222 obedientia
1326 3150 1451 3221 merito
1468 3150 1723 3222 commendari.

293 3251 416 3320 Datum
440 3250 611 3332 Tholose,
635 3262 703 3322 etc.
725 3249 874 3321 Reddite
895 3248 1030 3321 litteras
1050 3248 1234 3338 sigillatas.

296 3343 347 3444 [F0
367 3346 387 3416 1
408 3345 442 3446 a]
472 3348 678 3420 Secundum
704 3348 915 3419 varietatem
934 3369 1018 3418 cero
1036 3346 1266 3438 uepociorum
1288 3368 1396 3439 super
1427 3345 1550 3440 quibus
1572 3346 1728 3418 citantur

341 3468 505 3538 persone,
532 3447 727 3517 variantur
750 3467 853 3517 cause
878 3468 945 3541 quc
971 3443 1262 3515 scortationis
1288 3444 1460 3515 citatoriis
1496 3443 1729 3539 exprimenda

342 3542 526 3614 talimpulo
545 3574 555 3612 .·

344 3640 577 3711 Personaliter
603 3651 806 3735 compareat
833 3663 949 3714 coram
978 3641 1100 3727 nobis,
1123 3641 1257 3711 litteras
1277 3640 1548 3733 penitentiarum
1569 3663 1639 3733 que
1661 3641 1728 3712 sibi

297 3741 437 3810 luerunt
454 3739 617 3832 imposita
636 3749 671 3809 et
690 3740 846 3830 injuncte
865 3762 927 3833 pro
947 3739 1015 3810 biis
1035 3760 1104 3831 que
1124 3738 1206 3810 olim
1227 3737 1402 3809 commisit
1427 3738 1461 3807 in
1482 3739 1574 3808 lucto
1594 3739 1728 3810 beresis

297 3849 330 3907 et
350 3837 500 3930 qualiter
527 3858 587 3907 eas
613 3836 844 3930 compleverit
873 3848 1099 3924 ostensurus,
1126 3847 1162 3907 et
1185 3837 1388 3907 mandatum
1413 3847 1448 3906 et
1471 3836 1729 3908 ordinationem

298 3948 450 4006 nostram
480 3956 587 4028 super
621 3935 689 4007 boc
714 3935 919 4022 auditurus,
949 3946 984 4005 ct
1015 3935 1169 4005 facturus
1193 3933 1281 4004 alias
1309 3934 1404 4027 quod
1435 3933 1542 4004 luerit
1567 3934 1726 4005 rationis.

296 4033 420 4102 Datum
438 4031 608 4119 Tholose,
630 4042 698 4104 etc.
735 4032 797 4102 Vel
810 4032 861 4104 sic
881 4059 892 4101 .·
914 4033 1147 4103 Personaliter
1170 4045 1371 4125 compareat
1395 4053 1511 4102 coram
1533 4030 1634 4102 nobis
1652 4053 1727 4102 res·

298 4152 473 4224 pensurus
504 4150 677 4224 supereo
710 4130 806 4222 quod
835 4152 958 4201 cruces
991 4131 1057 4201 sibi
1089 4129 1231 4200 nomine
1254 4130 1446 4223 penitentie
1477 4129 1659 4222 impositas
1684 4129 1729 4200 ud

297 4229 506 4321 portandum
528 4229 659 4299 dicitur
680 4248 749 4298 nou
771 4239 935 4321 portare,
957 4243 993 4299 et
1012 4229 1214 4298 mandatnm
1241 4239 1276 4298 et
1294 4227 1551 4300 ordinationem
1573 4238 1729 4299 nostram

297 4347 403 4419 super
428 4326 497 4397 boc
525 4325 734 4412 auditurus,
767 4337 805 4419 et
830 4326 986 4397 facturus
1016 4335 1120 4420 prout
1152 4324 1256 4396 luerit
1290 4324 1447 4396 rationis.
1483 4324 1610 4395 Datum
1639 4324 1731 4396 Tho·

298 4424 389 4508 lose,
411 4435 479 4495 etc.

346 4520 399 4591 Et
416 4524 464 4593 sic
481 4522 526 4593 dc
543 4521 624 4593 aliis
642 4519 880 4592 consimilibus
898 4520 1036 4595 cautus
1054 4527 1158 4614 utque
1176 4519 1291 4591 causis
1310 4520 1325 4611 (
1351 4519 1379 4613 ).

334 4779 369 4846 tl)
385 4776 423 4832 be
437 4794 491 4834 ms.
509 4777 560 4834 388
576 4778 671 4834 donne
686 4794 719 4833 ce
736 4794 858 4850 passage
874 4777 980 4849 depuis
991 4778 1151 4833 Secrurduur
1164 4783 1327 4833 caructotem
1342 4793 1404 4832 uero
1419 4780 1505 4849 apres
1520 4777 1546 4832 le
1562 4794 1589 4831 n.
1609 4778 1634 4832 l.
