4574 6404
420 637 492 708 toi
710 651 872 705 rntcrtot
899 652 1140 718 tuontstrtortts
1168 651 1331 704 unnnrtcn
1357 652 1569 705 rnnvtrtrts

423 823 493 884 tam
514 811 561 881 de
583 831 623 880 se
642 831 747 902 qnam
766 810 810 879 de
830 809 908 878 aliis
926 811 1137 897 veritatem,
1159 823 1193 880 et
1218 809 1435 900 abjuraverit
1464 832 1603 882 omnem
1625 811 1800 901 heresim,
1823 825 1860 884 et

422 909 668 981 reconsiliatus
698 910 802 977 luerit
830 907 984 978 Ecclesia
1010 908 1159 996 unitati,
1190 911 1221 978 si
1248 908 1488 978 verisimiliter
1524 924 1670 1002 apparet
1698 913 1860 1003 penitens

427 1001 469 1104 [1ο
491 1006 559 1075 160
578 1001 613 1103 a]
634 1017 669 1075 et
689 1027 759 1077 non
781 1005 924 1074 timetur
943 1005 988 1075 de
1008 1007 1084 1097 ejus
1104 1007 1207 1098 fuga,
1235 1027 1299 1076 nec
1317 1005 1362 1075 de
1379 1007 1455 1096 ejus
1474 1011 1701 1100 corruptione
1720 1020 1781 1079 ant
1801 1030 1860 1080 re·

424 1105 542 1198 lapsu,
561 1105 628 1173 nisi
648 1103 744 1173 aliud
764 1103 924 1187 obsistat,
946 1104 1023 1173 talis
1039 1104 1218 1174 relaxatur
1231 1125 1310 1174 cum
1327 1102 1547 1193 fidejussoria
1564 1110 1727 1178 cautione
1748 1129 1863 1200 usque

425 1202 470 1273 ad
499 1212 637 1294 tempus
662 1202 696 1269 in
724 1222 795 1293 quo
820 1222 937 1270 sermo
967 1202 1215 1294 inquisitorum
1240 1199 1313 1289 liat,
1337 1200 1396 1271 nbi
1423 1223 1501 1271 curn
1530 1203 1608 1272 aliis
1628 1205 1860 1296 penitentiam

425 1301 574 1393 accipiat
591 1299 636 1369 de
658 1299 868 1369 commissis.

473 1397 508 1467 st
537 1419 623 1467 vero
650 1397 778 1488 aliquis
805 1407 990 1487 suspectus
1026 1408 1087 1466 aut
1111 1398 1248 1467 delatus
1280 1408 1340 1466 aut
1369 1398 1557 1468 infamatus
1588 1399 1643 1469 vel
1674 1412 1860 1471 accusatus

427 1496 531 1565 fuerit
549 1495 594 1565 de
613 1496 759 1564 crimine
779 1494 927 1578 heresis,
946 1495 1023 1564 talis
1043 1496 1183 1580 citatus,
1204 1496 1233 1565 si
1256 1496 1407 1566 noluerit
1425 1494 1598 1579 confiteri,
1622 1498 1801 1568 detinetur
1822 1499 1860 1567 in

425 1615 566 1663 carcere
586 1593 700 1662 donec
721 1592 850 1661 veritas
868 1591 1060 1679 habeatur,
1081 1593 1302 1664 considerata
1324 1604 1439 1663 tamen
1461 1595 1670 1666 condicione
1688 1607 1722 1666 et
1741 1594 1859 1687 quali-

425 1700 497 1761 tate
515 1712 665 1785 persone
683 1711 723 1759 ac
750 1690 853 1760 etiam
876 1691 1044 1780 qualitate
1070 1702 1105 1760 et
1131 1691 1334 1762 conditione
1357 1692 1568 1784 suspicionis
1588 1703 1623 1762 et
1651 1693 1783 1764 delicti.
1806 1694 1862 1763 ln·

424 1790 563 1858 terdum
586 1800 701 1858 tamen
722 1789 801 1858 talis
828 1787 1043 1857 relaxatura
1065 1810 1206 1859 carcere
1232 1811 1311 1858 cum
1334 1787 1555 1879 fidejussoria
1575 1793 1756 1875 cautione,
1780 1812 1860 1883 pre·

426 1888 545 1956 sertim
567 1887 626 1955 ubi
648 1908 717 1955 non
741 1887 844 1980 plene
866 1886 1034 1976 probatur
1048 1898 1170 1957 contra
1188 1909 1289 1971 eum,
1309 1898 1370 1956 aut
1391 1908 1459 1957 non
1480 1887 1613 1957 directe
1631 1903 1685 1957 set
1704 1912 1722 1958 a
1752 1888 1863 1960 latere

427 1997 633 2067 accusatur,
660 1998 720 2053 aut
744 1984 959 2075 suspitiones
987 2005 1057 2054 nun
1085 1995 1166 2054 sunt
1193 1984 1441 2068 vehementes,
1471 1984 1584 2054 donec
1611 1987 1680 2056 alio
1705 1999 1866 2079 ternpore

425 2083 565 2175 plenius
592 2094 760 2175 appareat
785 2080 918 2172 aliquid
946 2081 1041 2151 aliud
1066 2093 1186 2153 contra
1213 2085 1352 2173 ipsum3
1383 2093 1417 2152 et
1443 2083 1618 2152 interdum
1644 2088 1748 2153 etiam
1775 2084 1864 2153 tales

427 2192 645 2250 arrestantur
666 2181 742 2250 loco
758 2180 925 2264 carceris,
951 2191 987 2248 ut
1007 2191 1101 2249 stent
1116 2180 1160 2250 ad
1179 2191 1312 2273 portam
1332 2181 1458 2251 domus
1478 2180 1697 2270 inquisitoris
1712 2181 1863 2272 singulis

427 2278 553 2348 diebus
573 2300 686 2371 usque
704 2279 747 2348 ad
764 2276 886 2347 horam
911 2278 1049 2369 prandii
1067 2289 1102 2347 et
1120 2289 1198 2370 post
1217 2277 1401 2369 prandium
1421 2279 1593 2369 usquead
1613 2280 1732 2350 boram
1751 2300 1860 2364 cene,

426 2386 461 2446 et
480 2399 550 2445 non
572 2377 738 2446 recedant
755 2376 800 2445 de
821 2386 919 2467 porta
937 2377 1014 2446 sine
1032 2376 1173 2445 licentia
1195 2375 1426 2466 inquisitoris.

474 2473 744 2545 Advertendum
774 2485 890 2542 tamen
911 2473 1005 2564 quod
1031 2473 1065 2541 in
1088 2473 1145 2543 tali
1166 2474 1397 2544 arrestatione
1416 2475 1498 2544 olim
1527 2476 1753 2567 quamplures
1780 2475 1862 2568 plns

427 2572 632 2643 defecerunt
657 2593 761 2663 quam
789 2572 1034 2664 profecerunt,
1066 2572 1220 2642 maxime
1245 2571 1388 2662 quando
1408 2582 1508 2641 erant
1534 2573 1580 2641 ibi
1603 2574 1720 2664 plores
1739 2573 1863 2656 simul,

426 2673 509 2762 qnia
531 2681 652 2741 mutuo
672 2692 711 2740 se
731 2667 966 2740 informabant
981 2680 1015 2738 et
1032 2669 1272 2751 obdurabant,
1292 2669 1383 2738 sicut
1403 2670 1624 2762 postmodum
1642 2678 1863 2764 compertum

426 2779 532 2839 estet
550 2779 724 2860 apertum.

477 2865 626 2949 Quando
647 2888 732 2937 vero
752 2866 880 2957 aliquis
899 2865 1129 2934 uehementer
1149 2876 1333 2958 suspectus
1358 2875 1392 2934 et
1416 2865 1655 2935 verisimiliter
1674 2865 1863 2959 culpabilis

428 2964 534 3034 fuerit
552 2985 596 3034 ex
622 2963 863 3056 probabilibus
883 2962 1117 3052 conjecturis,
1146 2974 1180 3033 et
1200 2963 1244 3033 de
1270 2961 1337 3033 boc
1357 2963 1574 3053 inquisitoris
1594 2965 1733 3033 animus
1753 2966 1865 3035 ratio·
1910 3046 1913 3055 Ι

429 3062 593 3131 nabiliter
610 3063 715 3132 fuerit
727 3062 948 3144 informatus,
966 3071 1000 3129 et
1012 3060 1090 3129 talis
1105 3061 1301 3131 obstinatos
1316 3061 1415 3130 sitad
1429 3059 1667 3131 confitendum
1688 3057 1729 3157 [f0
1742 3060 1811 3129 160
1822 3058 1862 3159 b]

426 3169 462 3230 et
482 3158 645 3252 persistat
664 3161 698 3228 in
721 3160 901 3250 negando,
924 3161 1014 3227 sicut
1034 3158 1165 3250 pluries
1186 3159 1258 3228 vidi
1281 3158 1398 3251 plures
1418 3157 1619 3248 btrjusmodi
1643 3181 1721 3229 esse
1746 3159 1862 3250 tales,

427 3277 499 3328 non
519 3272 572 3327 est
592 3258 790 3349 aliqualiter
812 3256 1044 3339 relaxandus,
1073 3266 1127 3326 set
1153 3256 1366 3326 detinendus
1395 3277 1457 3347 per
1481 3278 1592 3326 annos
1621 3257 1791 3348 plurimos
1820 3267 1862 3326 ut

426 3358 571 3426 vexatio
589 3356 649 3425 det
668 3355 901 3440 intellectum;
924 3363 958 3423 et
974 3354 1181 3424 multociens
1202 3354 1277 3423 vidi
1296 3353 1340 3423 de
1359 3352 1537 3444 aliquibus
1553 3355 1647 3446 quod
1666 3355 1717 3423 sic
1737 3358 1864 3424 vexati

427 3462 463 3522 et
483 3452 643 3544 pluribus
661 3453 762 3523 annis
783 3451 914 3522 detenti
934 3451 1087 3521 confessi
1107 3452 1248 3521 luerunt
1267 3451 1432 3538 tandem,
1460 3473 1531 3522 non
1555 3452 1669 3521 solum
1690 3454 1736 3522 de
1755 3453 1864 3522 novis

427 3560 482 3620 set
502 3551 605 3620 etiam
628 3550 672 3620 de
692 3551 872 3621 veteribus
887 3559 922 3618 et
935 3551 1104 3640 antiquis,
1127 3549 1172 3619 de
1184 3549 1296 3619 XXX*
1311 3548 1413 3618 annis
1430 3549 1525 3619 etde
1542 3550 1614 3618 XLa
1626 3561 1661 3618 et
1676 3570 1798 3641 supra.

429 3805 487 3869 14.
513 3806 647 3870 Forma
673 3807 914 3870 instrumenti
946 3806 1187 3882 obligationis
1219 3804 1459 3884 fideijussorie
1488 3805 1673 3868 cautionis
1703 3806 1866 3885 alicujus

958 3912 1116 3976 confessi
1131 3912 1335 3976 relaxandi.

478 4131 515 4198 ln
527 4130 669 4200 nomine
688 4130 840 4217 Domini,
863 4130 1327 4201 amenNoverintnniversi
1346 4129 1412 4201 boc
1425 4151 1569 4222 presens
1590 4131 1864 4199 instrumentum

430 4228 610 4321 publicum
629 4230 820 4320 inspecturi
837 4231 946 4319 quod,
963 4249 1056 4298 anno
1070 4230 1228 4318 ejusdem
1244 4227 1381 4297 Domini
1396 4229 1475 4308 tali,
1494 4228 1643 4297 kalenda
1661 4227 1718 4296 tali
1734 4237 1770 4297 et
1783 4228 1864 4300 loco

430 4326 513 4412 tali,
541 4326 620 4395 talis
641 4326 682 4393 N.
706 4325 751 4394 de
776 4326 832 4394 tali
853 4327 949 4410 loco,
979 4325 1056 4394 talis
1076 4326 1255 4418 dyocesis,
1276 4326 1423 4396 eductus
1443 4327 1487 4395 de
1511 4346 1610 4395 muro
1630 4336 1664 4394 et
1688 4325 1865 4396 adductus

431 4424 475 4493 ad
499 4422 641 4493 domum
664 4424 788 4515 inqua
816 4423 1003 4515 inquisitor
1024 4435 1180 4492 moratur
1199 4425 1233 4492 in
1253 4424 1311 4492 tali
1331 4423 1491 4509 civitate,
1513 4426 1723 4494 constitutus
1742 4444 1864 4493 coram

431 4522 597 4612 religioso
623 4521 702 4592 viro
729 4522 785 4590 tali
813 4522 854 4589 N.
884 4521 1090 4612 inquisitore
1115 4520 1269 4591 heretice
1294 4521 1498 4614 pravitatis,
1528 4522 1563 4589 in
1591 4521 1767 4612 presentia
1792 4524 1864 4592 mei

430 4620 558 4690 notarii
579 4631 614 4689 et
633 4619 772 4688 testium
793 4620 879 4689 infra
896 4619 1124 4711 scriptorum,
1148 4619 1307 4711 promisit
1325 4629 1431 4709 atque
1445 4619 1579 4708 juravit
1596 4640 1701 4710 super
1719 4619 1862 4689 confes·

430 4717 516 4786 satis
536 4730 571 4788 et
590 4716 759 4809 depositis
775 4719 809 4785 iu
823 4717 953 4811 juditio
973 4739 1034 4808 per
1056 4716 1208 4787 eundem
1228 4717 1274 4788 de
1296 4716 1442 4787 crimine
1461 4715 1616 4801 heresis,
1642 4728 1744 4807 prout
1764 4716 1801 4783 in
1822 4717 1864 4784 li-

429 4813 505 4884 bris
533 4836 595 4883 seu
615 4815 838 4907 processibus
858 4814 1095 4906 inquisitionis
1118 4818 1337 4900 continetur,
1364 4826 1458 4885 stare
1485 4825 1519 4885 et
1538 4835 1662 4906 parere
1686 4813 1862 4883 mandatis

428 4909 584 4981 Ecclesie
604 4925 638 4982 et
663 4913 931 5004 inquisiturum,
953 4922 989 4982 et
1015 4915 1171 5005 recipere
1197 4933 1238 4983 ac
1263 4913 1441 5005 complere
1460 4933 1599 4983 ornnem
1629 4911 1861 5004 penitentiam

430 5029 534 5098 quam
554 5009 780 5100 inquisitores
798 5011 865 5080 sibi
885 5009 1054 5080 duxerint
1067 5011 1339 5102 injungendam,
1361 5023 1396 5081 et
1415 5011 1538 5081 venire
1557 5010 1601 5081 ad
1620 5010 1714 5080 diem
1734 5019 1770 5078 et
1783 5007 1861 5080 dies

1014 5814 1245 5992 Α
