4574 6404
423 671 493 740 506
711 685 873 738 runcum
900 685 1143 751 rnouisrrioius
1170 687 1333 741 uuuurrcu
1358 688 1571 740 enavimus.

423 851 519 918 tione
543 847 711 940 premissa
734 842 790 938 (l)
818 846 1040 930 destiterint,
1077 859 1257 932 eteorum
1293 847 1365 916 vite
1392 847 1558 918 duxerint
1584 847 1859 918 consulendum.

471 945 538 1015 Eos
560 955 731 1036 preterea,
751 943 811 1034 qui
832 943 982 1013 convicti
1000 944 1034 1013 in
1057 966 1128 1015 uno
1149 945 1226 1016 loco
1245 945 1290 1014 de
1307 944 1422 1015 heresi
1442 944 1487 1014 ad
1508 944 1577 1014 alia
1598 945 1672 1015 loca
1687 967 1726 1015 se
1744 957 1861 1016 trans·

423 1043 560 1128 ierunt,
586 1053 622 1110 ut
641 1042 778 1110 cautius
811 1041 948 1133 possint
968 1041 1154 1113 ellundere
1175 1042 1245 1111 vim
1266 1040 1322 1135 (2)
1347 1041 1501 1112 heretice
1528 1043 1731 1135 pravitatis,
1755 1043 1859 1114 debi-

424 1156 491 1210 tam
519 1159 706 1209 censemus
737 1138 856 1208 subire
886 1139 1100 1223 vindictam,
1138 1151 1174 1208 ut
1208 1161 1315 1232 super
1343 1139 1409 1210 hoc
1439 1161 1502 1231 per
1532 1140 1627 1209 viros
1661 1141 1861 1212 abeodem

425 1232 465 1333 [l⁰
487 1234 555 1306 tol
576 1232 613 1334 d]
642 1257 761 1306 errore
780 1257 976 1307 conversos
995 1236 1039 1306 ad
1059 1236 1173 1311 ¹iidem
1186 1291 1197 1328 ,
1227 1258 1361 1307 necnon
1391 1249 1426 1307 et
1454 1258 1516 1330 per
1542 1237 1629 1308 alios
1653 1239 1712 1330 qui
1733 1260 1795 1311 eos
1816 1239 1863 1311 de

422 1335 537 1405 heresi
559 1334 809 1416 convicerunt,
831 1334 928 1425 quod
949 1335 984 1403 in
1003 1333 1070 1405 hoc
1085 1356 1168 1405 casu
1185 1334 1413 1406 concedimus
1430 1335 1522 1404 licite
1539 1336 1757 1422 laciendum,
1780 1338 1863 1408 evi-

422 1431 510 1503 dens
533 1433 770 1502 testimonium
788 1431 973 1501 habeatur.

472 1531 577 1612 ltem,
601 1531 722 1599 mortis
742 1529 916 1599 sententie
935 1530 1107 1601 duximus
1127 1531 1363 1617 addicendos,
1387 1532 1416 1599 si
1437 1552 1526 1622 quos
1551 1531 1784 1602 hereticorum
1815 1532 1862 1603 ad

417 1627 588 1722 juditium
613 1639 761 1714 tractos,
792 1629 828 1694 iu
860 1639 1020 1698 extremo
1046 1633 1118 1699 vite
1153 1630 1309 1722 periculo
1335 1629 1484 1698 heresim
1512 1628 1732 1718 abjurantes,
1762 1643 1859 1724 post-

424 1727 566 1797 modum
587 1725 632 1795 de
652 1725 740 1796 falso
758 1726 960 1814 juramento
981 1727 1179 1797 constiterit
1197 1738 1233 1796 et
1253 1726 1322 1797 lide
1344 1726 1487 1796 mentita
1512 1729 1696 1812 convinci,
1728 1749 1770 1798 ac
1797 1749 1861 1799 eos

422 1823 607 1914 contigerit
637 1822 795 1913 ejusdem
831 1823 941 1893 morbi
982 1837 1211 1916 spontaneam
1249 1826 1429 1895 incurrere
1469 1824 1681 1910 recidivam,
1718 1837 1756 1894 ut
1791 1825 1860 1896 sibi

423 1920 683 2013 dampnabilius
709 1920 877 2012 iniquitas
904 1921 950 1990 sit
973 1922 1138 2004 mentita,
1165 1933 1204 1992 et
1222 1944 1345 2015 penam
1367 1921 1520 1991 debitam
1546 1923 1765 1993 mendacium
1788 1945 1861 1995 non

425 2020 567 2089 evadat.

471 2116 582 2186 Omne
602 2118 744 2208 insuper
764 2117 1045 2208 proclamationis
1058 2129 1093 2187 et
1111 2117 1355 2211 appellationis
1374 2116 1584 2188 beneficium
1604 2119 1649 2186 ab
1669 2118 1858 2208 hereticis,

425 2215 700 2307 receptatoribus
732 2226 767 2284 et
794 2215 989 2286 lautoribus
1015 2215 1219 2287 eorumdem
1250 2218 1388 2307 penitus
1418 2236 1646 2298 amovemus,
1675 2216 1859 2304 volentes,

428 2324 465 2382 ut
484 2313 529 2382 de
549 2310 678 2382 linibus
699 2312 857 2404 imperii,
880 2312 914 2380 in
936 2314 1065 2406 quibus
1083 2334 1224 2405 semper
1243 2313 1349 2382 debet
1368 2313 1522 2383 existere
1542 2313 1610 2384 fida
1632 2313 1739 2399 fides,
1757 2314 1864 2385 bere-

428 2411 495 2481 tice
513 2411 602 2481 labis
622 2411 799 2501 genimina
821 2409 934 2482 modis
953 2412 1118 2481 omnibus
1138 2411 1336 2481 deleantur.

472 2508 650 2593 Ceterum,
675 2509 757 2600 quia
788 2520 921 2600 quanto
943 2511 1073 2598 majora
1096 2509 1218 2579 divine
1244 2519 1330 2576 nutu
1351 2509 1587 2580 miserationis
1606 2510 1807 2602 accepimus
1827 2522 1864 2582 et

423 2607 581 2676 altiorem
604 2607 716 2677 locum
739 2629 800 2698 pre
819 2605 900 2677 liliis
921 2606 1107 2678 hominum
1126 2607 1346 2698 optinemus,
1372 2616 1468 2676 tanto
1484 2607 1667 2678 devotiora
1687 2608 1864 2680 debemus

425 2705 593 2796 obsequia
614 2704 839 2795 gratitudinis
863 2705 1084 2789 conferenti,
1107 2704 1295 2796 siquando
1322 2703 1355 2777 io
1376 2707 1485 2774 nostri
1507 2706 1657 2774 nominis
1677 2717 1863 2801 contemp·
1886 2784 1890 2788 ⁸

426 2815 518 2872 tores
533 2805 642 2872 nostri
661 2802 824 2873 culminis
842 2802 1048 2873 exardescit
1065 2800 1118 2896 (3)
1138 2804 1347 2886 auctoritas,
1367 2801 1396 2870 si
1419 2823 1497 2873 reos
1519 2803 1591 2873 lese
1612 2805 1804 2893 majestatis
1825 2806 1863 2873 in

425 2901 584 2992 personis
605 2923 725 2970 eorum
747 2912 782 2971 et
802 2899 995 2971 liberorum
1018 2922 1162 2970 suorum
1177 2899 1454 2970 exheredatione
1471 2901 1725 2991 dampnamus,
1749 2902 1865 2975 multo

426 2999 548 3067 lortius
561 3001 760 3090 iustiusque
779 3012 900 3068 eontra
923 2998 985 3068 Dei
1014 2998 1280 3068 blasfematores
1303 2994 1344 3092 [l0
1362 2997 1431 3065 tot
1451 2994 1485 3094 a]
1509 2999 1661 3068 nominis
1681 3011 1716 3069 et
1735 3000 1862 3071 catho-

424 3096 488 3165 lice
509 3095 591 3165 lidei
609 3096 859 3167 detractatores
878 3116 1122 3187 provocamur,
1145 3096 1353 3166 eorumdem
1374 3096 1623 3183 hereticorum,
1649 3097 1861 3184 lautorum,

425 3206 680 3284 receptatorum
705 3205 740 3264 et
767 3193 1022 3265 advocatorum
1053 3215 1222 3277 suorum,
1252 3193 1401 3263 heredes
1429 3204 1464 3281 et
1492 3207 1649 3286 posteros
1677 3196 1863 3286 usquead

424 3292 614 3360 secundam
629 3293 846 3383 progeniem,
869 3291 1056 3361 beneficiis
1077 3292 1213 3362 cunctis
1234 3291 1498 3383 temporalibus,
1521 3292 1669 3384 puhlicis
1687 3291 1814 3364 ciliciis
1827 3305 1865 3365 et

426 3389 617 3459 honoribus
639 3389 810 3483 imperiali
831 3391 1044 3460 auctoritate
1067 3393 1263 3481 privantes,
1288 3400 1325 3458 ut
1345 3393 1381 3457 in
1403 3391 1538 3481 paterni
1560 3391 1726 3461 memoria
1743 3391 1865 3461 crimi-

425 3487 478 3556 nis
500 3509 635 3557 merore
650 3490 818 3558 contiuuo
839 3488 1103 3558 contabescant.
1121 3487 1212 3557 Vere
1230 3488 1396 3571 scientes,
1418 3488 1513 3577 quod
1534 3488 1625 3556 Deus
1641 3489 1771 3559 zelotes
1792 3499 1861 3577 est,

426 3597 565 3676 peccata
588 3597 724 3676 patrum
753 3585 789 3653 iu
810 3584 903 3655 lilios
925 3596 1086 3677 potenter
1114 3585 1299 3656 ulciscens.
1322 3584 1391 3653 Nec
1413 3585 1555 3675 quidem
1576 3606 1595 3654 a
1621 3586 1865 3658 misericordie

426 3680 554 3752 linibus
574 3684 743 3753 duximus
767 3682 1016 3753 excludendos
1036 3680 1109 3777 (4),
1134 3693 1170 3752 ut
1196 3683 1225 3753 si
1247 3683 1307 3774 qui
1328 3693 1471 3774 paterne
1489 3682 1624 3752 heresis
1645 3705 1714 3753 nou
1732 3705 1865 3776 sequa·

425 3801 506 3863 ces,
530 3781 695 3850 latentem
716 3791 854 3872 patrum
871 3779 1052 3873 perfidiam
1068 3780 1318 3865 revelaverint,
1339 3801 1561 3872 quacumque
1583 3793 1698 3850 reatus
1719 3780 1864 3853 illorum

425 3879 735 3948 animadversione
767 3879 961 3971 plectatur,
1003 3879 1159 3971 predicte
1198 3878 1369 3970 punitioni
1408 3900 1480 3949 non
1518 3880 1722 3969 subjaceant
1760 3880 1866 3952 inuo-

425 3977 539 4045 centie
562 3974 613 4069 (5)
631 3975 796 4046 filiorum.

474 4074 526 4142 Ad
548 4073 612 4143 hec
635 4085 754 4145 uotum
777 4073 852 4144 lieri
874 4075 1060 4157 volumus,
1085 4075 1210 4144 iratres
1230 4073 1467 4165 predicatores
1488 4075 1532 4143 de
1553 4075 1679 4144 ordine
1697 4074 1865 4146 Predica-

428 4184 555 4263 torum,
571 4193 632 4263 pro
649 4170 729 4241 fidei
750 4173 894 4262 negocio
913 4172 946 4241 in
967 4173 1123 4265 partibus
1137 4172 1274 4264 imperii
1294 4172 1403 4242 nostri
1419 4183 1539 4242 contra
1558 4171 1732 4242 hereticos
1753 4173 1864 4266 depu-

430 4282 534 4348 tatos,
564 4281 700 4340 ceteros
730 4291 872 4361 quoque
904 4269 965 4361 qui
993 4270 1037 4340 ad
1072 4269 1247 4340 hereticos
1274 4269 1487 4359 judicandos
1523 4271 1753 4355 accesserint,
1795 4271 1863 4341 nisi

427 4368 534 4457 aliqui
557 4388 678 4436 eurum
699 4368 744 4436 ab
766 4366 914 4459 imperio
936 4367 1066 4437 luerint
1086 4367 1290 4460 proscripti,
1322 4368 1461 4455 eund0,
1491 4366 1661 4438 morando
1683 4364 1760 4461 (6),
1783 4389 1866 4440 esse

462 4599 499 4664 (l)
517 4598 629 4660 Pluuio,
646 4596 719 4650 daos
736 4596 827 4651 Pertz.

462 4696 498 4762 (2)
522 4696 610 4749 Virus.
634 4696 704 4750 tnta.

462 4793 497 4858 (3)
516 4795 702 4848 Excandescit.
728 4795 798 4848 ibid.

461 4893 496 4957 (4)
515 4893 730 4947 Euctudcndum.
751 4892 821 4946 ibid.

462 4988 497 5057 (ὁ)
515 4989 658 5057 Subjoccot
674 4992 840 5056 innocentio.
867 4990 936 5043 lbid.
983 5016 984 5019 ¹

463 5086 499 5152 (ti)
517 5088 549 5139 lit
563 5086 708 5139 redeundo.
737 5086 805 5140 tttd.
