4574 6404
852 699 971 753 101111
997 700 1093 752 rans.
1643 681 1688 750 97

259 855 340 950 quia
369 876 441 925 non
472 876 595 926 010000
624 855 796 948 equaliter
823 871 1078 951 peccaverunt,
1110 858 1165 928 vel
1195 880 1239 929 ex
1267 857 1444 950 aliquibus
1470 857 1548 928 aliis
1575 858 1690 928 causis

258 953 414 1047 parcitur
433 953 609 1063 aliquibus
630 955 790 1046 personis
810 976 829 1024 a
851 955 1193 1048 peregrinationibus
1221 955 1333 1046 magis
1352 954 1584 1040 distantibus,
1608 967 1690 1025 tuno

253 1050 529 1142 ¹convenientior
556 1062 592 1121 01
617 1051 900 1144 compendiosior
929 1055 1054 1124 modus
1078 1053 1255 1124 scribendi
1283 1053 1419 1144 estqui
1449 1052 1611 1144 superius
1638 1064 1692 1123 est

258 1170 447 1241 expressus
463 1147 531 1219 boc
551 1149 681 1220 modo·
704 1148 1013 1242 Pereprrnauones
1036 1174 1102 1245 que
1126 1144 1395 1222 continebuntur
1421 1148 1603 1219 intineris
1626 1171 1692 1243 que

260 1245 353 1317 vota
368 1268 477 1338 super
495 1247 558 1317 ltoc
576 1246 826 1331 concedentur,
846 1262 936 1329 010,
961 1261 1135 1341 utsupra

308 1343 519 1414 Notandum
543 1346 636 1436 quod
667 1345 892 1436 inquisitores
919 1305 1072 1421 bereticc
1099 1346 1280 1440 pravitatis
1307 1346 1339 1413 in
1366 1345 1522 1437 partibus
1548 1344 1688 1416 Carcas-

260 1441 495 1529 sonensibas,
519 1441 746 1513 Albiensibus
766 1455 801 1512 et
820 1444 1043 1530 Tholosanis,
1065 1467 1108 1536 01(
1130 1465 1226 1513 more
1247 1456 1281 1514 et
1302 1465 1365 1513 usu
1386 1439 1426 1540 [1)
1446 1443 1490 1510 53
1511 1439 1543 1540 c]
1567 1442 1611 1513 ab
1628 1464 1691 1513 an-

262 1539 375 1632 tiquo,
397 1539 519 1610 dicunt
545 1562 606 1611 scu
629 1541 810 1613 nominant
834 1542 869 1611 in
891 1542 1014 1612 litteris
1032 1552 1067 1613 01
1088 1543 1186 1612 libris
1207 1543 1281 1611 suis
1304 1541 1603 1633 peregrinationes
1622 1562 1692 1611 ma-

258 1637 352 1728 jores
381 1659 451 1729 que
475 1648 558 1707 suut
584 1650 682 1708 entra
712 1637 798 1709 lines
826 1641 924 1729 regni
949 1640 1093 1710 Francie
1117 1637 1188 1732 (t),
1211 1650 1361 1731 quatuor
1387 1637 1552 1709 videlicet
1574 1637 1690 1708 Sancti

256 1734 375 1806 Jacobi
404 1735 449 1805 de
483 1735 737 1828 Compostella‚
765 1737 970 1807 Sanctorum
989 1737 1235 1828 Apostolorum
1264 1737 1354 1807 Petri
1384 1750 1418 1806 et
1445 1735 1539 1805 Pauli
1557 1736 1688 1824 Ronre,
1779 1742 1781 1746 ’

256 1832 373 1903 Sancti
397 1832 529 1904 Thome
554 1834 588 1902 in
616 1833 799 1903 Cantuaria
828 1848 862 1904 et
880 1835 995 1904 Trium
1014 1836 1146 1926 Regum
1173 1836 1218 1905 de
1235 1833 1390 1905 Colonia.
1412 1834 1454 1903 Et
1471 1833 1690 1925 aliquociens

258 1931 296 2000 in
325 1932 608 2022 peregrinatione
624 1932 828 2001 Sanctorum
850 1933 1096 2025 Apostolorum
1121 1933 1210 2002 Petri
1238 1944 1274 2002 et
1297 1931 1391 2001 Pauli
1415 1931 1524 2003 Rome
1550 1932 1692 2002 additur

258 2040 298 2097 ut
325 2028 374 2098 ibi
394 2029 609 2120 quindenam
639 2029 788 2115 iaciant,
810 2033 957 2100 aliorum
984 2042 1183 2101 sauctorum
1212 2031 1331 2098 limina
1358 2041 1393 2099 ct
1417 2029 1583 2103 ecclesias
1603 2033 1690 2101 visi-

259 2125 388 2209 tando,
412 2138 554 2219 propter
580 2126 708 2196 multas
734 2140 769 2196 et
797 2150 941 2219 magnas
967 2128 1211 2219 indulgencias
1238 2150 1308 2219 que
1335 2128 1465 2196 ibidem
1493 2148 1512 2195 a
1536 2132 1691 2198 romanis

259 2222 486 2314 pontificibus
501 2225 728 2294 visitantibus
746 2239 781 2296 et
800 2228 1105 2319 peregrinantibus
1125 2237 1207 2296 sunt
1225 2246 1406 2295 concesse.

304 2321 390 2392 ltem
409 2325 710 2415 peregrinationes
725 2321 777 2418 (2)
791 2324 984 2395 mediocres
1000 2347 1062 2395 seu
1076 2327 1229 2396 minores
1241 2325 1423 2394 nominant
1435 2335 1470 2392 et
1481 2318 1693 2420 0101001Ιο01

257 2440 327 2510 que
345 2433 428 2489 sunt
445 2421 534 2489 intra
556 2441 703 2511 regnum
725 2422 868 2493 Francia
888 2434 923 2491 et
941 2425 1032 2492 circa
1050 2422 1254 2504 Rodanum,
1276 2420 1442 2490 videlicet
1459 2420 1564 2490 Beate
1582 2420 1692 2492 lllarie

257 2516 303 2586 de
330 2519 428 2611 Rupe
451 2521 635 2598 amatoris,
659 2519 703 2588 de
728 2519 850 2601 Podio,
881 2520 925 2590 de
952 2520 1050 2590 Valle
1075 2521 1201 2605 viridi,
1224 2518 1318 2588 etde
1337 2517 1478 2588 Tabulis
1497 2520 1533 2586 iu
1552 2518 1689 2589 Monte·

257 2616 446 2706 pessulano
466 2626 500 2686 et
517 2616 782 2703 deSerinban03
805 2621 885 2687 item
905 2618 1021 2688 Sancti
1040 2618 1222 2688 Guiltermi
1243 2617 1288 2686 de
1303 2617 1467 2696 Deserto,
1485 2615 1601 2686 Sancti
1617 2615 1692 2708 Egi-

257 2711 308 2781 dii
327 2715 363 2782 in
382 2713 579 2797 Provincia,
601 2715 717 2784 Sancti
737 2714 828 2784 Petri
848 2717 892 2785 de
912 2715 1029 2787 lllonte
1046 2716 1191 2805 majore,
1211 2714 1337 2785 Sancte
1354 2713 1487 2784 blartbe
1507 2712 1692 2784 (1010100-

256 2830 362 2897 coue,
384 2811 509 2882 Sancte
528 2811 637 2881 illaria
659 2807 865 2902 blagdalene
892 2812 985 2904 apud
1010 2815 1173 2883 Sanctum
1202 2812 1455 2896 Maximinum,
1478 2811 1595 2881 Sancti
1618 2812 1689 2881 An·

256 2908 601 2989 ioniilliennensis,
620 2909 737 2979 Sancti
767 2910 938 2980 lllarcialis
966 2924 1001 2981 et
1019 2912 1136 2981 Sancti
1164 2910 1338 2981 Leonardi
1366 2912 1401 2978 in
1428 2909 1688 2996 lemovicinio,

255 3004 361 3077 Beate
376 3007 486 3077 blarie
505 3006 550 3077 de
569 3006 718 3077 Carnoto
739 3019 774 3077 et
791 3008 907 3078 Sancti
926 3011 1085 3102 Dyonisii
1103 3021 1138 3077 et
1152 3009 1269 3078 Sancti
1285 3008 1455 3078 Ludovrci
1473 3010 1508 3075 in
1529 3007 1688 3093 Francia,

256 3117 293 3175 et
310 3103 428 3175 Sancti
446 3107 607 3175 Severini
624 3107 668 3175 dc
688 3105 903 3197 burdegala,
925 3120 960 3177 01
979 3108 1083 3179 Beate
1100 3105 1209 3176 lllaric
1228 3106 1273 3175 de
1290 3104 1428 3189 Solaco,
1449 3105 1576 3175 Sancte
1595 3105 1690 3175 Fidis

255 3202 302 3273 (10
318 3201 468 3276 Concbis
494 3203 656 3295 dyocesis
674 3203 927 3295 Rutbcnensis,
950 3206 1069 3274 Sancti
1087 3203 1186 3272 Pauli
1201 3203 1453 3289 Narbonensis,
1474 3203 1591 3272 Sancti
1606 3204 1689 3272 Vin-

244 3305 363 3374 ›centii
381 3303 427 3373 de
443 3300 584 3372 Castris.

307 3396 360 3496 [F0
381 3400 427 3469 53
453 3395 490 3496 d]
518 3400 625 3486 ltem,
647 3422 725 3470 cum
751 3400 798 3493 (3)
824 3401 1165 3494 peregrinationibus
1184 3421 1322 3492 semper
1348 3401 1536 3490 injungunt
1567 3402 1690 3469 visita-

256 3501 372 3570 tiones
406 3498 631 3569 ecclesiarum
667 3501 769 3568 annis
802 3500 971 3591 singulis,
1002 3498 1170 3611 quamdiu
1205 3500 1388 3584 vixerint,
1421 3496 1621 3582 iaciendas,
1653 3501 1689 3567 in

255 3597 386 3688 quibus
417 3597 679 3667 visitationibus
712 3618 888 3689 nunquam
919 3611 980 3667 aut
1014 3599 1192 3667 rarissime
1223 3551 1492 3687 dispensantur,
1523 3551 1689 3665 videlicet

255 3694 351 3786 qnod
370 3696 516 3764 visitent
530 3695 712 3764 ecclesiam
728 3695 845 3765 Sancti
857 3695 1024 3787 Stephani
1038 3694 1188 3765 Tbolose
1207 3694 1345 3764 1010010
1363 3693 1580 3763 luventiouis
1595 3693 1689 3782 ejus·

254 3792 336 3863 dem
358 3801 394 3861 et
413 3792 596 3863 ecclesiam
615 3792 735 3861 Sancti
755 3794 934 3863 Saturnini
959 3791 1108 3864 Tbolose
1135 3795 1171 3861 in
1191 3792 1314 3863 octaba
1335 3789 1465 3860 Pascha
1490 3792 1592 3860 annis
1616 3793 1688 3860 sin·

254 3888 373 3982 gulis,
403 3900 439 3959 et
468 3893 609 3959 missam
639 3879 803 3980 majorem
830 3913 874 3961 01(
900 3894 1038 3981 integro
1069 3901 1104 3961 et
1131 3910 1351 3970 sermonem,
1378 3891 1409 3958 si
1445 3887 1506 3958 liat
1534 3887 1686 3974 ibidem,

254 3987 404 4056 audiant
430 3989 639 4079 utrobique,
658 3998 693 4058 01
720 3991 858 4079 signum
883 3992 1010 4059 notarii
1036 3990 1276 4080 inquisitionis
1297 3988 1358 4078 qui
1388 4006 1532 4078 presens
1557 3984 1688 4056 ibidem

255 4085 362 4155 luerit
383 4097 445 4155 aut
471 4086 651 4155 cartellam
677 4097 855 4178 reportent
883 4100 918 4157 01
944 4086 1098 4157 babeant
1122 4086 1167 4156 ab
1193 4087 1316 4156 eodem
1347 4084 1441 4174 quod
1469 4085 1688 4153 visitationes

256 4182 406 4252 iecerint
425 4183 486 4255 illo
503 4205 616 4267 ann03
639 4186 721 4254 item
733 4183 1042 4255 Carcassouensem
1057 4182 1238 4254 ecclesiam
1254 4183 1372 4252 Sancti
1389 4181 1525 4251 Nazarii
1544 4182 1579 4248 in
1601 4181 1690 4251 10010

255 4280 436 4370 ejusdem;
473 4284 555 4350 item
589 4281 691 4351 Albie
725 4282 907 4353 ecclesiam
945 4282 1181 4352 cathedralem
1212 4282 1337 4350 Sancte
1368 4277 1495 4349 Cecilie
1525 4280 1560 4347 in
1599 4277 1688 4349 10010

256 4378 439 4467 ejusdem3
466 4381 547 4449 item
576 4382 611 4448 in
642 4380 811 4471 Appamia
843 4379 1024 4449 ecclesiam
1053 4379 1169 4449 Sancti
1203 4378 1372 4448 Antonini
1404 4379 1440 4444 in
1477 4377 1565 4447 testo
1596 4377 1688 4465 ejus·

256 4475 356 4564 dem3
389 4476 470 4546 item
503 4479 537 4544 in
567 4476 662 4546 Auxi
688 4478 870 4547 ecclesiam
890 4477 995 4547 Beate
1010 4477 1118 4546 lllaric
1135 4479 1171 4545 in
1190 4476 1279 4546 testo
1297 4475 1496 4544 Natiuitatis
1513 4474 1685 4564 ejusdem.

304 4573 388 4644 ltem
406 4571 476 4668 (l),
494 4574 540 4644 de
558 4575 722 4668 predictis
743 4574 1085 4667 peregrinationibus
1106 4573 1231 4667 pretati
1255 4573 1484 4665 inquisitores
1501 4575 1687 4665 imponunt

292 4804 329 4870 (1)
345 4803 380 4857 De
394 4807 515 4871 quatuor
526 4805 797 4872 peregrinationibus
812 4804 974 4872 majoribus.
990 4803 1058 4858 Ala
1073 4818 1181 4874 merge.

282 4889 330 4968 't‘tl
345 4901 380 4956 De
390 4902 662 4970 peregrinationibus
676 4902 841 4956 minoribus.
858 4901 886 4956 A
900 4901 927 4955 la
942 4917 1048 4974 merge.

292 4999 329 5067 (1)
345 5001 380 5055 lle
394 5001 600 5055 visitationibus
615 5002 801 5055 eeclesiarum.
816 5000 844 5055 A
861 5001 886 5054 la
903 5015 1014 5071 merge.

294 5099 331 5167 (1)
347 5099 382 5153 De
396 5098 645 5166 modificationibus
656 5101 887 5168 penitentiarum.
904 5097 932 5152 A
948 5098 973 5152 la
987 5114 1096 5170 margo.
