4574 6404
561 620 604 688 10
845 630 1006 683 attentet
1033 631 1272 699 tttQmstutONts
1300 630 1462 683 unuurtcu
1489 630 1701 683 PutvtunutS.

559 792 723 863 hereticis
744 801 864 862 contra
885 787 1022 883 fidem),
1046 809 1181 860 necnon
1202 810 1324 883 parere
1343 789 1605 879 subterfugiens
1623 800 1658 858 et
1676 789 1930 859 contumaciter
1951 810 1990 860 se

558 890 748 961 absentans
770 887 992 982 postmodum
1012 888 1187 977 aufugerit
1211 900 1375 979 tanquam
1398 887 1488 957 male
1512 886 1577 957 sibi
1599 887 1761 957 conscius
1780 896 1888 978 atque
1908 908 1990 957 reus

559 986 632 1081 (cel
646 987 696 1059 sic
720 1013 728 1058 :
751 1006 887 1057 necnon
916 994 1098 1077 postquam
1126 985 1208 1054 olim
1229 985 1411 1057 coufessus
1432 986 1543 1054 luerat
1573 986 1605 1052 in
1624 983 1756 1077 juditio
1781 1005 1820 1055 se
1841 984 1875 1053 iu
1898 983 1989 1055 lacto

559 1107 621 1156 seu
638 1086 672 1154 iu
687 1082 978 1155 criminaberesis
993 1081 1211 1153 commisisse
1227 1094 1261 1152 et
1279 1083 1428 1152 heresim
1448 1083 1481 1151 iu
1497 1081 1625 1172 juditio
1635 1083 1826 1171 abjuraret,
1843 1103 1888 1152 ex
1909 1094 1990 1152 tuuc

561 1194 726 1274 tauquam
751 1181 848 1251 cauis
867 1180 910 1250 ad
935 1180 1103 1250 vomitum
1125 1180 1229 1250 rediit
1253 1181 1296 1250 ad
1324 1180 1511 1263 hereticos,
1534 1201 1657 1272 perere
1676 1178 1937 1270 subterfugiens
1957 1187 1993 1249 et

559 1281 813 1351 contumaciter
840 1299 878 1348 se
897 1276 1098 1370 absentans)
1119 1302 1128 1363 3
1151 1279 1359 1348 auctoritate
1377 1277 1567 1370 apostolica
1588 1298 1655 1369 qua
1686 1277 1865 1368 tangimur
1891 1276 1992 1347 vobis

560 1379 773 1449 mandamus
790 1376 970 1468 quatinus,
994 1386 1031 1442 ut
1047 1375 1137 1465 juris
1158 1375 1246 1446 ordo
1264 1387 1439 1457 servetur,
1461 1376 1505 1446 ad
1525 1374 1601 1465 ejus
1621 1375 1792 1444 maliciam
1815 1384 1849 1444 et
1868 1385 1991 1445 coutu-

562 1476 711 1546 maciam
731 1473 1038 1563 convincendam,
1059 1473 1173 1542 citetis
1191 1472 1451 1565 perhemptorie
1471 1494 1514 1542 ex
1537 1484 1633 1564 parte
1654 1484 1771 1543 nostra
1797 1471 1927 1542 dictum
1948 1471 1990 1540 N.

562 1574 728 1664 quamvis
753 1571 934 1641 absentem
957 1584 991 1640 et
1018 1591 1080 1663 pro
1106 1569 1223 1641 heresi
1252 1570 1452 1661 iugittivum
1477 1571 1511 1639 in
1542 1570 1619 1641 loco
1637 1591 1699 1640 seu
1729 1569 1907 1641 domicilio
1933 1569 1993 1638 ubi

561 1671 688 1741 morari
709 1691 771 1740 seu
793 1668 952 1737 habitare
974 1668 1207 1737 communiter
1234 1669 1439 1755 cousuevit,
1461 1668 1604 1737 adibitis
1634 1666 1816 1737 vobiscum
1846 1666 1993 1760 testibus

560 1767 630 1838 fide
648 1767 789 1859 dignis3
811 1777 846 1836 et
872 1764 1123 1835 nichilominus
1144 1764 1234 1835 hanc
1253 1766 1401 1836 eandem
1422 1766 1621 1836 citationem
1643 1764 1782 1856 publice
1803 1764 1936 1834 iacietis
1957 1764 1993 1834 iu

561 1865 709 1937 ecclesia
730 1876 862 1949 vestra,
883 1863 978 1933 clero
993 1875 1028 1932 et
1048 1863 1177 1956 populo
1193 1873 1406 1954 congregato
1422 1863 1550 1933 ibidem
1568 1863 1611 1932 ad
1631 1857 1671 1958 [l0
1687 1863 1708 1930 6
1724 1858 1756 1960 o]
1775 1862 1992 1933 audiendum

562 1963 701 2048 diviua,
721 1963 831 2031 tribus
851 1960 976 2030 diebus
998 1961 1184 2031 dominicis
1215 1961 1376 2053 proximo
1403 1961 1722 2052 subsequentibus,
1744 1981 1893 2051 quorum
1918 1959 1994 2030 die-

560 2083 638 2130 rum
656 2060 850 2152 quemlihet
865 2079 928 2151 pro
945 2058 1061 2128 edicto
1077 2058 1253 2129 citationis
1274 2057 1533 2151 perhemptoria
1549 2058 1783 2149 assignamus,
1804 2069 1842 2127 ut
1860 2056 1918 2127 tali
1935 2057 1994 2129 die

561 2179 665 2249 quem
687 2158 801 2229 eidem
827 2178 890 2248 pro
918 2155 1067 2226 termino
1089 2156 1350 2248 perhemptoria
1376 2156 1615 2246 assignamus,
1637 2155 1804 2242 Tholose,
1827 2156 1862 2224 in
1888 2154 1993 2227 domo

562 2255 800 2348 inquisitionis
818 2254 921 2344 juxta
949 2252 1105 2322 Castrum
1132 2253 1379 2337 Narbonense,
1408 2253 1638 2346 personaliter
1665 2264 1699 2324 et
1734 2253 1994 2346 perhemptoria

561 2365 763 2445 compareat
781 2372 898 2422 coram
920 2350 1035 2431 uobis,
1059 2372 1293 2442 responsurus
1313 2350 1358 2421 de
1377 2349 1447 2421 fide
1465 2362 1499 2420 et
1519 2352 1563 2421 de
1582 2350 1739 2442 hiisque
1759 2351 1933 2422 commisit
1957 2351 1992 2420 iu

562 2451 653 2523 lacto
673 2471 736 2521 seu
756 2449 902 2519 crimine
920 2448 1054 2519 heresis
1074 2458 1194 2518 contra
1216 2447 1321 2518 fidem
1340 2449 1375 2518 in
1393 2470 1499 2519 causa
1517 2448 1676 2538 ejusdem
1695 2447 1777 2519 fidei
1799 2448 1992 2543 plenariam

563 2549 766 2633 veritatem,
789 2557 824 2617 et
846 2547 1001 2617 tacturus
1020 2545 1106 2615 alias
1131 2545 1226 2638 quod
1252 2546 1357 2617 luerit
1382 2546 1547 2632 rationis3
1571 2546 1766 2617 indicentes
1790 2558 1825 2616 et
1853 2545 1993 2638 publice

562 2646 816 2718 denunciantes
836 2668 881 2715 ex
901 2654 999 2736 parte
1019 2656 1137 2714 nostra
1155 2644 1250 2735 quod
1272 2643 1337 2713 uisi
1354 2644 1491 2714 venerit
1505 2655 1541 2713 et
1559 2645 1794 2735 comparuerit
1810 2644 1988 2729 diotadie‚

565 2739 712 2841 [contra]
731 2745 843 2836 ipsum
863 2754 1037 2833 tamquam
1053 2753 1173 2812 contra
1189 2753 1430 2814 contumacem
1450 2742 1485 2809 iu
1502 2761 1607 2811 causa
1630 2740 1710 2810 fidei
1732 2753 1766 2810 et
1789 2753 1993 2834 suspectum

561 2863 602 2912 ac
620 2842 819 2933 t'ugittivum
837 2862 900 2933 pro
915 2839 1029 2909 heresi
1049 2842 1280 2931 procedemus
1294 2862 1355 2932 per
1371 2838 1746 2910 excommunicationis
1758 2841 1989 2916 sentenciam,

562 2951 598 3009 et
612 2941 711 3026 alias,
731 2949 833 3030 prout
848 2951 884 3008 et
898 2949 1069 3029 quantum
1087 2940 1130 3007 de
1145 2939 1226 3027 jure
1242 2938 1360 3021 luerit,
1373 2937 1567 3008 secundum
1582 2937 1700 3006 stilum
1717 2949 1752 3007 et
1768 2959 1869 3006 usum
1887 2935 1992 3007 olficii

562 3037 815 3129 inquisitionis,
837 3035 920 3106 dicti
945 3037 1022 3106 talis
1037 3036 1078 3104 N.
1103 3036 1238 3106 malicia
1254 3046 1288 3104 et
1303 3035 1515 3105 contumatia
1536 3035 1722 3126 exigente3
1746 3047 1780 3104 et
1800 3035 1991 3125 insignum

562 3155 604 3203 ac
625 3133 861 3204 testimonium
883 3134 1012 3227 recepti
1030 3143 1065 3204 et
1081 3133 1244 3226 comple-ti
1263 3154 1325 3226 per
1339 3153 1404 3203 vos
1420 3133 1573 3203 mandati
1594 3133 1718 3217 nostri,
1738 3131 1890 3222 sigillum
1911 3154 1990 3203 ves·

565 3242 654 3301 trum
676 3232 896 3325 presentibus
914 3233 1111 3325 apponatis.
1135 3232 1257 3300 Datum
1279 3230 1345 3300 sub
1364 3230 1480 3322 sigillo
1501 3243 1638 3315 nostro,
1662 3242 1729 3300 etc.

565 3485 623 3550 12.
647 3485 781 3550 Forma
805 3487 1012 3551 communis
1030 3487 1213 3550 sententie
1231 3487 1622 3550 excommunicationis
1651 3493 1781 3552 contra
1802 3493 1993 3550 contuma-

863 3610 923 3657 ces
941 3594 981 3657 in
997 3610 1110 3658 causa
1125 3592 1208 3657 fidei
1226 3601 1262 3656 et
1276 3594 1475 3677 proheresi
1488 3593 1693 3670 tugittivos.

614 3837 734 3907 Frater
752 3835 952 3907 Bernardus
969 3836 1158 3924 Guidouis‚
1178 3838 1257 3908 ord.
1280 3835 1433 3918 Prodic,
1455 3837 1661 3930 inquisitor,
1679 3846 1714 3907 et
1732 3847 1861 3920 cetera,
1879 3838 1994 3930 capel·

568 3936 651 4006 lano
672 3935 750 4005 talis
770 3934 931 4022 ecclesie,
953 3947 1021 4006 etc.
1040 3933 1181 4004 -Cum
1195 3934 1331 4004 talesN.
1352 3947 1388 4004 et
1402 3934 1444 4005 N.
1468 3933 1686 4027 parrochiani
1699 3935 1822 4021 vestri,
1840 3935 1995 4005 deman·

566 4033 649 4104 dato
673 4043 794 4103 nostro
823 4032 918 4102 citati
947 4032 1077 4103 luerint
1105 4031 1366 4124 perhemptoria
1386 4027 1466 4128 [l07
1492 4029 1529 4130 d]
1551 4045 1586 4102 et
1611 4033 1799 4113 canonice,
1825 4033 1934 4103 semel
1960 4045 1995 4104 et

566 4130 713 4223 pluries,
736 4130 938 4223 inpropriis
959 4130 1044 4201 locis
1064 4151 1126 4200 seu
1148 4129 1333 4199 domiciliis
1353 4128 1412 4199 ubi
1433 4130 1560 4201 morari
1581 4151 1643 4200 seu
1664 4131 1822 4200 habitare
1842 4152 1996 4202 commu·

568 4228 660 4297 niter
678 4239 939 4298 consueverunt
958 4249 999 4298 ac
1018 4227 1122 4298 etiam
1144 4227 1178 4296 iu
1198 4226 1344 4297 ecclesia
1364 4227 1515 4320 publice,
1533 4250 1611 4298 cum
1631 4240 1811 4323 presentes
1827 4249 1896 4299 uou
1918 4250 1996 4321 pos·

567 4326 637 4395 sint
657 4324 808 4395 inveniri
830 4337 865 4394 et
884 4326 1085 4397 dicerentur
1109 4335 1145 4395 et
1166 4335 1284 4394 esseut
1303 4324 1406 4394 etiam
1436 4325 1607 4416 iugittivi,
1631 4338 1668 4395 ut
1687 4326 1791 4396 certis
1811 4325 1940 4396 diebus
1960 4338 1996 4397 et

567 4422 645 4494 loco
664 4423 837 4492 contentis
855 4423 889 4491 in
912 4424 1036 4493 litteris
1055 4423 1237 4509 citatoriis,
1257 4421 1423 4508 Tholose,
1444 4444 1561 4494 coram
1583 4424 1683 4494 nobis
1704 4424 1936 4517 personaliter
1955 4445 1995 4496 ac

567 4520 828 4614 perhemptoria
845 4532 1102 4614 comparerent,
1117 4521 1318 4613 responsuri
1334 4521 1378 4590 de
1393 4519 1463 4590 fide
1478 4532 1513 4590 et
1528 4520 1649 4591 dehiis
1666 4542 1735 4614 que
1750 4532 1870 4592 contra
1888 4520 1993 4592 iidem

568 4619 839 4706 commiserunt,
862 4640 941 4688 cum
962 4629 1081 4690 essent
1100 4618 1208 4689 notati
1230 4629 1265 4688 et
1284 4619 1438 4711 suspecti
1457 4639 1498 4688 ac
1521 4619 1566 4689 de
1592 4619 1707 4689 heresi
1728 4619 1898 4689 dillamati
1925 4618 1998 4712 (acl

567 4721 639 4784 sic:
660 4726 695 4785 et
715 4716 759 4785 de
779 4715 893 4786 heresi
914 4716 1089 4803 accusati,
1117 4715 1238 4787 celsio
1259 4741 1268 4787 :
1292 4736 1426 4787 necnon
1453 4737 1514 4809 per
1538 4718 1797 4789 contessionem
1817 4719 1993 4811 propriam

569 4813 693 4883 laetam
715 4814 749 4882 in
766 4813 902 4904 judicio
922 4813 957 4883 iu
978 4813 1093 4884 heresi
1113 4811 1354 4907 deprehensi),
1373 4824 1407 4884 et
1426 4813 1508 4882 dicti
1527 4814 1613 4885 tales
1629 4815 1772 4886 minime
1788 4835 1996 4909 comparue-

568 4910 652 4998 rint,
671 4932 735 4981 uec
753 4932 816 5004 pro
833 4912 884 4982 eis
898 4910 1025 5003 aliquis
1044 4912 1316 5004 procuratorvel
1336 4911 1440 4982 etiam
1459 4922 1661 5008 excusator,
1674 4933 1737 4984 nec
1755 4914 1993 5007 postmodum,

568 5008 731 5099 quamvis
757 5008 889 5078 diutius
914 5008 1044 5078 luerint
1071 5009 1245 5102 expectati
1272 5008 1405 5101 (celsio
1424 5033 1435 5077 :
1457 5010 1620 5102 quamvis
1646 5010 1765 5081 multis
1792 5013 1993 5101 mensibus,
2074 5093 2078 5099 ,
