<?xml version="1.0" encoding="UTF-8"?>
<!DOCTYPE html PUBLIC "-//W3C//DTD XHTML 1.0 Transitional//EN"
    "http://www.w3.org/TR/xhtml1/DTD/xhtml1-transitional.dtd">
<html xmlns="http://www.w3.org/1999/xhtml" xml:lang="en" lang="en">
 <head>
  <title>
</title>
<meta http-equiv="Content-Type" content="text/html;charset=utf-8" />
  <meta name='ocr-system' content='tesseract 3.04.00' />
  <meta name='ocr-capabilities' content='ocr_page ocr_carea ocr_par ocr_line ocrx_word'/>
</head>
<body>
  <div class='ocr_page' id='page_1' title='image "./practicainquisi00douagoog_0147.png"; bbox 0 0 4574 6404; ppageno 0'>
   <div class='ocr_carea' id='block_1_1' title="bbox 429 648 1571 730">
    <p class='ocr_par' dir='ltr' id='par_1_1' title="bbox 429 648 1571 730">
     <span class='ocr_line' id='line_1_1' title="bbox 429 648 1571 730; baseline 0.002 -14"><span class='ocrx_word' id='word_1_1' title='bbox 429 648 498 717; x_wconf 73' lang='lat' dir='ltr'><strong>ldl</strong></span> <span class='ocrx_word' id='word_1_2' title='bbox 715 663 877 716; x_wconf 83' lang='lat' dir='ltr'><strong>nnxorrca</strong></span> <span class='ocrx_word' id='word_1_3' title='bbox 903 663 1145 730; x_wconf 78' lang='lat' dir='ltr'><strong>rneursrrrorus</strong></span> <span class='ocrx_word' id='word_1_4' title='bbox 1173 664 1335 718; x_wconf 82' lang='lat' dir='ltr'><strong>unnmrcn</strong></span> <span class='ocrx_word' id='word_1_5' title='bbox 1360 666 1571 718; x_wconf 82' lang='lat' dir='ltr'><strong>nnxvrrarrs.</strong></span> 
     </span>
    </p>
   </div>
   <div class='ocr_carea' id='block_1_2' title="bbox 408 821 1956 4730">
    <p class='ocr_par' dir='ltr' id='par_1_2' title="bbox 408 821 1956 4730">
     <span class='ocr_line' id='line_1_2' title="bbox 426 821 1863 920; baseline 0.003 -26"><span class='ocrx_word' id='word_1_6' title='bbox 426 845 489 894; x_wconf 87' lang='lat' dir='ltr'><strong>seu</strong></span> <span class='ocrx_word' id='word_1_7' title='bbox 508 824 664 895; x_wconf 87' lang='lat' dir='ltr'><strong>llomann</strong></span> <span class='ocrx_word' id='word_1_8' title='bbox 682 821 841 894; x_wconf 90' lang='lat' dir='ltr'><strong>Pontifici</strong></span> <span class='ocrx_word' id='word_1_9' title='bbox 872 845 935 894; x_wconf 91' lang='lat' dir='ltr'><strong>nec</strong></span> <span class='ocrx_word' id='word_1_10' title='bbox 963 824 1043 895; x_wconf 90' lang='lat' dir='ltr'><strong>aliis</strong></span> <span class='ocrx_word' id='word_1_11' title='bbox 1064 826 1206 918; x_wconf 88' lang='lat' dir='ltr'><strong>prelatis</strong></span> <span class='ocrx_word' id='word_1_12' title='bbox 1225 826 1380 897; x_wconf 83' lang='lat' dir='ltr'><strong>Romane</strong></span> <span class='ocrx_word' id='word_1_13' title='bbox 1400 825 1572 912; x_wconf 89' lang='lat' dir='ltr'><strong>Ecclesie,</strong></span> <span class='ocrx_word' id='word_1_14' title='bbox 1599 827 1682 918; x_wconf 82' lang='lat' dir='ltr'><strong>qtria</strong></span> <span class='ocrx_word' id='word_1_15' title='bbox 1700 848 1761 898; x_wconf 89' lang='lat' dir='ltr'><strong>eos</strong></span> <span class='ocrx_word' id='word_1_16' title='bbox 1786 828 1863 920; x_wconf 87' lang='lat' dir='ltr'><strong>ipsa</strong></span> 
     </span>
     <span class='ocr_line' id='line_1_3' title="bbox 426 920 1861 1018; baseline 0.002 -27"><span class='ocrx_word' id='word_1_17' title='bbox 426 921 581 992; x_wconf 88' lang='lat' dir='ltr'><strong>Romana</strong></span> <span class='ocrx_word' id='word_1_18' title='bbox 601 921 775 1006; x_wconf 82' lang='lat' dir='ltr'><strong>Ecclesia,</strong></span> <span class='ocrx_word' id='word_1_19' title='bbox 804 931 841 990; x_wconf 94' lang='lat' dir='ltr'><strong>ut</strong></span> <span class='ocrx_word' id='word_1_20' title='bbox 865 920 1007 1009; x_wconf 91' lang='lat' dir='ltr'><strong>dicunt,</strong></span> <span class='ocrx_word' id='word_1_21' title='bbox 1035 922 1165 1013; x_wconf 82' lang='lat' dir='ltr'><strong>ianste</strong></span> <span class='ocrx_word' id='word_1_22' title='bbox 1186 924 1410 1017; x_wconf 80' lang='lat' dir='ltr'>persequitur</span> <span class='ocrx_word' id='word_1_23' title='bbox 1429 936 1465 994; x_wconf 89' lang='lat' dir='ltr'><strong>et</strong></span> <span class='ocrx_word' id='word_1_24' title='bbox 1486 923 1736 1018; x_wconf 78' lang='lat' dir='ltr'><strong>condempnat.</strong></span> <span class='ocrx_word' id='word_1_25' title='bbox 1759 924 1861 1010; x_wconf 89' lang='lat' dir='ltr'><strong>ltem,</strong></span> 
     </span>
     <span class='ocr_line' id='line_1_4' title="bbox 428 1020 1865 1111; baseline 0.002 -22"><span class='ocrx_word' id='word_1_26' title='bbox 428 1032 634 1089; x_wconf 73' lang='lat' dir='ltr'><strong>asseverant</strong></span> <span class='ocrx_word' id='word_1_27' title='bbox 654 1039 780 1089; x_wconf 90' lang='lat' dir='ltr'><strong>senon</strong></span> <span class='ocrx_word' id='word_1_28' title='bbox 799 1038 902 1111; x_wconf 90' lang='lat' dir='ltr'><strong>posse</strong></span> <span class='ocrx_word' id='word_1_29' title='bbox 925 1020 1223 1091; x_wconf 86' lang='lat' dir='ltr'><strong>excommunicari</strong></span> <span class='ocrx_word' id='word_1_30' title='bbox 1244 1022 1289 1092; x_wconf 87' lang='lat' dir='ltr'><strong>ab</strong></span> <span class='ocrx_word' id='word_1_31' title='bbox 1309 1020 1441 1092; x_wconf 89' lang='lat' dir='ltr'><strong>eisdem</strong></span> <span class='ocrx_word' id='word_1_32' title='bbox 1464 1021 1622 1093; x_wconf 87' lang='lat' dir='ltr'><strong>Romano</strong></span> <span class='ocrx_word' id='word_1_33' title='bbox 1639 1020 1808 1095; x_wconf 92' lang='lat' dir='ltr'><strong>Pontifice</strong></span> <span class='ocrx_word' id='word_1_34' title='bbox 1827 1034 1865 1093; x_wconf 92' lang='lat' dir='ltr'><strong>et</strong></span> 
     </span>
     <span class='ocr_line' id='line_1_5' title="bbox 428 1115 1863 1212; baseline 0.002 -27"><span class='ocrx_word' id='word_1_35' title='bbox 428 1116 586 1209; x_wconf 88' lang='lat' dir='ltr'><strong>prelatis,</strong></span> <span class='ocrx_word' id='word_1_36' title='bbox 607 1136 672 1185; x_wconf 89' lang='lat' dir='ltr'><strong>nec</strong></span> <span class='ocrx_word' id='word_1_37' title='bbox 692 1137 770 1186; x_wconf 89' lang='lat' dir='ltr'><strong>esse</strong></span> <span class='ocrx_word' id='word_1_38' title='bbox 789 1115 1029 1187; x_wconf 89' lang='lat' dir='ltr'><strong>obediendum</strong></span> <span class='ocrx_word' id='word_1_39' title='bbox 1046 1117 1152 1189; x_wconf 89' lang='lat' dir='ltr'><strong>alicui</strong></span> <span class='ocrx_word' id='word_1_40' title='bbox 1170 1140 1214 1189; x_wconf 85' lang='lat' dir='ltr'><strong>ex</strong></span> <span class='ocrx_word' id='word_1_41' title='bbox 1228 1118 1361 1189; x_wconf 90' lang='lat' dir='ltr'><strong>eisdem</strong></span> <span class='ocrx_word' id='word_1_42' title='bbox 1379 1119 1586 1212; x_wconf 91' lang='lat' dir='ltr'><strong>precipienti</strong></span> <span class='ocrx_word' id='word_1_43' title='bbox 1604 1141 1667 1190; x_wconf 89' lang='lat' dir='ltr'><strong>seu</strong></span> <span class='ocrx_word' id='word_1_44' title='bbox 1680 1119 1863 1191; x_wconf 90' lang='lat' dir='ltr'><strong>mandanti</strong></span> 
     </span>
     <span class='ocr_line' id='line_1_6' title="bbox 428 1213 1865 1309; baseline 0.003 -27"><span class='ocrx_word' id='word_1_45' title='bbox 428 1213 660 1284; x_wconf 89' lang='lat' dir='ltr'><strong>sectatoribus</strong></span> <span class='ocrx_word' id='word_1_46' title='bbox 681 1225 716 1283; x_wconf 93' lang='lat' dir='ltr'><strong>ct</strong></span> <span class='ocrx_word' id='word_1_47' title='bbox 735 1214 992 1306; x_wconf 83' lang='lat' dir='ltr'><strong>professoribus</strong></span> <span class='ocrx_word' id='word_1_48' title='bbox 1019 1215 1111 1287; x_wconf 89' lang='lat' dir='ltr'><strong>dicte</strong></span> <span class='ocrx_word' id='word_1_49' title='bbox 1134 1227 1230 1287; x_wconf 90' lang='lat' dir='ltr'><strong>secte</strong></span> <span class='ocrx_word' id='word_1_50' title='bbox 1253 1216 1349 1308; x_wconf 92' lang='lat' dir='ltr'><strong>quod</strong></span> <span class='ocrx_word' id='word_1_51' title='bbox 1374 1217 1484 1309; x_wconf 86' lang='lat' dir='ltr'><strong>ipsam</strong></span> <span class='ocrx_word' id='word_1_52' title='bbox 1511 1216 1676 1288; x_wconf 90' lang='lat' dir='ltr'><strong>deserant</strong></span> <span class='ocrx_word' id='word_1_53' title='bbox 1701 1229 1738 1287; x_wconf 90' lang='lat' dir='ltr'><strong>et</strong></span> <span class='ocrx_word' id='word_1_54' title='bbox 1761 1217 1865 1308; x_wconf 89' lang='lat' dir='ltr'><strong>abju-</strong></span> 
     </span>
     <span class='ocr_line' id='line_1_7' title="bbox 428 1310 1862 1407; baseline 0.003 -26"><span class='ocrx_word' id='word_1_55' title='bbox 428 1322 529 1397; x_wconf 87' lang='lat' dir='ltr'><strong>rent,</strong></span> <span class='ocrx_word' id='word_1_56' title='bbox 556 1310 718 1403; x_wconf 88' lang='lat' dir='ltr'><strong>quamvis</strong></span> <span class='ocrx_word' id='word_1_57' title='bbox 747 1332 809 1403; x_wconf 93' lang='lat' dir='ltr'><strong>per</strong></span> <span class='ocrx_word' id='word_1_58' title='bbox 835 1311 1023 1382; x_wconf 86' lang='lat' dir='ltr'><strong>Romanam</strong></span> <span class='ocrx_word' id='word_1_59' title='bbox 1051 1311 1240 1384; x_wconf 85' lang='lat' dir='ltr'><strong>Ecclesiam</strong></span> <span class='ocrx_word' id='word_1_60' title='bbox 1270 1313 1369 1384; x_wconf 91' lang='lat' dir='ltr'><strong>velut</strong></span> <span class='ocrx_word' id='word_1_61' title='bbox 1402 1313 1555 1384; x_wconf 87' lang='lat' dir='ltr'><strong>heretica</strong></span> <span class='ocrx_word' id='word_1_62' title='bbox 1584 1314 1630 1384; x_wconf 93' lang='lat' dir='ltr'><strong>sit</strong></span> <span class='ocrx_word' id='word_1_63' title='bbox 1657 1314 1862 1407; x_wconf 88' lang='lat' dir='ltr'><strong>dampnata.</strong></span> 
     </span>
     <span class='ocr_line' id='line_1_8' title="bbox 428 1402 1866 1505; baseline 0.004 -28"><span class='ocrx_word' id='word_1_64' title='bbox 428 1407 532 1496; x_wconf 89' lang='lat' dir='ltr'><strong>Item,</strong></span> <span class='ocrx_word' id='word_1_65' title='bbox 556 1419 676 1479; x_wconf 86' lang='lat' dir='ltr'><strong>teuent</strong></span> <span class='ocrx_word' id='word_1_66' title='bbox 694 1419 729 1478; x_wconf 94' lang='lat' dir='ltr'><strong>et</strong></span> <span class='ocrx_word' id='word_1_67' title='bbox 748 1408 986 1499; x_wconf 80' lang='lat' dir='ltr'><strong>dogmatizant</strong></span> <span class='ocrx_word' id='word_1_68' title='bbox 1004 1411 1099 1503; x_wconf 92' lang='lat' dir='ltr'><strong>quod</strong></span> <span class='ocrx_word' id='word_1_69' title='bbox 1120 1432 1225 1482; x_wconf 88' lang='lat' dir='ltr'><strong>omne</strong></span> <span class='ocrx_word' id='word_1_70' title='bbox 1240 1413 1479 1502; x_wconf 89' lang='lat' dir='ltr'><strong>juramentum</strong></span> <span class='ocrx_word' id='word_1_71' title='bbox 1500 1412 1577 1482; x_wconf 92' lang='lat' dir='ltr'><strong>sine</strong></span> <span class='ocrx_word' id='word_1_72' title='bbox 1602 1413 1811 1505; x_wconf 81' lang='lat' dir='ltr'><strong>exceptione</strong></span> <span class='ocrx_word' id='word_1_73' title='bbox 1829 1402 1866 1483; x_wconf 82' lang='lat' dir='ltr'><strong>et</strong></span> 
     </span>
     <span class='ocr_line' id='line_1_9' title="bbox 408 1505 1866 1602; baseline 0.003 -26"><span class='ocrx_word' id='word_1_74' title='bbox 408 1592 412 1599; x_wconf 27' lang='grc' dir='ltr'>Ι</span> <span class='ocrx_word' id='word_1_75' title='bbox 434 1506 658 1598; x_wconf 81' lang='lat' dir='ltr'><strong>expositione</strong></span> <span class='ocrx_word' id='word_1_76' title='bbox 678 1505 795 1597; x_wconf 88' lang='lat' dir='ltr'><strong>aliqua</strong></span> <span class='ocrx_word' id='word_1_77' title='bbox 815 1518 869 1576; x_wconf 90' lang='lat' dir='ltr'><strong>est</strong></span> <span class='ocrx_word' id='word_1_78' title='bbox 886 1527 905 1577; x_wconf 93' lang='grc'>3</span> <span class='ocrx_word' id='word_1_79' title='bbox 924 1508 996 1579; x_wconf 89' lang='lat' dir='ltr'><strong>Deo</strong></span> <span class='ocrx_word' id='word_1_80' title='bbox 1015 1508 1231 1600; x_wconf 92' lang='lat' dir='ltr'><strong>prohibitum</strong></span> <span class='ocrx_word' id='word_1_81' title='bbox 1250 1519 1285 1580; x_wconf 91' lang='lat' dir='ltr'><strong>et</strong></span> <span class='ocrx_word' id='word_1_82' title='bbox 1301 1508 1458 1579; x_wconf 92' lang='lat' dir='ltr'><strong>illicitum</strong></span> <span class='ocrx_word' id='word_1_83' title='bbox 1478 1521 1512 1579; x_wconf 89' lang='lat' dir='ltr'><strong>et</strong></span> <span class='ocrx_word' id='word_1_84' title='bbox 1533 1522 1728 1602; x_wconf 89' lang='lat' dir='ltr'><strong>peccatum,</strong></span> <span class='ocrx_word' id='word_1_85' title='bbox 1746 1521 1782 1579; x_wconf 90' lang='lat' dir='ltr'><strong>et</strong></span> <span class='ocrx_word' id='word_1_86' title='bbox 1797 1508 1866 1580; x_wconf 93' lang='lat' dir='ltr'><strong>boc</strong></span> 
     </span>
     <span class='ocr_line' id='line_1_10' title="bbox 429 1604 1865 1695; baseline 0.003 -24"><span class='ocrx_word' id='word_1_87' title='bbox 429 1604 545 1695; x_wconf 92' lang='lat' dir='ltr'><strong>ipsum</strong></span> <span class='ocrx_word' id='word_1_88' title='bbox 567 1625 614 1675; x_wconf 84' lang='lat' dir='ltr'><strong>ex</strong></span> <span class='ocrx_word' id='word_1_89' title='bbox 634 1624 696 1674; x_wconf 93' lang='lat' dir='ltr'><strong>ore</strong></span> <span class='ocrx_word' id='word_1_90' title='bbox 717 1604 793 1693; x_wconf 90' lang='lat' dir='ltr'><strong>ejus</strong></span> <span class='ocrx_word' id='word_1_91' title='bbox 813 1605 1016 1676; x_wconf 86' lang='lat' dir='ltr'><strong>audiuimus</strong></span> <span class='ocrx_word' id='word_1_92' title='bbox 1035 1627 1075 1676; x_wconf 90' lang='lat' dir='ltr'><strong>se</strong></span> <span class='ocrx_word' id='word_1_93' title='bbox 1094 1608 1140 1676; x_wconf 91' lang='lat' dir='ltr'><strong>ita</strong></span> <span class='ocrx_word' id='word_1_94' title='bbox 1158 1606 1303 1677; x_wconf 91' lang='lat' dir='ltr'><strong>credere</strong></span> <span class='ocrx_word' id='word_1_95' title='bbox 1317 1616 1352 1676; x_wconf 93' lang='lat' dir='ltr'><strong>et</strong></span> <span class='ocrx_word' id='word_1_96' title='bbox 1367 1617 1486 1677; x_wconf 87' lang='lat' dir='ltr'><strong>tenere</strong></span> <span class='ocrx_word' id='word_1_97' title='bbox 1504 1605 1612 1678; x_wconf 89' lang='lat' dir='ltr'><strong>verba</strong></span> <span class='ocrx_word' id='word_1_98' title='bbox 1628 1606 1738 1677; x_wconf 88' lang='lat' dir='ltr'><strong>sancti</strong></span> <span class='ocrx_word' id='word_1_99' title='bbox 1750 1606 1865 1676; x_wconf 89' lang='lat' dir='ltr'><strong>Evan-</strong></span> 
     </span>
     <span class='ocr_line' id='line_1_11' title="bbox 428 1701 1863 1795; baseline 0.002 -25"><span class='ocrx_word' id='word_1_100' title='bbox 428 1701 512 1792; x_wconf 78' lang='lat' dir='ltr'><strong>gelii</strong></span> <span class='ocrx_word' id='word_1_101' title='bbox 530 1713 567 1772; x_wconf 91' lang='lat' dir='ltr'><strong>et</strong></span> <span class='ocrx_word' id='word_1_102' title='bbox 584 1703 699 1771; x_wconf 89' lang='lat' dir='ltr'><strong>sancti</strong></span> <span class='ocrx_word' id='word_1_103' title='bbox 714 1701 831 1773; x_wconf 88' lang='lat' dir='ltr'><strong>Jacobi</strong></span> <span class='ocrx_word' id='word_1_104' title='bbox 852 1703 1001 1795; x_wconf 87' lang='lat' dir='ltr'><strong>apostoli</strong></span> <span class='ocrx_word' id='word_1_105' title='bbox 1021 1703 1066 1774; x_wconf 88' lang='lat' dir='ltr'><strong>de</strong></span> <span class='ocrx_word' id='word_1_106' title='bbox 1086 1725 1154 1775; x_wconf 93' lang='lat' dir='ltr'><strong>non</strong></span> <span class='ocrx_word' id='word_1_107' title='bbox 1171 1705 1325 1795; x_wconf 88' lang='lat' dir='ltr'><strong>jurando</strong></span> <span class='ocrx_word' id='word_1_108' title='bbox 1349 1704 1393 1774; x_wconf 90' lang='lat' dir='ltr'><strong>ad</strong></span> <span class='ocrx_word' id='word_1_109' title='bbox 1414 1705 1480 1775; x_wconf 91' lang='lat' dir='ltr'><strong>boc</strong></span> <span class='ocrx_word' id='word_1_110' title='bbox 1499 1707 1663 1795; x_wconf 89' lang='lat' dir='ltr'><strong>quamvis</strong></span> <span class='ocrx_word' id='word_1_111' title='bbox 1683 1704 1863 1775; x_wconf 90' lang='lat' dir='ltr'><strong>intellectu</strong></span> 
     </span>
     <span class='ocr_line' id='line_1_12' title="bbox 427 1799 1865 1894; baseline 0.004 -28"><span class='ocrx_word' id='word_1_112' title='bbox 427 1807 497 1868; x_wconf 92' lang='lat' dir='ltr'><strong>tam</strong></span> <span class='ocrx_word' id='word_1_113' title='bbox 521 1800 644 1870; x_wconf 91' lang='lat' dir='ltr'><strong>insano</strong></span> <span class='ocrx_word' id='word_1_114' title='bbox 668 1818 772 1890; x_wconf 92' lang='lat' dir='ltr'><strong>quam</strong></span> <span class='ocrx_word' id='word_1_115' title='bbox 795 1799 901 1870; x_wconf 89' lang='lat' dir='ltr'><strong>devio</strong></span> <span class='ocrx_word' id='word_1_116' title='bbox 924 1799 1154 1894; x_wconf 88' lang='lat' dir='ltr'><strong>applicando,</strong></span> <span class='ocrx_word' id='word_1_117' title='bbox 1176 1823 1254 1872; x_wconf 93' lang='lat' dir='ltr'><strong>cum</strong></span> <span class='ocrx_word' id='word_1_118' title='bbox 1278 1813 1392 1873; x_wconf 90' lang='lat' dir='ltr'><strong>tamen</strong></span> <span class='ocrx_word' id='word_1_119' title='bbox 1420 1801 1613 1873; x_wconf 90' lang='lat' dir='ltr'><strong>secundnm</strong></span> <span class='ocrx_word' id='word_1_120' title='bbox 1638 1822 1759 1872; x_wconf 88' lang='lat' dir='ltr'><strong>sanam</strong></span> <span class='ocrx_word' id='word_1_121' title='bbox 1781 1801 1865 1872; x_wconf 89' lang='lat' dir='ltr'><strong>doc-</strong></span> 
     </span>
     <span class='ocr_line' id='line_1_13' title="bbox 429 1893 1862 1995; baseline 0.003 -31"><span class='ocrx_word' id='word_1_122' title='bbox 429 1898 556 1966; x_wconf 85' lang='lat' dir='ltr'><strong>trinam</strong></span> <span class='ocrx_word' id='word_1_123' title='bbox 572 1907 772 1967; x_wconf 90' lang='lat' dir='ltr'><strong>sanctorum</strong></span> <span class='ocrx_word' id='word_1_124' title='bbox 794 1908 830 1967; x_wconf 90' lang='lat' dir='ltr'><strong>et</strong></span> <span class='ocrx_word' id='word_1_125' title='bbox 850 1893 890 1993; x_wconf 81' lang='lat' dir='ltr'><strong>[l0</strong></span> <span class='ocrx_word' id='word_1_126' title='bbox 905 1895 953 1966; x_wconf 78' lang='lat' dir='ltr'><strong>&#39;ll</strong></span> <span class='ocrx_word' id='word_1_127' title='bbox 969 1894 1004 1995; x_wconf 88' lang='lat' dir='ltr'><strong>a]</strong></span> <span class='ocrx_word' id='word_1_128' title='bbox 1024 1899 1204 1971; x_wconf 90' lang='lat' dir='ltr'><strong>doctorum</strong></span> <span class='ocrx_word' id='word_1_129' title='bbox 1221 1899 1375 1970; x_wconf 87' lang='lat' dir='ltr'><strong>Ecclesie</strong></span> <span class='ocrx_word' id='word_1_130' title='bbox 1392 1899 1562 1970; x_wconf 89' lang='lat' dir='ltr'><strong>catholice</strong></span> <span class='ocrx_word' id='word_1_131' title='bbox 1583 1920 1623 1969; x_wconf 91' lang='lat' dir='ltr'><strong>ac</strong></span> <span class='ocrx_word' id='word_1_132' title='bbox 1639 1898 1862 1970; x_wconf 87' lang='lat' dir='ltr'><strong>traditionem</strong></span> 
     </span>
     <span class='ocr_line' id='line_1_14' title="bbox 410 1994 1864 2090; baseline 0.001 -27"><span class='ocrx_word' id='word_1_133' title='bbox 410 1994 588 2083; x_wconf 79' lang='lat' dir='ltr'><strong>¹ejusdem</strong></span> <span class='ocrx_word' id='word_1_134' title='bbox 609 2005 729 2065; x_wconf 90' lang='lat' dir='ltr'><strong>sancte</strong></span> <span class='ocrx_word' id='word_1_135' title='bbox 748 1994 902 2066; x_wconf 90' lang='lat' dir='ltr'><strong>Ecclesie</strong></span> <span class='ocrx_word' id='word_1_136' title='bbox 920 1996 1107 2080; x_wconf 90' lang='lat' dir='ltr'><strong>catholice,</strong></span> <span class='ocrx_word' id='word_1_137' title='bbox 1135 2018 1205 2068; x_wconf 93' lang='lat' dir='ltr'><strong>non</strong></span> <span class='ocrx_word' id='word_1_138' title='bbox 1226 1997 1339 2068; x_wconf 93' lang='lat' dir='ltr'><strong>solum</strong></span> <span class='ocrx_word' id='word_1_139' title='bbox 1368 2017 1431 2090; x_wconf 95' lang='lat' dir='ltr'><strong>pro</strong></span> <span class='ocrx_word' id='word_1_140' title='bbox 1449 1997 1599 2067; x_wconf 86' lang='lat' dir='ltr'><strong>veritate</strong></span> <span class='ocrx_word' id='word_1_141' title='bbox 1616 1997 1806 2067; x_wconf 91' lang='lat' dir='ltr'><strong>asserenda</strong></span> <span class='ocrx_word' id='word_1_142' title='bbox 1826 1999 1864 2065; x_wconf 91' lang='lat' dir='ltr'><strong>in</strong></span> 
     </span>
     <span class='ocr_line' id='line_1_15' title="bbox 425 2090 1956 2195; baseline 0.004 -36"><span class='ocrx_word' id='word_1_143' title='bbox 425 2090 554 2180; x_wconf 89' lang='lat' dir='ltr'><strong>juditio</strong></span> <span class='ocrx_word' id='word_1_144' title='bbox 572 2092 666 2162; x_wconf 88' lang='lat' dir='ltr'><strong>licite</strong></span> <span class='ocrx_word' id='word_1_145' title='bbox 683 2102 776 2163; x_wconf 90' lang='lat' dir='ltr'><strong>etex</strong></span> <span class='ocrx_word' id='word_1_146' title='bbox 796 2092 916 2164; x_wconf 90' lang='lat' dir='ltr'><strong>debito</strong></span> <span class='ocrx_word' id='word_1_147' title='bbox 934 2096 980 2163; x_wconf 90' lang='lat' dir='ltr'><strong>sit</strong></span> <span class='ocrx_word' id='word_1_148' title='bbox 994 2095 1199 2185; x_wconf 89' lang='lat' dir='ltr'><strong>jurandum,</strong></span> <span class='ocrx_word' id='word_1_149' title='bbox 1218 2116 1342 2165; x_wconf 91' lang='lat' dir='ltr'><strong>verum</strong></span> <span class='ocrx_word' id='word_1_150' title='bbox 1363 2098 1467 2165; x_wconf 89' lang='lat' dir='ltr'><strong>etiam</strong></span> <span class='ocrx_word' id='word_1_151' title='bbox 1485 2115 1529 2164; x_wconf 89' lang='lat' dir='ltr'><strong>ex</strong></span> <span class='ocrx_word' id='word_1_152' title='bbox 1545 2105 1676 2165; x_wconf 88' lang='lat' dir='ltr'><strong>statuto</strong></span> <span class='ocrx_word' id='word_1_153' title='bbox 1691 2093 1864 2165; x_wconf 91' lang='lat' dir='ltr'><strong>canonico</strong></span> <span class='ocrx_word' id='word_1_154' title='bbox 1949 2175 1956 2195; x_wconf 30' lang='grc' dir='ltr'>ι</span> 
     </span>
     <span class='ocr_line' id='line_1_16' title="bbox 427 2191 1865 2284; baseline 0.002 -26"><span class='ocrx_word' id='word_1_155' title='bbox 427 2199 548 2259; x_wconf 91' lang='lat' dir='ltr'><strong>contra</strong></span> <span class='ocrx_word' id='word_1_156' title='bbox 568 2191 739 2283; x_wconf 88' lang='lat' dir='ltr'><strong>prelatum</strong></span> <span class='ocrx_word' id='word_1_157' title='bbox 754 2210 908 2261; x_wconf 89' lang='lat' dir='ltr'><strong>errorem</strong></span> <span class='ocrx_word' id='word_1_158' title='bbox 924 2192 1135 2281; x_wconf 88' lang='lat' dir='ltr'><strong>jamdudum</strong></span> <span class='ocrx_word' id='word_1_159' title='bbox 1156 2193 1252 2264; x_wconf 90' lang='lat' dir='ltr'><strong>edito</strong></span> <span class='ocrx_word' id='word_1_160' title='bbox 1275 2218 1282 2261; x_wconf 94' lang='lat'>:</span> <span class='ocrx_word' id='word_1_161' title='bbox 1305 2193 1340 2263; x_wconf 94' lang='lat' dir='ltr'><strong>Si</strong></span> <span class='ocrx_word' id='word_1_162' title='bbox 1360 2194 1420 2284; x_wconf 91' lang='lat' dir='ltr'><strong>qui</strong></span> <span class='ocrx_word' id='word_1_163' title='bbox 1441 2214 1486 2263; x_wconf 84' lang='lat' dir='ltr'><strong>ex</strong></span> <span class='ocrx_word' id='word_1_164' title='bbox 1507 2192 1558 2261; x_wconf 90' lang='lat' dir='ltr'><strong>cis</strong></span> <span class='ocrx_word' id='word_1_165' title='bbox 1575 2192 1787 2282; x_wconf 90' lang='lat' dir='ltr'><strong>jurationem</strong></span> <span class='ocrx_word' id='word_1_166' title='bbox 1805 2212 1865 2261; x_wconf 94' lang='lat' dir='ltr'><strong>su-</strong></span> 
     </span>
     <span class='ocr_line' id='line_1_17' title="bbox 428 2287 1863 2382; baseline 0.002 -27"><span class='ocrx_word' id='word_1_167' title='bbox 428 2287 635 2378; x_wconf 87' lang='lat' dir='ltr'><strong>perstitione</strong></span> <span class='ocrx_word' id='word_1_168' title='bbox 654 2287 869 2380; x_wconf 86' lang='lat' dir='ltr'><strong>dampnabili</strong></span> <span class='ocrx_word' id='word_1_169' title='bbox 889 2301 1097 2381; x_wconf 87' lang='lat' dir='ltr'><strong>respuentes</strong></span> <span class='ocrx_word' id='word_1_170' title='bbox 1113 2291 1235 2380; x_wconf 87' lang='lat' dir='ltr'><strong>jurare</strong></span> <span class='ocrx_word' id='word_1_171' title='bbox 1256 2291 1447 2375; x_wconf 90' lang='lat' dir='ltr'><strong>noluerint,</strong></span> <span class='ocrx_word' id='word_1_172' title='bbox 1472 2311 1518 2360; x_wconf 90' lang='lat' dir='ltr'><strong>ex</strong></span> <span class='ocrx_word' id='word_1_173' title='bbox 1534 2288 1600 2359; x_wconf 90' lang='lat' dir='ltr'><strong>hoc</strong></span> <span class='ocrx_word' id='word_1_174' title='bbox 1620 2289 1697 2382; x_wconf 90' lang='lat' dir='ltr'><strong>ipso</strong></span> <span class='ocrx_word' id='word_1_175' title='bbox 1714 2288 1863 2360; x_wconf 89' lang='lat' dir='ltr'><strong>heretici</strong></span> 
     </span>
     <span class='ocr_line' id='line_1_18' title="bbox 424 2383 1864 2481; baseline 0.003 -28"><span class='ocrx_word' id='word_1_176' title='bbox 424 2383 629 2472; x_wconf 89' lang='lat' dir='ltr'><strong>judicentur</strong></span> <span class='ocrx_word' id='word_1_177' title='bbox 657 2396 692 2455; x_wconf 92' lang='lat' dir='ltr'><strong>et</strong></span> <span class='ocrx_word' id='word_1_178' title='bbox 718 2389 818 2478; x_wconf 90' lang='lat' dir='ltr'><strong>penis</strong></span> <span class='ocrx_word' id='word_1_179' title='bbox 843 2387 1072 2479; x_wconf 81' lang='lat' dir='ltr'><strong>promulgatis</strong></span> <span class='ocrx_word' id='word_1_180' title='bbox 1098 2409 1118 2457; x_wconf 93' lang='lat' dir='ltr'><strong>a</strong></span> <span class='ocrx_word' id='word_1_181' title='bbox 1143 2408 1280 2459; x_wconf 89' lang='lat' dir='ltr'><strong>canone</strong></span> <span class='ocrx_word' id='word_1_182' title='bbox 1309 2387 1556 2481; x_wconf 88' lang='lat' dir='ltr'><strong>percellantur.</strong></span> <span class='ocrx_word' id='word_1_183' title='bbox 1580 2386 1684 2472; x_wconf 94' lang='lat' dir='ltr'><strong>ltem,</strong></span> <span class='ocrx_word' id='word_1_184' title='bbox 1707 2387 1864 2479; x_wconf 88' lang='lat' dir='ltr'><strong>prelatus</strong></span> 
     </span>
     <span class='ocr_line' id='line_1_19' title="bbox 428 2480 1864 2576; baseline 0.003 -26"><span class='ocrx_word' id='word_1_185' title='bbox 428 2480 507 2551; x_wconf 89' lang='lat' dir='ltr'><strong>talis</strong></span> <span class='ocrx_word' id='word_1_186' title='bbox 520 2482 561 2551; x_wconf 92' lang='lat' dir='ltr'><strong>N.</strong></span> <span class='ocrx_word' id='word_1_187' title='bbox 577 2483 785 2554; x_wconf 89' lang='lat' dir='ltr'><strong>multociens</strong></span> <span class='ocrx_word' id='word_1_188' title='bbox 802 2496 837 2554; x_wconf 93' lang='lat' dir='ltr'><strong>et</strong></span> <span class='ocrx_word' id='word_1_189' title='bbox 849 2504 965 2555; x_wconf 88' lang='lat' dir='ltr'><strong>coram</strong></span> <span class='ocrx_word' id='word_1_190' title='bbox 987 2484 1110 2556; x_wconf 89' lang='lat' dir='ltr'><strong>multis</strong></span> <span class='ocrx_word' id='word_1_191' title='bbox 1130 2507 1150 2555; x_wconf 92' lang='lat' dir='ltr'><strong>a</strong></span> <span class='ocrx_word' id='word_1_192' title='bbox 1171 2486 1273 2557; x_wconf 91' lang='lat' dir='ltr'><strong>nobis</strong></span> <span class='ocrx_word' id='word_1_193' title='bbox 1291 2486 1324 2555; x_wconf 94' lang='lat' dir='ltr'><strong>iu</strong></span> <span class='ocrx_word' id='word_1_194' title='bbox 1342 2485 1472 2576; x_wconf 88' lang='lat' dir='ltr'><strong>juditio</strong></span> <span class='ocrx_word' id='word_1_195' title='bbox 1487 2483 1655 2555; x_wconf 88' lang='lat' dir='ltr'><strong>canonice</strong></span> <span class='ocrx_word' id='word_1_196' title='bbox 1670 2484 1864 2576; x_wconf 90' lang='lat' dir='ltr'><strong>requisitus</strong></span> 
     </span>
     <span class='ocr_line' id='line_1_20' title="bbox 429 2579 1865 2674; baseline 0.003 -27"><span class='ocrx_word' id='word_1_197' title='bbox 429 2580 525 2670; x_wconf 92' lang='lat' dir='ltr'><strong>quod</strong></span> <span class='ocrx_word' id='word_1_198' title='bbox 537 2579 676 2673; x_wconf 88' lang='lat' dir='ltr'><strong>juraret</strong></span> <span class='ocrx_word' id='word_1_199' title='bbox 695 2581 740 2652; x_wconf 90' lang='lat' dir='ltr'><strong>de</strong></span> <span class='ocrx_word' id='word_1_200' title='bbox 759 2581 909 2652; x_wconf 89' lang='lat' dir='ltr'><strong>veritate</strong></span> <span class='ocrx_word' id='word_1_201' title='bbox 935 2581 1107 2670; x_wconf 84' lang='lat' dir='ltr'><strong>dicenda,</strong></span> <span class='ocrx_word' id='word_1_202' title='bbox 1132 2584 1253 2674; x_wconf 90' lang='lat' dir='ltr'><strong>jurare</strong></span> <span class='ocrx_word' id='word_1_203' title='bbox 1274 2583 1411 2670; x_wconf 90' lang='lat' dir='ltr'><strong>noluit,</strong></span> <span class='ocrx_word' id='word_1_204' title='bbox 1440 2594 1494 2653; x_wconf 89' lang='lat' dir='ltr'><strong>set</strong></span> <span class='ocrx_word' id='word_1_205' title='bbox 1519 2584 1660 2674; x_wconf 90' lang='lat' dir='ltr'><strong>penitus</strong></span> <span class='ocrx_word' id='word_1_206' title='bbox 1684 2582 1865 2653; x_wconf 89' lang='lat' dir='ltr'><strong>recusavit</strong></span> 
     </span>
     <span class='ocr_line' id='line_1_21' title="bbox 429 2676 1864 2772; baseline 0.003 -27"><span class='ocrx_word' id='word_1_207' title='bbox 429 2686 464 2746; x_wconf 93' lang='lat' dir='ltr'><strong>et</strong></span> <span class='ocrx_word' id='word_1_208' title='bbox 483 2676 599 2747; x_wconf 89' lang='lat' dir='ltr'><strong>adbuc</strong></span> <span class='ocrx_word' id='word_1_209' title='bbox 622 2690 760 2749; x_wconf 89' lang='lat' dir='ltr'><strong>recusat</strong></span> <span class='ocrx_word' id='word_1_210' title='bbox 779 2682 1017 2772; x_wconf 88' lang='lat' dir='ltr'><strong>pertinaciter,</strong></span> <span class='ocrx_word' id='word_1_211' title='bbox 1045 2701 1206 2752; x_wconf 89' lang='lat' dir='ltr'><strong>asserens</strong></span> <span class='ocrx_word' id='word_1_212' title='bbox 1226 2703 1265 2752; x_wconf 91' lang='lat' dir='ltr'><strong>se</strong></span> <span class='ocrx_word' id='word_1_213' title='bbox 1283 2681 1448 2765; x_wconf 88' lang='lat' dir='ltr'><strong>credere,</strong></span> <span class='ocrx_word' id='word_1_214' title='bbox 1472 2683 1592 2770; x_wconf 88' lang='lat' dir='ltr'><strong>jurare</strong></span> <span class='ocrx_word' id='word_1_215' title='bbox 1615 2681 1760 2751; x_wconf 93' lang='lat' dir='ltr'><strong>omnino</strong></span> <span class='ocrx_word' id='word_1_216' title='bbox 1782 2700 1864 2750; x_wconf 92' lang='lat' dir='ltr'><strong>esse</strong></span> 
     </span>
     <span class='ocr_line' id='line_1_22' title="bbox 428 2773 1862 2870; baseline 0.001 -27"><span class='ocrx_word' id='word_1_217' title='bbox 428 2773 538 2845; x_wconf 91' lang='lat' dir='ltr'><strong>aDeo</strong></span> <span class='ocrx_word' id='word_1_218' title='bbox 558 2774 771 2868; x_wconf 91' lang='lat' dir='ltr'><strong>prohibitum</strong></span> <span class='ocrx_word' id='word_1_219' title='bbox 793 2787 828 2847; x_wconf 92' lang='grc' dir='ltr'><strong>ει</strong></span> <span class='ocrx_word' id='word_1_220' title='bbox 848 2790 1042 2870; x_wconf 88' lang='lat' dir='ltr'><strong>peccatum.</strong></span> <span class='ocrx_word' id='word_1_221' title='bbox 1063 2779 1162 2861; x_wconf 90' lang='lat' dir='ltr'><strong>ltem,</strong></span> <span class='ocrx_word' id='word_1_222' title='bbox 1186 2800 1231 2849; x_wconf 86' lang='lat' dir='ltr'><strong>ex</strong></span> <span class='ocrx_word' id='word_1_223' title='bbox 1247 2777 1372 2850; x_wconf 89' lang='lat' dir='ltr'><strong>eodem</strong></span> <span class='ocrx_word' id='word_1_224' title='bbox 1389 2778 1484 2849; x_wconf 84' lang='lat' dir='ltr'><strong>sonte</strong></span> <span class='ocrx_word' id='word_1_225' title='bbox 1500 2777 1630 2848; x_wconf 91' lang='lat' dir='ltr'><strong>erroris</strong></span> <span class='ocrx_word' id='word_1_226' title='bbox 1642 2788 1678 2848; x_wconf 89' lang='lat' dir='ltr'><strong>et</strong></span> <span class='ocrx_word' id='word_1_227' title='bbox 1693 2777 1787 2848; x_wconf 92' lang='lat' dir='ltr'><strong>devii</strong></span> <span class='ocrx_word' id='word_1_228' title='bbox 1807 2777 1862 2846; x_wconf 91' lang='lat' dir='ltr'><strong>in·</strong></span> 
     </span>
     <span class='ocr_line' id='line_1_23' title="bbox 429 2871 1863 2969; baseline 0.004 -29"><span class='ocrx_word' id='word_1_229' title='bbox 429 2871 589 2943; x_wconf 89' lang='lat' dir='ltr'><strong>tellectus</strong></span> <span class='ocrx_word' id='word_1_230' title='bbox 609 2873 763 2966; x_wconf 90' lang='lat' dir='ltr'><strong>predicta</strong></span> <span class='ocrx_word' id='word_1_231' title='bbox 783 2887 877 2945; x_wconf 89' lang='lat' dir='ltr'><strong>secta</strong></span> <span class='ocrx_word' id='word_1_232' title='bbox 895 2885 931 2944; x_wconf 90' lang='lat' dir='ltr'><strong>et</strong></span> <span class='ocrx_word' id='word_1_233' title='bbox 950 2875 1085 2946; x_wconf 89' lang='lat' dir='ltr'><strong>heresis</strong></span> <span class='ocrx_word' id='word_1_234' title='bbox 1105 2876 1319 2969; x_wconf 79' lang='lat' dir='ltr'><strong>dogmatizat</strong></span> <span class='ocrx_word' id='word_1_235' title='bbox 1343 2897 1448 2946; x_wconf 94' lang='lat' dir='ltr'><strong>omne</strong></span> <span class='ocrx_word' id='word_1_236' title='bbox 1464 2874 1631 2966; x_wconf 87' lang='lat' dir='ltr'><strong>juditium</strong></span> <span class='ocrx_word' id='word_1_237' title='bbox 1652 2897 1730 2946; x_wconf 93' lang='lat' dir='ltr'><strong>esse</strong></span> <span class='ocrx_word' id='word_1_238' title='bbox 1748 2896 1769 2945; x_wconf 98' lang='grc'>3</span> <span class='ocrx_word' id='word_1_239' title='bbox 1789 2875 1863 2946; x_wconf 88' lang='lat' dir='ltr'><strong>Deo</strong></span> 
     </span>
     <span class='ocr_line' id='line_1_24' title="bbox 429 2967 1862 3070; baseline 0.003 -31"><span class='ocrx_word' id='word_1_240' title='bbox 429 2969 644 3062; x_wconf 88' lang='lat' dir='ltr'><strong>prohibitum</strong></span> <span class='ocrx_word' id='word_1_241' title='bbox 666 2983 701 3041; x_wconf 89' lang='lat' dir='ltr'><strong>et</strong></span> <span class='ocrx_word' id='word_1_242' title='bbox 720 2967 809 3070; x_wconf 84' lang='lat' dir='ltr'><strong>[per]</strong></span> <span class='ocrx_word' id='word_1_243' title='bbox 831 2994 1051 3065; x_wconf 90' lang='lat' dir='ltr'><strong>consequens</strong></span> <span class='ocrx_word' id='word_1_244' title='bbox 1071 2995 1149 3046; x_wconf 91' lang='lat' dir='ltr'><strong>esse</strong></span> <span class='ocrx_word' id='word_1_245' title='bbox 1170 2985 1364 3068; x_wconf 87' lang='lat' dir='ltr'><strong>peccatum,</strong></span> <span class='ocrx_word' id='word_1_246' title='bbox 1385 2984 1421 3044; x_wconf 91' lang='lat' dir='ltr'><strong>et</strong></span> <span class='ocrx_word' id='word_1_247' title='bbox 1439 2984 1559 3044; x_wconf 88' lang='lat' dir='ltr'><strong>contra</strong></span> <span class='ocrx_word' id='word_1_248' title='bbox 1577 2973 1637 3043; x_wconf 87' lang='lat' dir='ltr'><strong>Dei</strong></span> <span class='ocrx_word' id='word_1_249' title='bbox 1652 2972 1862 3065; x_wconf 90' lang='lat' dir='ltr'><strong>probibitio-</strong></span> 
     </span>
     <span class='ocr_line' id='line_1_25' title="bbox 428 3068 1863 3165; baseline 0.003 -30"><span class='ocrx_word' id='word_1_250' title='bbox 428 3088 509 3137; x_wconf 92' lang='lat' dir='ltr'><strong>nem</strong></span> <span class='ocrx_word' id='word_1_251' title='bbox 530 3068 683 3139; x_wconf 85' lang='lat' dir='ltr'><strong>existere</strong></span> <span class='ocrx_word' id='word_1_252' title='bbox 702 3070 797 3162; x_wconf 89' lang='lat' dir='ltr'><strong>quod</strong></span> <span class='ocrx_word' id='word_1_253' title='bbox 814 3071 926 3160; x_wconf 88' lang='lat' dir='ltr'><strong>judex</strong></span> <span class='ocrx_word' id='word_1_254' title='bbox 947 3070 1080 3162; x_wconf 88' lang='lat' dir='ltr'><strong>aliquid</strong></span> <span class='ocrx_word' id='word_1_255' title='bbox 1101 3073 1136 3142; x_wconf 93' lang='lat' dir='ltr'><strong>in</strong></span> <span class='ocrx_word' id='word_1_256' title='bbox 1155 3093 1380 3165; x_wconf 90' lang='lat' dir='ltr'><strong>quocumque</strong></span> <span class='ocrx_word' id='word_1_257' title='bbox 1401 3091 1485 3141; x_wconf 91' lang='lat' dir='ltr'><strong>casu</strong></span> <span class='ocrx_word' id='word_1_258' title='bbox 1509 3082 1545 3140; x_wconf 93' lang='lat' dir='ltr'><strong>et</strong></span> <span class='ocrx_word' id='word_1_259' title='bbox 1568 3092 1614 3141; x_wconf 87' lang='lat' dir='ltr'><strong>ex</strong></span> <span class='ocrx_word' id='word_1_260' title='bbox 1638 3091 1863 3162; x_wconf 87' lang='lat' dir='ltr'><strong>quacumque</strong></span> 
     </span>
     <span class='ocr_line' id='line_1_26' title="bbox 429 3165 1861 3263; baseline 0.002 -29"><span class='ocrx_word' id='word_1_261' title='bbox 429 3185 534 3235; x_wconf 88' lang='lat' dir='ltr'><strong>causa</strong></span> <span class='ocrx_word' id='word_1_262' title='bbox 554 3165 730 3237; x_wconf 90' lang='lat' dir='ltr'><strong>bominem</strong></span> <span class='ocrx_word' id='word_1_263' title='bbox 747 3168 884 3258; x_wconf 90' lang='lat' dir='ltr'><strong>judicet</strong></span> <span class='ocrx_word' id='word_1_264' title='bbox 902 3168 946 3239; x_wconf 91' lang='lat' dir='ltr'><strong>ad</strong></span> <span class='ocrx_word' id='word_1_265' title='bbox 966 3170 1178 3261; x_wconf 90' lang='lat' dir='ltr'><strong>supplicium</strong></span> <span class='ocrx_word' id='word_1_266' title='bbox 1197 3171 1354 3263; x_wconf 90' lang='lat' dir='ltr'><strong>corporis</strong></span> <span class='ocrx_word' id='word_1_267' title='bbox 1374 3180 1435 3239; x_wconf 91' lang='lat' dir='ltr'><strong>aut</strong></span> <span class='ocrx_word' id='word_1_268' title='bbox 1451 3188 1577 3262; x_wconf 90' lang='lat' dir='ltr'><strong>penam</strong></span> <span class='ocrx_word' id='word_1_269' title='bbox 1596 3167 1780 3259; x_wconf 76' lang='lat' dir='ltr'><strong>sanguinis</strong></span> <span class='ocrx_word' id='word_1_270' title='bbox 1797 3188 1861 3239; x_wconf 91' lang='lat' dir='ltr'><strong>seu</strong></span> 
     </span>
     <span class='ocr_line' id='line_1_27' title="bbox 428 3262 1864 3358; baseline 0.002 -26"><span class='ocrx_word' id='word_1_271' title='bbox 428 3262 474 3332; x_wconf 89' lang='lat' dir='ltr'><strong>ad</strong></span> <span class='ocrx_word' id='word_1_272' title='bbox 494 3274 662 3353; x_wconf 89' lang='lat' dir='ltr'><strong>mortem,</strong></span> <span class='ocrx_word' id='word_1_273' title='bbox 679 3266 788 3336; x_wconf 88' lang='lat' dir='ltr'><strong>verba</strong></span> <span class='ocrx_word' id='word_1_274' title='bbox 808 3268 918 3337; x_wconf 88' lang='lat' dir='ltr'><strong>sancti</strong></span> <span class='ocrx_word' id='word_1_275' title='bbox 938 3266 1121 3358; x_wconf 80' lang='lat' dir='ltr'><strong>Evangelii</strong></span> <span class='ocrx_word' id='word_1_276' title='bbox 1141 3268 1201 3338; x_wconf 92' lang='lat' dir='ltr'><strong>ubi</strong></span> <span class='ocrx_word' id='word_1_277' title='bbox 1219 3267 1383 3338; x_wconf 89' lang='lat' dir='ltr'><strong>scribitur</strong></span> <span class='ocrx_word' id='word_1_278' title='bbox 1401 3292 1410 3336; x_wconf 78' lang='grc' dir='ltr'><strong>ι</strong></span> <span class='ocrx_word' id='word_1_279' title='bbox 1427 3265 1546 3336; x_wconf 85' lang='lat' dir='ltr'><strong>Nolite</strong></span> <span class='ocrx_word' id='word_1_280' title='bbox 1555 3265 1729 3357; x_wconf 80' lang='lat' dir='ltr'><strong>judicare</strong></span> <span class='ocrx_word' id='word_1_281' title='bbox 1746 3271 1778 3335; x_wconf 80' lang='lat' dir='ltr'><strong>at</strong></span> <span class='ocrx_word' id='word_1_282' title='bbox 1792 3286 1864 3335; x_wconf 82' lang='lat' dir='ltr'><strong>non</strong></span> 
     </span>
     <span class='ocr_line' id='line_1_28' title="bbox 421 3360 1863 3457; baseline 0.003 -28"><span class='ocrx_word' id='word_1_283' title='bbox 421 3360 698 3452; x_wconf 81' lang='lat' dir='ltr'><strong>judicabimini,</strong></span> <span class='ocrx_word' id='word_1_284' title='bbox 720 3362 803 3433; x_wconf 90' lang='lat' dir='ltr'><strong>item</strong></span> <span class='ocrx_word' id='word_1_285' title='bbox 827 3390 836 3433; x_wconf 76' lang='grc' dir='ltr'><strong>ε</strong></span> <span class='ocrx_word' id='word_1_286' title='bbox 860 3386 929 3435; x_wconf 79' lang='lat' dir='ltr'><strong>nnn</strong></span> <span class='ocrx_word' id='word_1_287' title='bbox 947 3364 1100 3452; x_wconf 81' lang='lat' dir='ltr'><strong>occides,</strong></span> <span class='ocrx_word' id='word_1_288' title='bbox 1121 3377 1157 3437; x_wconf 91' lang='lat' dir='ltr'><strong>et</strong></span> <span class='ocrx_word' id='word_1_289' title='bbox 1175 3366 1324 3453; x_wconf 91' lang='lat' dir='ltr'><strong>similia,</strong></span> <span class='ocrx_word' id='word_1_290' title='bbox 1345 3365 1423 3435; x_wconf 91' lang='lat' dir='ltr'><strong>sine</strong></span> <span class='ocrx_word' id='word_1_291' title='bbox 1440 3364 1662 3457; x_wconf 88' lang='lat' dir='ltr'><strong>expositione</strong></span> <span class='ocrx_word' id='word_1_292' title='bbox 1681 3363 1800 3434; x_wconf 90' lang='lat' dir='ltr'><strong>debita</strong></span> <span class='ocrx_word' id='word_1_293' title='bbox 1815 3361 1863 3433; x_wconf 90' lang='lat' dir='ltr'><strong>ad</strong></span> 
     </span>
     <span class='ocr_line' id='line_1_29' title="bbox 429 3457 1863 3557; baseline 0.001 -28"><span class='ocrx_word' id='word_1_294' title='bbox 429 3457 497 3531; x_wconf 92' lang='lat' dir='ltr'><strong>boc</strong></span> <span class='ocrx_word' id='word_1_295' title='bbox 511 3462 709 3554; x_wconf 89' lang='lat' dir='ltr'><strong>applicans,</strong></span> <span class='ocrx_word' id='word_1_296' title='bbox 727 3483 796 3533; x_wconf 96' lang='lat' dir='ltr'><strong>non</strong></span> <span class='ocrx_word' id='word_1_297' title='bbox 812 3463 1013 3555; x_wconf 81' lang='lat' dir='ltr'><strong>intelligens</strong></span> <span class='ocrx_word' id='word_1_298' title='bbox 1028 3484 1094 3534; x_wconf 88' lang='lat' dir='ltr'><strong>nec</strong></span> <span class='ocrx_word' id='word_1_299' title='bbox 1109 3465 1284 3557; x_wconf 90' lang='lat' dir='ltr'><strong>recipiens</strong></span> <span class='ocrx_word' id='word_1_300' title='bbox 1299 3465 1391 3534; x_wconf 90' lang='lat' dir='ltr'><strong>sicut</strong></span> <span class='ocrx_word' id='word_1_301' title='bbox 1403 3473 1524 3533; x_wconf 87' lang='lat' dir='ltr'><strong>sancta</strong></span> <span class='ocrx_word' id='word_1_302' title='bbox 1537 3462 1691 3532; x_wconf 89' lang='lat' dir='ltr'><strong>Romana</strong></span> <span class='ocrx_word' id='word_1_303' title='bbox 1707 3459 1863 3532; x_wconf 85' lang='lat' dir='ltr'><strong>Ecclesia</strong></span> 
     </span>
     <span class='ocr_line' id='line_1_30' title="bbox 431 3559 1863 3653; baseline 0.001 -24"><span class='ocrx_word' id='word_1_304' title='bbox 431 3580 472 3629; x_wconf 91' lang='lat' dir='ltr'><strong>ea</strong></span> <span class='ocrx_word' id='word_1_305' title='bbox 493 3581 578 3630; x_wconf 87' lang='lat' dir='ltr'><strong>saue</strong></span> <span class='ocrx_word' id='word_1_306' title='bbox 599 3560 763 3650; x_wconf 81' lang='lat' dir='ltr'><strong>intelligit</strong></span> <span class='ocrx_word' id='word_1_307' title='bbox 777 3572 812 3632; x_wconf 88' lang='lat' dir='ltr'><strong>et</strong></span> <span class='ocrx_word' id='word_1_308' title='bbox 833 3561 938 3632; x_wconf 90' lang='lat' dir='ltr'><strong>tradit</strong></span> <span class='ocrx_word' id='word_1_309' title='bbox 957 3559 1121 3632; x_wconf 91' lang='lat' dir='ltr'><strong>fidelibus</strong></span> <span class='ocrx_word' id='word_1_310' title='bbox 1136 3563 1331 3633; x_wconf 90' lang='lat' dir='ltr'><strong>secundum</strong></span> <span class='ocrx_word' id='word_1_311' title='bbox 1352 3561 1548 3632; x_wconf 89' lang='lat' dir='ltr'><strong>doctrinam</strong></span> <span class='ocrx_word' id='word_1_312' title='bbox 1571 3568 1706 3653; x_wconf 90' lang='lat' dir='ltr'><strong>patrum</strong></span> <span class='ocrx_word' id='word_1_313' title='bbox 1728 3570 1764 3629; x_wconf 91' lang='lat' dir='ltr'><strong>ct</strong></span> <span class='ocrx_word' id='word_1_314' title='bbox 1781 3559 1863 3630; x_wconf 92' lang='lat' dir='ltr'><strong>doc·</strong></span> 
     </span>
     <span class='ocr_line' id='line_1_31' title="bbox 431 3653 1862 3755; baseline 0 -29"><span class='ocrx_word' id='word_1_315' title='bbox 431 3670 544 3727; x_wconf 91' lang='lat' dir='ltr'><strong>turum</strong></span> <span class='ocrx_word' id='word_1_316' title='bbox 560 3669 594 3728; x_wconf 90' lang='lat' dir='ltr'><strong>et</strong></span> <span class='ocrx_word' id='word_1_317' title='bbox 605 3658 791 3730; x_wconf 88' lang='lat' dir='ltr'><strong>canonicas</strong></span> <span class='ocrx_word' id='word_1_318' title='bbox 805 3658 1018 3744; x_wconf 90' lang='lat' dir='ltr'><strong>sanctiones,</strong></span> <span class='ocrx_word' id='word_1_319' title='bbox 1035 3680 1123 3750; x_wconf 90' lang='lat' dir='ltr'><strong>quas</strong></span> <span class='ocrx_word' id='word_1_320' title='bbox 1138 3660 1167 3729; x_wconf 91' lang='lat' dir='ltr'><strong>si</strong></span> <span class='ocrx_word' id='word_1_321' title='bbox 1184 3660 1325 3752; x_wconf 90' lang='lat' dir='ltr'><strong>quidem</strong></span> <span class='ocrx_word' id='word_1_322' title='bbox 1344 3653 1385 3754; x_wconf 84' lang='lat' dir='ltr'><strong>[l0</strong></span> <span class='ocrx_word' id='word_1_323' title='bbox 1397 3656 1444 3727; x_wconf 72' lang='lat' dir='ltr'><strong>ll</strong></span> <span class='ocrx_word' id='word_1_324' title='bbox 1455 3654 1492 3755; x_wconf 89' lang='lat' dir='ltr'><strong>b]</strong></span> <span class='ocrx_word' id='word_1_325' title='bbox 1508 3658 1708 3728; x_wconf 91' lang='lat' dir='ltr'><strong>sanctiones</strong></span> <span class='ocrx_word' id='word_1_326' title='bbox 1726 3657 1862 3750; x_wconf 85' lang='lat' dir='ltr'><strong>prelata</strong></span> 
     </span>
     <span class='ocr_line' id='line_1_32' title="bbox 430 3754 1863 3851; baseline -0.001 -27"><span class='ocrx_word' id='word_1_327' title='bbox 430 3768 524 3826; x_wconf 89' lang='lat' dir='ltr'><strong>secta</strong></span> <span class='ocrx_word' id='word_1_328' title='bbox 545 3755 693 3826; x_wconf 84' lang='lat' dir='ltr'><strong>devians</strong></span> <span class='ocrx_word' id='word_1_329' title='bbox 711 3778 730 3826; x_wconf 89' lang='lat' dir='ltr'><strong>a</strong></span> <span class='ocrx_word' id='word_1_330' title='bbox 752 3769 844 3828; x_wconf 89' lang='lat' dir='ltr'><strong>recta</strong></span> <span class='ocrx_word' id='word_1_331' title='bbox 864 3754 990 3827; x_wconf 87' lang='lat' dir='ltr'><strong>semita</strong></span> <span class='ocrx_word' id='word_1_332' title='bbox 1007 3778 1076 3827; x_wconf 93' lang='lat' dir='ltr'><strong>non</strong></span> <span class='ocrx_word' id='word_1_333' title='bbox 1097 3757 1233 3851; x_wconf 90' lang='lat' dir='ltr'><strong>recipit,</strong></span> <span class='ocrx_word' id='word_1_334' title='bbox 1256 3779 1321 3828; x_wconf 96' lang='lat' dir='ltr'><strong>nec</strong></span> <span class='ocrx_word' id='word_1_335' title='bbox 1337 3756 1458 3827; x_wconf 88' lang='lat' dir='ltr'><strong>valere</strong></span> <span class='ocrx_word' id='word_1_336' title='bbox 1473 3766 1627 3848; x_wconf 90' lang='lat' dir='ltr'><strong>reputat,</strong></span> <span class='ocrx_word' id='word_1_337' title='bbox 1644 3767 1699 3825; x_wconf 91' lang='lat' dir='ltr'><strong>set</strong></span> <span class='ocrx_word' id='word_1_338' title='bbox 1717 3755 1863 3848; x_wconf 87' lang='lat' dir='ltr'><strong>respicit</strong></span> 
     </span>
     <span class='ocr_line' id='line_1_33' title="bbox 429 3850 1863 3947; baseline 0 -24"><span class='ocrx_word' id='word_1_339' title='bbox 429 3864 465 3923; x_wconf 89' lang='grc' dir='ltr'><strong>ει</strong></span> <span class='ocrx_word' id='word_1_340' title='bbox 484 3853 713 3947; x_wconf 89' lang='lat' dir='ltr'><strong>contempnit.</strong></span> <span class='ocrx_word' id='word_1_341' title='bbox 739 3855 838 3942; x_wconf 88' lang='lat' dir='ltr'><strong>ltcm,</strong></span> <span class='ocrx_word' id='word_1_342' title='bbox 857 3854 948 3924; x_wconf 90' lang='lat' dir='ltr'><strong>circa</strong></span> <span class='ocrx_word' id='word_1_343' title='bbox 967 3866 1224 3925; x_wconf 89' lang='lat' dir='ltr'><strong>sacramentum</strong></span> <span class='ocrx_word' id='word_1_344' title='bbox 1244 3876 1329 3925; x_wconf 89' lang='lat' dir='ltr'><strong>vere</strong></span> <span class='ocrx_word' id='word_1_345' title='bbox 1348 3853 1541 3947; x_wconf 91' lang='lat' dir='ltr'><strong>penitentie</strong></span> <span class='ocrx_word' id='word_1_346' title='bbox 1558 3865 1593 3923; x_wconf 87' lang='lat' dir='ltr'><strong>et</strong></span> <span class='ocrx_word' id='word_1_347' title='bbox 1609 3853 1728 3923; x_wconf 91' lang='lat' dir='ltr'><strong>claves</strong></span> <span class='ocrx_word' id='word_1_348' title='bbox 1743 3850 1863 3924; x_wconf 87' lang='lat' dir='ltr'><strong>Eccle-</strong></span> 
     </span>
     <span class='ocr_line' id='line_1_34' title="bbox 429 3949 1859 4046; baseline -0.001 -24"><span class='ocrx_word' id='word_1_349' title='bbox 429 3952 481 4024; x_wconf 89' lang='lat' dir='ltr'><strong>sie</strong></span> <span class='ocrx_word' id='word_1_350' title='bbox 504 3952 729 4046; x_wconf 85' lang='lat' dir='ltr'><strong>pernitiosius</strong></span> <span class='ocrx_word' id='word_1_351' title='bbox 749 3953 970 4039; x_wconf 89' lang='lat' dir='ltr'><strong>oberrantes,</strong></span> <span class='ocrx_word' id='word_1_352' title='bbox 988 3962 1107 4023; x_wconf 89' lang='lat' dir='ltr'><strong>tenent</strong></span> <span class='ocrx_word' id='word_1_353' title='bbox 1121 3965 1156 4024; x_wconf 93' lang='lat' dir='ltr'><strong>et</strong></span> <span class='ocrx_word' id='word_1_354' title='bbox 1170 3953 1299 4024; x_wconf 90' lang='lat' dir='ltr'><strong>docent</strong></span> <span class='ocrx_word' id='word_1_355' title='bbox 1312 3973 1351 4023; x_wconf 92' lang='lat' dir='ltr'><strong>se</strong></span> <span class='ocrx_word' id='word_1_356' title='bbox 1365 3951 1498 4021; x_wconf 88' lang='lat' dir='ltr'><strong>babere</strong></span> <span class='ocrx_word' id='word_1_357' title='bbox 1511 3961 1717 4045; x_wconf 89' lang='lat' dir='ltr'><strong>potestatem</strong></span> <span class='ocrx_word' id='word_1_358' title='bbox 1735 3970 1755 4018; x_wconf 93' lang='lat' dir='ltr'><strong>a</strong></span> <span class='ocrx_word' id='word_1_359' title='bbox 1771 3949 1859 4038; x_wconf 88' lang='lat' dir='ltr'><strong>Deo,</strong></span> 
     </span>
     <span class='ocr_line' id='line_1_35' title="bbox 428 4049 1859 4144; baseline 0 -26"><span class='ocrx_word' id='word_1_360' title='bbox 428 4053 519 4121; x_wconf 90' lang='lat' dir='ltr'><strong>sicut</strong></span> <span class='ocrx_word' id='word_1_361' title='bbox 544 4054 658 4121; x_wconf 88' lang='lat' dir='ltr'><strong>sancti</strong></span> <span class='ocrx_word' id='word_1_362' title='bbox 679 4051 828 4144; x_wconf 90' lang='lat' dir='ltr'><strong>apostoli</strong></span> <span class='ocrx_word' id='word_1_363' title='bbox 848 4050 1069 4134; x_wconf 89' lang='lat' dir='ltr'><strong>habuerunt,</strong></span> <span class='ocrx_word' id='word_1_364' title='bbox 1091 4051 1259 4121; x_wconf 88' lang='lat' dir='ltr'><strong>audiendi</strong></span> <span class='ocrx_word' id='word_1_365' title='bbox 1279 4049 1519 4122; x_wconf 89' lang='lat' dir='ltr'><strong>confessiones</strong></span> <span class='ocrx_word' id='word_1_366' title='bbox 1547 4059 1769 4142; x_wconf 88' lang='lat' dir='ltr'><strong>peccatorum</strong></span> <span class='ocrx_word' id='word_1_367' title='bbox 1790 4049 1859 4120; x_wconf 92' lang='lat' dir='ltr'><strong>sibi</strong></span> 
     </span>
     <span class='ocr_line' id='line_1_36' title="bbox 428 4145 1857 4242; baseline 0 -25"><span class='ocrx_word' id='word_1_368' title='bbox 428 4148 622 4219; x_wconf 86' lang='lat' dir='ltr'><strong>volentium</strong></span> <span class='ocrx_word' id='word_1_369' title='bbox 648 4147 826 4234; x_wconf 87' lang='lat' dir='ltr'><strong>confiteri,</strong></span> <span class='ocrx_word' id='word_1_370' title='bbox 849 4161 884 4219; x_wconf 89' lang='lat' dir='ltr'><strong>et</strong></span> <span class='ocrx_word' id='word_1_371' title='bbox 907 4149 1139 4236; x_wconf 86' lang='lat' dir='ltr'><strong>absoluendi,</strong></span> <span class='ocrx_word' id='word_1_372' title='bbox 1162 4159 1198 4219; x_wconf 89' lang='lat' dir='ltr'><strong>et</strong></span> <span class='ocrx_word' id='word_1_373' title='bbox 1223 4151 1435 4242; x_wconf 88' lang='lat' dir='ltr'><strong>penitentias</strong></span> <span class='ocrx_word' id='word_1_374' title='bbox 1463 4145 1689 4238; x_wconf 81' lang='lat' dir='ltr'><strong>injungendi;</strong></span> <span class='ocrx_word' id='word_1_375' title='bbox 1715 4148 1857 4217; x_wconf 90' lang='lat' dir='ltr'><strong>conles·</strong></span> 
     </span>
     <span class='ocr_line' id='line_1_37' title="bbox 427 4244 1861 4338; baseline 0 -23"><span class='ocrx_word' id='word_1_376' title='bbox 427 4247 546 4317; x_wconf 91' lang='lat' dir='ltr'><strong>siones</strong></span> <span class='ocrx_word' id='word_1_377' title='bbox 564 4246 683 4317; x_wconf 90' lang='lat' dir='ltr'><strong>talium</strong></span> <span class='ocrx_word' id='word_1_378' title='bbox 703 4247 853 4317; x_wconf 90' lang='lat' dir='ltr'><strong>audiunt</strong></span> <span class='ocrx_word' id='word_1_379' title='bbox 869 4257 904 4316; x_wconf 93' lang='grc' dir='ltr'><strong>ει</strong></span> <span class='ocrx_word' id='word_1_380' title='bbox 923 4245 1112 4338; x_wconf 80' lang='lat' dir='ltr'><strong>injungunt</strong></span> <span class='ocrx_word' id='word_1_381' title='bbox 1127 4246 1196 4317; x_wconf 92' lang='lat' dir='ltr'><strong>sibi</strong></span> <span class='ocrx_word' id='word_1_382' title='bbox 1209 4244 1458 4317; x_wconf 88' lang='lat' dir='ltr'><strong>confitentibus</strong></span> <span class='ocrx_word' id='word_1_383' title='bbox 1477 4245 1687 4338; x_wconf 88' lang='lat' dir='ltr'><strong>penitentias</strong></span> <span class='ocrx_word' id='word_1_384' title='bbox 1703 4264 1766 4337; x_wconf 94' lang='lat' dir='ltr'><strong>pro</strong></span> <span class='ocrx_word' id='word_1_385' title='bbox 1779 4266 1861 4337; x_wconf 91' lang='lat' dir='ltr'><strong>pec·</strong></span> 
     </span>
     <span class='ocr_line' id='line_1_38' title="bbox 427 4342 1857 4437; baseline -0.002 -23"><span class='ocrx_word' id='word_1_386' title='bbox 427 4347 534 4430; x_wconf 89' lang='lat' dir='ltr'><strong>catis,</strong></span> <span class='ocrx_word' id='word_1_387' title='bbox 556 4345 720 4436; x_wconf 90' lang='lat' dir='ltr'><strong>quamvis</strong></span> <span class='ocrx_word' id='word_1_388' title='bbox 740 4366 810 4416; x_wconf 93' lang='lat' dir='ltr'><strong>non</strong></span> <span class='ocrx_word' id='word_1_389' title='bbox 830 4355 913 4415; x_wconf 90' lang='lat' dir='ltr'><strong>sont</strong></span> <span class='ocrx_word' id='word_1_390' title='bbox 932 4344 1069 4431; x_wconf 90' lang='lat' dir='ltr'><strong>clerici,</strong></span> <span class='ocrx_word' id='word_1_391' title='bbox 1092 4365 1157 4415; x_wconf 88' lang='lat' dir='ltr'><strong>nec</strong></span> <span class='ocrx_word' id='word_1_392' title='bbox 1176 4345 1377 4415; x_wconf 89' lang='lat' dir='ltr'><strong>sacerdotes</strong></span> <span class='ocrx_word' id='word_1_393' title='bbox 1396 4365 1459 4437; x_wconf 90' lang='lat' dir='ltr'><strong>per</strong></span> <span class='ocrx_word' id='word_1_394' title='bbox 1477 4344 1631 4435; x_wconf 90' lang='lat' dir='ltr'><strong>aliquem</strong></span> <span class='ocrx_word' id='word_1_395' title='bbox 1650 4342 1857 4435; x_wconf 90' lang='lat' dir='ltr'><strong>episcopum</strong></span> 
     </span>
     <span class='ocr_line' id='line_1_39' title="bbox 426 4441 1857 4536; baseline -0.001 -25"><span class='ocrx_word' id='word_1_396' title='bbox 426 4441 581 4513; x_wconf 87' lang='lat' dir='ltr'><strong>Romane</strong></span> <span class='ocrx_word' id='word_1_397' title='bbox 594 4441 747 4514; x_wconf 82' lang='lat' dir='ltr'><strong>Ecclesia</strong></span> <span class='ocrx_word' id='word_1_398' title='bbox 760 4441 926 4527; x_wconf 89' lang='lat' dir='ltr'><strong>ordinati,</strong></span> <span class='ocrx_word' id='word_1_399' title='bbox 943 4453 997 4512; x_wconf 90' lang='lat' dir='ltr'><strong>set</strong></span> <span class='ocrx_word' id='word_1_400' title='bbox 1013 4453 1097 4511; x_wconf 87' lang='lat' dir='ltr'><strong>sunt</strong></span> <span class='ocrx_word' id='word_1_401' title='bbox 1108 4442 1199 4536; x_wconf 84' lang='lat' dir='ltr'><strong>layci</strong></span> <span class='ocrx_word' id='word_1_402' title='bbox 1213 4441 1438 4535; x_wconf 86' lang='lat' dir='ltr'><strong>simpliciter;</strong></span> <span class='ocrx_word' id='word_1_403' title='bbox 1457 4441 1633 4533; x_wconf 87' lang='lat' dir='ltr'><strong>talemque</strong></span> <span class='ocrx_word' id='word_1_404' title='bbox 1646 4450 1857 4532; x_wconf 87' lang='lat' dir='ltr'><strong>potestatem</strong></span> 
     </span>
     <span class='ocr_line' id='line_1_40' title="bbox 426 4534 1860 4632; baseline 0 -24"><span class='ocrx_word' id='word_1_405' title='bbox 426 4561 496 4612; x_wconf 92' lang='lat' dir='ltr'><strong>non</strong></span> <span class='ocrx_word' id='word_1_406' title='bbox 516 4538 728 4612; x_wconf 88' lang='lat' dir='ltr'><strong>confitentur</strong></span> <span class='ocrx_word' id='word_1_407' title='bbox 750 4562 789 4611; x_wconf 85' lang='lat' dir='ltr'><strong>se</strong></span> <span class='ocrx_word' id='word_1_408' title='bbox 808 4539 940 4610; x_wconf 89' lang='lat' dir='ltr'><strong>babere</strong></span> <span class='ocrx_word' id='word_1_409' title='bbox 957 4560 977 4610; x_wconf 92' lang='grc'>3</span> <span class='ocrx_word' id='word_1_410' title='bbox 997 4540 1153 4610; x_wconf 87' lang='lat' dir='ltr'><strong>Romana</strong></span> <span class='ocrx_word' id='word_1_411' title='bbox 1170 4538 1343 4625; x_wconf 87' lang='lat' dir='ltr'><strong>Ecclesia,</strong></span> <span class='ocrx_word' id='word_1_412' title='bbox 1365 4551 1419 4610; x_wconf 90' lang='lat' dir='ltr'><strong>set</strong></span> <span class='ocrx_word' id='word_1_413' title='bbox 1439 4540 1560 4632; x_wconf 90' lang='lat' dir='ltr'><strong>pocius</strong></span> <span class='ocrx_word' id='word_1_414' title='bbox 1582 4534 1797 4625; x_wconf 87' lang='lat' dir='ltr'><strong>diffitentur,</strong></span> <span class='ocrx_word' id='word_1_415' title='bbox 1822 4548 1860 4608; x_wconf 92' lang='lat' dir='ltr'><strong>et</strong></span> 
     </span>
     <span class='ocr_line' id='line_1_41' title="bbox 426 4634 1886 4730; baseline 0 -24"><span class='ocrx_word' id='word_1_416' title='bbox 426 4658 550 4709; x_wconf 89' lang='lat' dir='ltr'><strong>revera</strong></span> <span class='ocrx_word' id='word_1_417' title='bbox 576 4659 642 4709; x_wconf 89' lang='lat' dir='ltr'><strong>nec</strong></span> <span class='ocrx_word' id='word_1_418' title='bbox 666 4658 686 4708; x_wconf 91' lang='grc'>3</span> <span class='ocrx_word' id='word_1_419' title='bbox 710 4639 783 4709; x_wconf 88' lang='lat' dir='ltr'><strong>Deo</strong></span> <span class='ocrx_word' id='word_1_420' title='bbox 812 4658 878 4708; x_wconf 94' lang='lat' dir='ltr'><strong>nec</strong></span> <span class='ocrx_word' id='word_1_421' title='bbox 902 4637 947 4707; x_wconf 90' lang='lat' dir='ltr'><strong>ab</strong></span> <span class='ocrx_word' id='word_1_422' title='bbox 976 4638 1052 4726; x_wconf 87' lang='lat' dir='ltr'><strong>ejus</strong></span> <span class='ocrx_word' id='word_1_423' title='bbox 1071 4636 1225 4709; x_wconf 90' lang='lat' dir='ltr'><strong>Ecclesia</strong></span> <span class='ocrx_word' id='word_1_424' title='bbox 1250 4640 1361 4730; x_wconf 90' lang='lat' dir='ltr'><strong>ipsam</strong></span> <span class='ocrx_word' id='word_1_425' title='bbox 1389 4635 1541 4730; x_wconf 86' lang='lat' dir='ltr'><strong>babent,</strong></span> <span class='ocrx_word' id='word_1_426' title='bbox 1566 4656 1646 4705; x_wconf 95' lang='lat' dir='ltr'><strong>cum</strong></span> <span class='ocrx_word' id='word_1_427' title='bbox 1665 4634 1737 4704; x_wconf 90' lang='lat' dir='ltr'><strong>sint</strong></span> <span class='ocrx_word' id='word_1_428' title='bbox 1755 4645 1886 4706; x_wconf 81' lang='lat' dir='ltr'><strong>extra·</strong></span> 
     </span>
    </p>
   </div>
   <div class='ocr_carea' id='block_1_3' title="bbox 422 4733 1857 5120">
    <p class='ocr_par' dir='ltr' id='par_1_3' title="bbox 422 4733 1857 5120">
     <span class='ocr_line' id='line_1_42' title="bbox 424 4733 1856 4830; baseline -0.003 -24"><span class='ocrx_word' id='word_1_429' title='bbox 424 4733 613 4806; x_wconf 89' lang='lat' dir='ltr'><strong>Ecclesiam</strong></span> <span class='ocrx_word' id='word_1_430' title='bbox 634 4748 670 4806; x_wconf 90' lang='lat' dir='ltr'><strong>et</strong></span> <span class='ocrx_word' id='word_1_431' title='bbox 694 4736 739 4807; x_wconf 90' lang='lat' dir='ltr'><strong>ab</strong></span> <span class='ocrx_word' id='word_1_432' title='bbox 766 4738 840 4830; x_wconf 88' lang='lat' dir='ltr'><strong>ipsa</strong></span> <span class='ocrx_word' id='word_1_433' title='bbox 870 4734 1023 4805; x_wconf 89' lang='lat' dir='ltr'><strong>Ecclesia</strong></span> <span class='ocrx_word' id='word_1_434' title='bbox 1043 4736 1116 4825; x_wconf 90' lang='lat' dir='ltr'><strong>jam</strong></span> <span class='ocrx_word' id='word_1_435' title='bbox 1147 4735 1298 4827; x_wconf 90' lang='lat' dir='ltr'><strong>precisi,</strong></span> <span class='ocrx_word' id='word_1_436' title='bbox 1328 4747 1427 4805; x_wconf 84' lang='lat' dir='ltr'><strong>extra</strong></span> <span class='ocrx_word' id='word_1_437' title='bbox 1454 4755 1559 4826; x_wconf 91' lang='lat' dir='ltr'><strong>quam</strong></span> <span class='ocrx_word' id='word_1_438' title='bbox 1591 4753 1660 4803; x_wconf 94' lang='lat' dir='ltr'><strong>non</strong></span> <span class='ocrx_word' id='word_1_439' title='bbox 1690 4743 1744 4802; x_wconf 89' lang='lat' dir='ltr'><strong>est</strong></span> <span class='ocrx_word' id='word_1_440' title='bbox 1770 4752 1856 4803; x_wconf 88' lang='lat' dir='ltr'><strong>vera</strong></span> 
     </span>
     <span class='ocr_line' id='line_1_43' title="bbox 424 4830 1857 4926; baseline -0.003 -22"><span class='ocrx_word' id='word_1_441' title='bbox 424 4834 617 4925; x_wconf 87' lang='lat' dir='ltr'><strong>penitentia</strong></span> <span class='ocrx_word' id='word_1_442' title='bbox 647 4853 762 4926; x_wconf 88' lang='lat' dir='ltr'><strong>neque</strong></span> <span class='ocrx_word' id='word_1_443' title='bbox 788 4833 896 4904; x_wconf 90' lang='lat' dir='ltr'><strong>salos.</strong></span> <span class='ocrx_word' id='word_1_444' title='bbox 918 4832 1002 4903; x_wconf 90' lang='lat' dir='ltr'><strong>ltem</strong></span> <span class='ocrx_word' id='word_1_445' title='bbox 1015 4885 1025 4919; x_wconf 92' lang='lat'><strong>,</strong></span> <span class='ocrx_word' id='word_1_446' title='bbox 1047 4834 1123 4925; x_wconf 88' lang='lat' dir='ltr'><strong>ipse</strong></span> <span class='ocrx_word' id='word_1_447' title='bbox 1147 4832 1302 4925; x_wconf 89' lang='lat' dir='ltr'><strong>prelatus</strong></span> <span class='ocrx_word' id='word_1_448' title='bbox 1325 4832 1368 4903; x_wconf 89' lang='lat' dir='ltr'><strong>N.</strong></span> <span class='ocrx_word' id='word_1_449' title='bbox 1394 4835 1430 4901; x_wconf 91' lang='lat' dir='ltr'><strong>in</strong></span> <span class='ocrx_word' id='word_1_450' title='bbox 1446 4831 1577 4921; x_wconf 88' lang='lat' dir='ltr'><strong>juditio</strong></span> <span class='ocrx_word' id='word_1_451' title='bbox 1601 4841 1655 4900; x_wconf 93' lang='lat' dir='ltr'><strong>est</strong></span> <span class='ocrx_word' id='word_1_452' title='bbox 1672 4830 1857 4900; x_wconf 86' lang='lat' dir='ltr'><strong>conlessus</strong></span> 
     </span>
     <span class='ocr_line' id='line_1_44' title="bbox 424 4927 1856 5023; baseline -0.001 -24"><span class='ocrx_word' id='word_1_453' title='bbox 424 4950 463 5000; x_wconf 91' lang='lat' dir='ltr'><strong>se</strong></span> <span class='ocrx_word' id='word_1_454' title='bbox 489 4931 622 5000; x_wconf 93' lang='lat' dir='ltr'><strong>dudum</strong></span> <span class='ocrx_word' id='word_1_455' title='bbox 649 4931 847 5002; x_wconf 85' lang='lat' dir='ltr'><strong>consessum</strong></span> <span class='ocrx_word' id='word_1_456' title='bbox 876 4930 985 5001; x_wconf 88' lang='lat' dir='ltr'><strong>luisse</strong></span> <span class='ocrx_word' id='word_1_457' title='bbox 1007 4939 1150 5023; x_wconf 87' lang='lat' dir='ltr'><strong>peccata</strong></span> <span class='ocrx_word' id='word_1_458' title='bbox 1169 4950 1232 5001; x_wconf 89' lang='lat' dir='ltr'><strong>sua</strong></span> <span class='ocrx_word' id='word_1_459' title='bbox 1259 4929 1471 5022; x_wconf 89' lang='lat' dir='ltr'><strong>quibusdam</strong></span> <span class='ocrx_word' id='word_1_460' title='bbox 1497 4927 1732 4999; x_wconf 87' lang='lat' dir='ltr'><strong>Valdensibus</strong></span> <span class='ocrx_word' id='word_1_461' title='bbox 1760 4927 1856 4998; x_wconf 88' lang='lat' dir='ltr'><strong>dicte</strong></span> 
     </span>
     <span class='ocr_line' id='line_1_45' title="bbox 422 5026 1854 5120; baseline -0.001 -23"><span class='ocrx_word' id='word_1_462' title='bbox 422 5038 517 5098; x_wconf 90' lang='lat' dir='ltr'><strong>secte</strong></span> <span class='ocrx_word' id='word_1_463' title='bbox 535 5028 815 5120; x_wconf 82' lang='lat' dir='ltr'><strong>professoribus,</strong></span> <span class='ocrx_word' id='word_1_464' title='bbox 836 5027 1002 5099; x_wconf 85' lang='lat' dir='ltr'><strong>uidelicet</strong></span> <span class='ocrx_word' id='word_1_465' title='bbox 1023 5026 1081 5096; x_wconf 90' lang='lat' dir='ltr'><strong>tali</strong></span> <span class='ocrx_word' id='word_1_466' title='bbox 1100 5039 1135 5097; x_wconf 89' lang='lat' dir='ltr'><strong>et</strong></span> <span class='ocrx_word' id='word_1_467' title='bbox 1156 5028 1216 5098; x_wconf 89' lang='lat' dir='ltr'><strong>tali</strong></span> <span class='ocrx_word' id='word_1_468' title='bbox 1234 5028 1381 5098; x_wconf 90' lang='lat' dir='ltr'><strong>cuilibet</strong></span> <span class='ocrx_word' id='word_1_469' title='bbox 1397 5027 1620 5119; x_wconf 81' lang='lat' dir='ltr'><strong>singillatim,</strong></span> <span class='ocrx_word' id='word_1_470' title='bbox 1643 5037 1737 5096; x_wconf 88' lang='lat' dir='ltr'><strong>etse</strong></span> <span class='ocrx_word' id='word_1_471' title='bbox 1757 5045 1854 5096; x_wconf 88' lang='lat' dir='ltr'><strong>rece-</strong></span> 
     </span>
    </p>
   </div>
   <div class='ocr_carea' id='block_1_4' title="bbox 0 0 2292 6404">
    <p class='ocr_par' dir='ltr' id='par_1_4' title="bbox 0 0 2292 6404">
     <span class='ocr_line' id='line_1_46' title="bbox 0 0 2292 6404; baseline 0 3"><span class='ocrx_word' id='word_1_472' title='bbox 0 0 2292 6404; x_wconf 95' lang='lat' dir='ltr'><strong> </strong></span> 
     </span>
    </p>
   </div>
  </div>
 </body>
</html>
