4574 6404
1017 665 1138 717 TERTIA
1165 665 1262 717 PARS.

653 956 686 1018 a.
712 956 762 1032 [1²⁰
780 954 817 1017 ta
834 954 866 1035 b]
888 955 946 1019 Ad
961 955 1123 1032 gratiam
1138 954 1183 1018 de
1201 953 1373 1019 crucibus
1391 952 1629 1034 deponendis.

469 1200 507 1269 ln
535 1200 678 1270 nomine
704 1198 868 1284 Domini,
889 1219 1007 1269 amen.
1035 1200 1106 1271 Nos
1130 1199 1172 1268 N.
1203 1211 1238 1268 el
1265 1198 1307 1267 N.
1338 1197 1564 1290 inquisitores
1599 1195 1754 1267 heretice
1781 1219 1862 1290 pra-

423 1296 556 1384 vitatis,
578 1308 613 1369 el
632 1296 720 1367 tales
741 1297 784 1366 N.
805 1307 840 1366 et
860 1295 903 1367 N.
924 1296 1157 1368 commissarii
1179 1295 1337 1389 deputati
1358 1292 1626 1387 (caprimontem
1644 1294 1866 1366 nominoio-1

422 1394 631 1491 qaisitmmm
649 1400 682 1464 et
699 1393 1057 1490 commissariorum),
1076 1396 1224 1487 gratiam
1241 1394 1408 1464 iacientes
1425 1396 1585 1486 personis
1600 1394 1688 1461 inira
1705 1393 1857 1486 scriptis,

424 1494 634 1587 deponimus
651 1513 775 1563 cruces
790 1492 835 1563 de
849 1491 941 1564 filtro
960 1492 1095 1563 dudum
1112 1493 1197 1586 ipsis
1215 1493 1259 1561 ad
1280 1493 1490 1584 portandum
1508 1490 1650 1561 nomine
1669 1491 1861 1582 penitentie

423 1611 484 1686 pro
499 1590 698 1662 commissis
718 1591 754 1660 in
775 1591 865 1661 iacto
886 1589 1021 1661 heresis
1042 1591 1223 1682 impositas
1240 1600 1276 1661 et
1296 1589 1485 1679 injunctas,
1508 1588 1613 1658 nichil
1636 1588 1860 1659 immutantes

424 1691 456 1758 in
482 1689 562 1760 aliis
588 1710 658 1780 que
686 1688 820 1759 eisdem
851 1689 1011 1780 personis
1039 1688 1182 1759 luerunt
1208 1687 1290 1758 olim
1320 1687 1354 1754 in
1385 1686 1611 1779 penitentiam
1636 1706 1698 1756 seu
1719 1687 1862 1759 nomine

423 1787 617 1880 penitentie
637 1787 799 1879 imposita
821 1798 857 1856 et
883 1786 1060 1876 injuncta,
1083 1797 1217 1856 retenta
1247 1785 1349 1855 nobis
1375 1805 1416 1854 ao
1445 1784 1574 1855 nostris
1603 1785 1638 1853 in
1665 1782 1781 1855 officio
1801 1785 1857 1854 in-

424 1884 625 1977 quisitionis
640 1884 904 1954 successorihus
925 1885 1032 1954 libera
1059 1893 1231 1976 potestate
1259 1881 1451 1975 reponendi
1472 1902 1593 1952 cruces
1618 1883 1751 1952 eisdem
1781 1904 1861 1974 per-

423 1986 532 2065 sonis,
546 1984 576 2052 si
594 1982 696 2053 nobis
716 1982 772 2052 vel
793 1984 845 2051 eis
862 1982 976 2052 visum
999 1981 1104 2052 luerit
1123 1981 1335 2052 laciendum.
1349 1980 1578 2049 Personarum
1594 1993 1710 2049 autem
1732 1981 1861 2072 quibus

425 2100 545 2150 cruces
574 2079 783 2171 deponimus
806 2091 890 2149 sunl
912 2082 1054 2150 nomina
1084 2101 1153 2170 que
1179 2091 1359 2150 secuntur.
1390 2076 1686 2172 (Exprimontar
1716 2077 1863 2148 nomina

425 2196 498 2248 oum
516 2177 779 2269 cognominibus
796 2183 830 2246 et
855 2177 937 2248 locis
956 2176 1120 2270 propriis
1139 2175 1377 2269 singulorum,
1407 2182 1440 2245 et
1461 2175 1665 2247 scribantur
1688 2175 1726 2245 ia
1744 2175 1864 2272 aclis.)

363 2519 366 2524 .
425 2434 457 2498 7.
481 2434 617 2498 Forma
632 2433 811 2498 educendi
827 2432 871 2497 de
887 2449 991 2497 muro
1009 2449 1092 2496 cum
1108 2432 1279 2497 crucibus
1303 2439 1340 2496 et
1363 2431 1727 2511 peregrinationibus
1750 2438 1786 2495 et
1805 2448 1861 2496 re·

876 2540 977 2617 gulis
992 2541 1143 2605 vivendi
1160 2539 1409 2617 generalibus.

471 2785 510 2854 ln
531 2787 673 2856 nomine
692 2784 846 2870 Domini,
866 2805 984 2856 amen.
1003 2784 1074 2856 Nos
1095 2786 1220 2878 prelati
1244 2786 1472 2877 inquisitores
1498 2783 1651 2855 heretice
1679 2785 1863 2878 pravitatis

427 2881 502 2952 talis
533 2892 569 2954 et
599 2882 677 2952 talis
705 2895 740 2952 et
768 2884 1001 2953 commissarii
1024 2882 1175 2974 delegati
1205 2883 1283 2953 talis
1314 2881 1355 2950 N.
1387 2892 1422 2951 el
1448 2880 1526 2951 talis
1553 2880 1612 2967 N.,
1641 2882 1863 2954 attendentes

426 2979 518 3072 quod
551 3001 702 3073 persone
733 2981 820 3050 inlra
850 2981 980 3073 scripte
1010 2981 1193 3072 utriusque
1226 3001 1356 3066 sexus,
1388 2990 1491 3072 prout
1518 2980 1619 3051 nobis
1646 2982 1798 3051 subsunt
1828 2991 1864 3051 et

426 3089 593 3169 quantum
619 3099 892 3170 -unumcumque
916 3089 1074 3150 nostrum
1102 3078 1230 3169 tangit,
1260 3077 1425 3147 videlicet
1450 3077 1528 3148 talis
1559 3090 1594 3148 et
1619 3078 1696 3149 talis
1723 3075 1861 3172 (expri-

425 3180 572 3246 mantur
587 3178 732 3246 aomina
750 3175 974 3268 singulorum
994 3176 1031 3245 r'a
1049 3178 1113 3248 islo
1132 3175 1219 3270 loco)
1243 3174 1376 3246 dudum
1402 3169 1443 3270 [1⁰
1468 3171 1513 3243 le
1537 3171 1569 3273 c]
1598 3177 1741 3249 nomine
1763 3180 1864 3270 peni·

427 3272 533 3344 tenlie
553 3275 718 3344 inmurati
741 3297 805 3367 pro
826 3274 980 3366 hiisque
998 3274 1294 3346 commiserantin
1314 3275 1461 3343 crimine
1481 3272 1637 3344 heretice
1662 3275 1860 3367 pravitatis,

426 3374 617 3442 nostriset
648 3371 803 3443 Ecclesie
836 3371 1016 3442 humiliter
1047 3372 1203 3465 parendo
1230 3371 1403 3441 mandatis
1433 3371 1574 3441 luerunt
1598 3373 1633 3440 in
1665 3393 1765 3443 muro
1788 3373 1860 3462 jam

427 3469 525 3540 annis
546 3469 705 3562 pluribus
726 3470 947 3557 commorati,
970 3472 1131 3540 volentes
1146 3490 1267 3540 eorum
1289 3489 1415 3561 penam
1438 3489 1478 3538 ao
1506 3467 1733 3561 penitentiam
1756 3471 1861 3540 mise·

427 3566 611 3639 ricorditer
627 3568 803 3658 mitigare,
826 3568 921 3660 ipsos
945 3571 1107 3661 superius
1135 3570 1333 3638 nominatos
1357 3587 1375 3636 a
1402 3568 1491 3636 muri
1521 3588 1662 3638 carcere
1685 3568 1730 3638 de
1750 3570 1859 3659 gralia

427 3664 645 3752 relaxamus,
678 3665 903 3759 injungentes
927 3665 1059 3736 eisdem
1093 3665 1256 3736 omnibus
1285 3675 1319 3736 el
1346 3663 1495 3756 singulis
1521 3665 1588 3735 snb
1619 3665 1749 3736 virtute
1775 3686 1795 3735 a
1823 3685 1864 3736 se

426 3764 561 3854 prestiti
582 3764 787 3853 juramenti,
808 3766 843 3832 in
864 3766 1174 3835 commutationem
1195 3764 1287 3833 dicte
1313 3764 1506 3856 penitentie
1525 3774 1559 3834 et
1580 3765 1744 3851 carceris,
1766 3763 1861 3854 quod

426 3861 459 3928 in
477 3860 747 3932 detestationem
769 3862 900 3932 veteris
920 3862 1048 3933 erroris
1068 3861 1101 3930 in
1123 3861 1219 3932 omui
1246 3871 1347 3931 veste
1373 3880 1450 3946 sua,
1473 3872 1620 3953 excepta
1644 3863 1788 3930 camisia
1809 3862 1862 3930 in·

427 3961 562 4047 teriori,
585 3969 727 4051 portent
745 3970 914 4051 perpetuo
932 3959 1020 4029 duas
1039 3982 1161 4030 cruces
1186 3960 1368 4052 dupplices
1389 3957 1461 4049 (vel
1477 3957 1683 4053 simplices),
1706 3959 1750 4027 de
1770 3956 1863 4030 filtro

427 4058 541 4128 crooei
563 4056 707 4143 coloris,
729 4077 835 4127 unam
857 4058 1014 4128 anterius
1034 4058 1067 4126 in
1089 4071 1244 4151 pectore,
1265 4069 1299 4127 et
1318 4056 1420 4126 aliam
1441 4057 1613 4148 posterius
1632 4058 1724 4126 inter
1742 4065 1862 4148 spatu-

428 4151 490 4238 las,
512 4155 590 4225 sine
611 4154 741 4246 quihus
758 4156 1038 4247 prominentibus
1056 4177 1117 4226 seu
1139 4154 1389 4250 apparentibus
1408 4163 1505 4223 extra
1530 4154 1672 4224 domum
1695 4153 1750 4224 vel
1772 4155 1862 4225 intra

427 4252 468 4322 de
498 4263 620 4325 cetcro
645 4273 719 4322 non
748 4254 934 4336 incedant,
966 4275 1115 4345 quarum
1140 4253 1318 4345 quantitas
1346 4253 1392 4322 sit
1421 4253 1570 4322 duorum
1602 4251 1796 4344 palmorum
1828 4264 1863 4322 et

427 4347 563 4418 dimidii
591 4352 625 4418 in
657 4351 877 4441 longitudine
909 4351 1089 4421 brachium
1122 4373 1243 4434 unum,
1279 4362 1313 4421 el
1345 4350 1493 4420 duorum
1534 4349 1727 4441 palmorum
1765 4349 1860 4420 aliud

426 4444 621 4535 brachium,
645 4448 778 4518 scilicet
799 4450 1049 4535 transversale,
1072 4449 1271 4540 habeatque
1290 4458 1480 4539 utrumque
1496 4447 1677 4517 brachium
1700 4447 1804 4516 trium
1826 4447 1861 4516 in

426 4562 462 4612 se
482 4544 702 4616 latitudinem
730 4545 940 4636 digitorum3
971 4567 1102 4641 easque
1127 4548 1296 4616 continuo
1325 4543 1485 4615 reficiant
1503 4556 1564 4614 aul
1581 4539 1809 4641 in[n]0vent,
1831 4545 1860 4615 si

426 4654 631 4735 rumpantur
651 4656 713 4714 aut
736 4642 901 4713 deficiant
929 4655 1124 4730 vetustate;
1147 4644 1361 4734 visiteotque
1379 4643 1527 4732 singulis
1547 4644 1663 4727 annis,
1686 4644 1857 4734 quamdiu

425 4738 593 4824 vixerint,
616 4742 799 4812 ecclesiam
820 4742 937 4811 Sancti
954 4741 1121 4834 Stephani
1134 4740 1283 4811 Tholose
1303 4743 1338 4809 in
1355 4740 1443 4811 lesto
1463 4740 1681 4812 lnventionis
1701 4740 1861 4830 ejusdem

425 4847 459 4906 et
492 4838 676 4909 ecclesiam
716 4839 833 4909 Sancti
868 4839 1046 4909 Saturnini
1079 4838 1228 4909 Tholose
1268 4839 1303 4907 in
1332 4838 1454 4909 octaba
1481 4838 1639 4925 Pascha,
1672 4839 1729 4908 vel
1758 4839 1861 4909 talem

425 4935 606 5006 ecclesiam
631 4936 868 5008 cathedralem
891 4937 926 5006 in
948 4937 1006 5007 tali
1026 4936 1171 5030 dyocesi
1189 4933 1509 5031 (capraemortet
1529 4936 1670 5006 missam
1693 4935 1860 5030 majorem

426 5024 466 5126 [N
486 5029 532 5102 la
552 5029 588 5130 d]
611 5044 646 5106 et
664 5055 878 5123 sermonem,
904 5036 934 5105 si
965 5033 1024 5105 liat
1050 5035 1196 5125 ibidem,
1226 5036 1373 5106 audiant
1391 5033 1603 5127 utrobique;
1628 5033 1863 5106 confiteantur

1666 5157 1703 5218 le
