4574 6404
427 653 497 721 256
717 665 879 718 rnacrrct
905 631 1144 729 ruoursrrrorus
1171 663 1333 715 unusucu
1358 662 1569 715 Pltlvttatts.
1681 741 1683 744 Ι

427 838 463 896 et
479 826 596 897 nescio
614 827 696 895 istas
714 824 932 916 questiones,
951 822 1176 905 subtilitates,
1196 823 1289 892 etde
1308 821 1397 891 facili
1414 823 1586 913 caperetiS
1603 844 1657 891 me
1675 816 1715 916 [l0
1733 822 1801 890 t38
1814 819 1853 920 d]

428 935 463 994 et
483 924 695 993 induceretis
712 922 746 991 in
766 943 934 993 errorem.
957 921 1083 990 Multos
1103 931 1219 990 autem
1244 920 1366 991 modos
1386 919 1472 989 alios
1499 919 1699 1010 decipiendi
1723 919 1859 990 babent

427 1021 522 1111 qnod
542 1021 651 1110 magis
670 1020 772 1090 docet
793 1042 876 1089 usus
896 1041 1000 1110 quam
1021 1039 1091 1087 ars.
1113 1018 1311 1087 Notandum
1334 1017 1437 1087 etiam
1459 1018 1554 1108 quod
1575 1016 1719 1087 heretici
1739 1040 1856 1109 quan-

429 1118 545 1211 doque
562 1117 728 1188 simulant
746 1138 784 1187 se
801 1117 914 1187 fatuos
935 1116 990 1186 vel
1011 1115 1179 1185 alienatos
1201 1126 1331 1200 mente,
1352 1117 1443 1184 sicut
1460 1115 1571 1184 David
1592 1136 1708 1185 coram
1731 1114 1857 1202 debis,

429 1229 463 1286 et
483 1216 625 1307 quando
640 1215 821 1308 proferunt
836 1235 972 1284 errores
989 1235 1073 1283 suos
1091 1213 1304 1283 interserunt
1321 1213 1427 1301 uerba
1448 1212 1706 1303 impertinentia
1723 1223 1758 1282 et
1777 1215 1858 1282 irri-

428 1314 521 1383 soria
541 1327 576 1382 et
591 1313 691 1405 quasi
710 1313 827 1397 fatua,
847 1324 885 1381 ut
902 1333 963 1404 per
981 1310 1047 1380 boc
1065 1311 1268 1403 cooperiant
1285 1310 1452 1380 falsitates
1468 1332 1550 1379 suas
1566 1319 1601 1379 et
1617 1312 1716 1400 quasi
1734 1312 1860 1401 Jocoso

429 1412 619 1480 videantur
639 1410 755 1480 dicere
775 1409 942 1500 quicquid
960 1409 1100 1494 dicunt,
1122 1421 1157 1477 et
1176 1409 1311 1500 aliquos
1333 1408 1417 1477 tales
1436 1430 1520 1500 sepe
1542 1408 1629 1477 vidi.
1652 1408 1715 1477 Per
1734 1430 1859 1501 snpra·

428 1509 538 1577 dictas
559 1519 676 1578 autem
698 1507 970 1599 responsionum
991 1505 1143 1576 fallacias
1164 1518 1199 1576 et
1219 1506 1344 1575 multas
1364 1506 1450 1575 alias
1470 1526 1557 1597 quas
1582 1506 1683 1575 nimis
1711 1506 1859 1596 longum

428 1617 463 1675 et
484 1605 700 1675 fastidiosum
730 1618 823 1674 esset
842 1604 1064 1674 conscribere
1092 1614 1126 1673 et
1155 1604 1284 1674 cotidie
1312 1624 1422 1674 novas
1455 1603 1640 1672 inveniunt
1668 1603 1860 1674 intendunt

426 1714 487 1772 aut
505 1703 679 1773 occultare
698 1724 736 1772 se
758 1703 852 1795 ipsos
874 1714 910 1771 ut
929 1702 1028 1794 quasi
1051 1702 1254 1771 innocentes
1274 1713 1309 1771 et
1336 1702 1509 1771 immunes
1534 1702 1710 1784 evadant,
1737 1713 1799 1771 aut
1821 1712 1861 1772 ut

427 1801 652 1891 inquisitores
673 1801 767 1870 tedio
789 1800 903 1870 lassati
926 1799 1096 1869 desistant
1120 1821 1181 1869 eos
1202 1799 1358 1891 insequi,
1381 1810 1441 1868 aut
1462 1812 1498 1868 ut
1523 1800 1710 1869 infametur
1738 1800 1857 1892 inqui-

428 1897 514 1968 sitor
532 1899 626 1990 apud
646 1898 777 1991 laycos,
797 1898 891 1989 quod
912 1897 1088 1990 simplices
1107 1895 1269 1968 homines
1287 1897 1450 1966 videatur
1471 1897 1635 1966 infestare
1653 1897 1729 1967 sine
1748 1918 1859 1968 causa

429 2006 463 2064 et
480 2017 627 2086 querere
647 1995 866 2065 occasionem
885 1995 1055 2087 perdendi
1076 2016 1137 2065 eos
1158 1998 1262 2064 nimis
1281 1994 1457 2064 cautelose
1477 1995 1726 2064 examinando.

475 2092 524 2162 Ile
545 2093 648 2163 modo
669 2093 786 2184 itaque
806 2092 1032 2162 examinandi
1053 2103 1087 2162 et
1108 2093 1347 2183 interrogandi
1368 2093 1445 2163 illos
1464 2092 1523 2184 qui
1544 2104 1799 2163 convertuntur
1821 2105 1860 2164 et

426 2188 637 2260 confitentur
666 2190 828 2260 desecta
858 2200 892 2260 et
922 2189 1037 2260 berosi
1056 2189 1282 2260 valdensium
1310 2201 1391 2260 sunt
1418 2191 1707 2283 insequentibus
1735 2192 1857 2283 aliqua

427 2288 709 2380 perstringenda.

554 2541 587 2603 9.
612 2542 903 2619 interrogatoria
925 2543 1099 2622 specialia
1120 2541 1167 2606 ad
1190 2542 1273 2604 illos
1295 2543 1339 2605 de
1361 2552 1461 2605 sacta
1482 2542 1734 2607 ValdensIum.

474 2787 511 2856 In
532 2787 653 2879 primis
673 2787 777 2877 igitur
798 2787 855 2856 ille
874 2790 936 2878 qui
955 2784 1140 2856 confitetur
1157 2786 1202 2856 de
1216 2798 1309 2856 secta
1327 2787 1549 2857 Valdensium
1572 2788 1809 2878 interrogetur
1823 2791 1854 2860 si

427 2905 580 2976 unquam
603 2884 691 2953 vidit
711 2885 767 2954 vel
793 2885 929 2955 audivit
952 2885 1104 2975 aliquem
1134 2884 1189 2954 vel
1214 2884 1350 2975 aliquos
1375 2884 1419 2953 de
1443 2896 1561 2969 secta,
1580 2896 1641 2954 ant
1660 2887 1854 2971 societate,

427 2994 487 3051 ant
517 2983 731 3052 fraternitate
761 2982 897 3052 illorum
928 3002 1016 3074 quos
1045 2981 1262 3074 appellamus
1289 2982 1481 3051 Valdenses
1508 3004 1569 3052 seu
1600 2982 1776 3074 Pauperes
1810 2984 1855 3056 de

426 3078 619 3168 Lugduno;
650 3080 714 3171 ipsi
745 3091 861 3149 autem
887 3080 977 3150 inter
996 3101 1034 3149 se
1061 3088 1188 3149 vocant
1212 3101 1251 3149 se
1277 3079 1414 3148 Fratres
1434 3101 1495 3149 seu
1520 3078 1692 3172 Pauperes
1712 3080 1852 3151 Christi.

425 3175 529 3256 Item,
554 3176 612 3245 ubi
632 3188 667 3246 et
686 3178 827 3267 quando
844 3189 878 3247 et
894 3199 972 3247 cnm
993 3178 1121 3268 quibus
1142 3189 1177 3246 et
1195 3198 1285 3268 quos
1302 3175 1404 3248 vidit.
1422 3178 1521 3261 Item,
1538 3180 1569 3246 si
1586 3199 1739 3269 uuquam
1755 3180 1855 3249 audi·

426 3273 478 3342 vit
505 3270 553 3368 [f⁰
579 3274 646 3342 t39
672 3270 712 3372 a]
743 3275 1034 3367 predicationem,
1062 3287 1123 3344 aut
1152 3275 1368 3360 doctrinam,
1395 3296 1456 3344 seu
1484 3275 1765 3362 admonitiones,
1794 3289 1856 3348 aut

426 3371 535 3441 verba
555 3375 725 3464 ipsorum.
748 3373 850 3455 Item,
874 3373 918 3442 de
937 3372 1053 3442 verbis
1079 3394 1149 3463 que
1168 3372 1305 3442 audivit
1323 3373 1368 3441 ab
1390 3373 1441 3442 eis
1461 3384 1495 3441 et
1514 3373 1558 3442 de
1577 3373 1735 3442 doctrina
1759 3376 1854 3468 ipso·

427 3490 516 3540 rum.
537 3468 645 3562 Item,
666 3470 752 3561 quid
771 3470 908 3539 audivit
928 3470 971 3539 ab
994 3470 1045 3540 eis
1065 3469 1135 3540 dici
1154 3470 1198 3539 de
1214 3471 1439 3560 juramento,
1464 3480 1577 3538 utrum
1601 3492 1739 3563 semper
1764 3483 1800 3542 et
1818 3472 1855 3541 in

425 3566 520 3636 omni
539 3587 622 3636 casu
647 3570 693 3636 sit
715 3580 907 3660 peccatum.
936 3566 1044 3653 Item,
1074 3567 1118 3636 de
1144 3568 1346 3660 purgatorio
1373 3570 1567 3637 animarum
1598 3581 1676 3660 post
1705 3581 1853 3641 mortem

423 3684 486 3732 seu
520 3676 598 3757 post
632 3664 739 3733 vitam
778 3664 879 3741 banc.
917 3664 1028 3748 Item,
1064 3664 1108 3733 de
1135 3665 1311 3755 suffragiis
1343 3687 1412 3756 que
1446 3663 1534 3734 fiunt
1563 3686 1625 3758 pro
1659 3666 1849 3738 defunctis.

422 3760 526 3845 Item,
549 3763 593 3831 de
620 3762 846 3852 indulgentiis
869 3784 938 3854 que
965 3763 1092 3832 dantur
1115 3775 1176 3832 aut
1199 3760 1287 3832 fiunt
1314 3784 1375 3855 per
1400 3784 1523 3855 papam
1550 3773 1585 3832 et
1612 3785 1671 3855 per
1698 3766 1853 3856 prelatos

423 3857 576 3929 Ecclesia
594 3861 748 3931 Romane
771 3861 932 3951 quamvis
958 3862 1001 3930 de
1025 3860 1099 3930 istis
1121 3860 1232 3930 tribus
1257 3860 1412 3929 articulis
1433 3882 1503 3930 non
1523 3860 1696 3951 loquatur·
1710 3861 1850 3934 indiffe-

423 3968 541 4026 renter
568 3969 602 4027 et
630 3956 794 4048 explicite
819 3979 935 4028 coram
961 3958 1125 4028 omuibus
1151 3957 1421 4050 simplicioribus
1448 3958 1673 4028 credentibus
1699 3960 1794 4045 sois,
1818 3972 1854 4030 et

423 4075 540 4124 coram
560 4058 669 4144 magis
689 4055 862 4146 provectis
883 4066 918 4125 et
938 4054 1099 4147 perfectis
1120 4057 1154 4124 iu
1174 4055 1317 4124 secretis
1338 4056 1507 4149 ipsorum.
1529 4055 1635 4140 Item,
1653 4056 1682 4125 si
1698 4058 1854 4129 comedit

423 4173 503 4221 cum
528 4154 579 4222 eis
603 4152 638 4220 in
663 4153 785 4221 eadem
814 4173 954 4237 mensa,
981 4153 1037 4224 vel
1059 4153 1147 4222 vidit
1171 4174 1230 4223 eos
1254 4153 1479 4223 comedentes
1506 4153 1540 4221 in
1567 4153 1713 4244 prandio
1736 4156 1793 4225 vel
1816 4155 1853 4224 in

423 4270 523 4319 cena.
544 4250 648 4333 Item,
671 4249 715 4319 de
736 4250 840 4320 modo
859 4250 1116 4320 benedictionis
1137 4271 1257 4319 mense
1277 4263 1312 4320 et
1335 4251 1380 4320 de
1401 4251 1504 4321 modo
1530 4251 1700 4321 reddendi
1720 4253 1853 4342 gratias

424 4358 503 4439 post
523 4367 690 4416 mensam.
713 4346 821 4431 Item,
843 4348 873 4417 si
891 4358 972 4417 ante
992 4347 1175 4439 prandium
1197 4348 1253 4418 vel
1274 4360 1364 4440 post,
1386 4360 1421 4418 et
1439 4357 1520 4417 ante
1536 4370 1658 4439 cenam
1677 4351 1733 4419 vel
1756 4361 1850 4443 post,

423 4444 513 4513 vidit
532 4466 593 4514 eos
613 4455 766 4528 orantes,
789 4445 887 4515 etde
908 4444 1012 4515 modo
1028 4445 1152 4515 orandi
1169 4457 1204 4516 et
1223 4446 1338 4515 standi
1360 4445 1394 4513 in
1415 4445 1586 4517 oratione.
1608 4446 1707 4533 Item,
1726 4450 1756 4516 si
1776 4448 1854 4541 ipse

423 4545 538 4612 oravit
557 4564 633 4611 cum
655 4545 706 4612 eis
725 4544 781 4612 vel
804 4543 892 4611 vidit
911 4543 998 4613 alios
1018 4555 1177 4628 orantes,
1199 4553 1234 4612 et
1256 4565 1344 4634 quos
1367 4553 1403 4613 et
1425 4544 1485 4612 ubi
1510 4555 1545 4613 et
1564 4545 1726 4635 qnando,
1748 4555 1784 4615 et
1806 4544 1854 4615 ds

423 4638 491 4709 hiis
511 4662 579 4731 que
597 4640 719 4711 dicunt
739 4642 886 4711 orando.
907 4641 1012 4719 Item,
1033 4640 1063 4709 si
1086 4660 1237 4731 unquam
1260 4641 1324 4710 fuit
1342 4641 1522 4711 confossus
1543 4655 1683 4733 peccata
1701 4664 1765 4713 sua
1784 4642 1852 4712 ali·

423 4740 480 4805 cui
500 4738 557 4807 vel
574 4739 749 4830 aliquibus
768 4739 812 4808 de
833 4738 1077 4823 Valdensibus,
1099 4751 1134 4808 et
1152 4741 1210 4808 cui
1229 4739 1286 4808 vel
1303 4739 1445 4830 quibus.
1467 4740 1565 4825 Item,
1587 4739 1616 4808 si
1637 4740 1769 4832 recepit
1787 4739 1852 4810 ab·

423 4833 633 4907 solutionem
654 4836 698 4905 de
716 4835 866 4929 peccatis
887 4848 921 4906 et
942 4839 1169 4928 penitentiam
1189 4836 1234 4906 ab
1253 4837 1400 4922 eisdem,
1422 4846 1457 4908 et
1475 4857 1579 4928 qnam
1601 4837 1848 4928 penitentiam,

424 4941 459 5000 et
477 4932 506 5001 si
526 4933 715 5025 complevit
734 4955 834 5018 eam,
861 4946 897 5003 et
924 4933 968 5004 de
994 4933 1097 5005 modo
1124 4933 1368 5005 absolutionis.
1396 4934 1503 5019 Item,
1523 4937 1555 5004 si
1574 4934 1710 5005 audivit
1728 4935 1774 5005 ab
1795 4936 1849 5006 eis

425 5026 515 5119 dici,
538 5031 593 5100 vel
612 5031 735 5119 scivit,
757 5042 817 5100 ant
833 5030 982 5100 credidit
998 5033 1093 5123 quod
1114 5032 1180 5125 ipsi
1200 5053 1269 5104 non
1285 5041 1384 5103 erant
1398 5031 1598 5104 sacerdotes
1613 5031 1764 5103 ordinati
1785 5054 1850 5127 per

997 5652 1369 6016 ft
