4574 6404
422 659 494 729 abt
713 673 875 728 vmcnca
900 674 1140 741 ruoursrrroms
1167 674 1328 728 uuumrcs
1353 676 1564 729 cervulus.

422 835 558 925 jurare,
573 833 654 925 quie
671 852 749 902 cum
770 844 805 901 ιε
814 831 937 901 credas
953 831 1110 902 illicitum
1123 853 1201 902 esse
1212 833 1449 923 juramentum
1462 885 1472 918 ,
1487 843 1522 900 ιε
1538 832 1648 903 velles
1669 827 1709 928 [ι0
1726 832 1794 902 437
1813 830 1853 932 d]

426 930 613 1001 relondcre
635 929 773 1022 culpam
792 931 828 997 in
855 950 911 998 me
930 929 990 1020 qui
1012 941 1045 999 ιε
1064 930 1283 1021 coegissem3
1305 941 1359 999 set
1377 930 1407 1000 si
1430 941 1466 998 ιε
1488 929 1679 1020 juraveris,
1701 951 1768 1022 ego
1788 953 1857 1002 εε-

426 1028 533 1098 diam.
564 1028 659 1098 Tunc
686 1027 875 1120 respondet
908 1052 915 1095 :
948 1026 992 1096 Ut
1019 1027 1104 1118 quid
1137 1048 1222 1118 ergo
1246 1027 1373 1118 jurabo
1399 1029 1430 1097 si
1456 1047 1525 1097 non
1543 1027 1688 1117 jubetis.
1720 1027 1858 1099 Dicitur

427 1126 540 1196 eidem
569 1151 577 1193 ι
608 1124 651 1194 Ut
676 1125 815 1194 auleras
839 1123 1075 1217 suspicionem
1101 1146 1171 1216 que
1190 1136 1243 1195 εει
1261 1136 1382 1196 contra
1402 1138 1458 1209 te,
1488 1124 1584 1216 quod
1612 1136 1647 1195 tu
1678 1127 1856 1220 reputaris

427 1242 505 1293 esse
523 1222 699 1293 hereticus
720 1222 906 1292 Valdensis
932 1221 1111 1293 credendo
1130 1233 1165 1293 et
1192 1223 1345 1292 tenendo
1363 1223 1458 1315 quod
1485 1242 1590 1293 omne
1612 1224 1856 1313 juramentum

427 1332 481 1391 est
500 1321 657 1391 illicitum
679 1332 714 1390 ει
731 1332 924 1412 peccatum.
946 1319 1042 1390 Tunc
1067 1320 1284 1412 respondet:
1304 1319 1489 1402 Quomodo
1509 1341 1575 1410 ego
1594 1320 1707 1390 debeo
1734 1321 1858 1392 dicere

424 1418 600 1509 jurando?
618 1418 751 1487 Dicitur
776 1417 808 1487 ei
831 1443 838 1485 :
864 1418 944 1486 Jura
972 1417 1063 1487 sicut
1081 1417 1162 1488 scis.
1184 1417 1384 1510 Respondet
1406 1443 1413 1485 ι
1437 1417 1608 1503 Domine,
1637 1420 1756 1488 nescio
1786 1421 1857 1489 nisi

427 1536 491 1586 vos
508 1538 564 1586 me
580 1515 748 1587 doceatis.
763 1514 858 1585 Tunc
875 1514 954 1586 dico
968 1517 1003 1585 ei
1017 1515 1070 1584 :Si
1085 1536 1150 1606 ego
1159 1515 1324 1585 deberem
1337 1516 1581 1605 juraretque,
1596 1516 1731 1586 elevata
1747 1537 1857 1586 manu

427 1623 463 1683 ει
486 1615 584 1683 tactis
612 1612 841 1684 sacrosanctis
862 1613 923 1682 Dei
947 1612 1159 1703 Evangeliis,
1179 1612 1331 1683 dicerem
1355 1638 1363 1680 :
1385 1613 1468 1684 Juro
1487 1633 1549 1705 per
1568 1613 1633 1682 ista
1652 1623 1772 1683 sancta
1791 1612 1855 1684 Dei

426 1708 616 1802 Evangelia
639 1711 733 1804 quod
755 1730 932 1801 nunquam
952 1710 1059 1779 didici
1080 1731 1144 1780 nec
1162 1710 1298 1781 credidi
1313 1709 1445 1803 aliquid
1466 1710 1560 1803 quod
1582 1711 1627 1779 sit
1645 1721 1765 1781 contra
1792 1731 1855 1781 ve·

428 1828 502 1877 ram
523 1806 627 1878 fidem
645 1829 749 1900 quam
770 1819 889 1877 sancta
904 1809 1058 1877 Romana
1079 1806 1232 1878 Ecclesia
1251 1808 1363 1878 credit
1382 1820 1416 1877 ει
1436 1819 1543 1877 ιεεει.
1565 1807 1661 1878 Τεεε
1686 1808 1746 1878 ille
1764 1828 1853 1879 con·

430 1906 634 1976 tremiscens
652 1918 687 1976 et
702 1908 805 1997 quasi
821 1906 880 1996 qui
903 1905 1035 1974 nesciat
1054 1905 1176 1975 eadem
1197 1906 1307 1975 verba
1324 1906 1473 1975 formare
1488 1904 1672 1997 cespitabit
1690 1906 1724 1974 in
1745 1905 1797 1976 eis
1816 1917 1857 1975 ut

429 2002 486 2072 vel
506 2001 581 2096 ipse
599 2004 655 2073 vel
673 2004 762 2074 alius
782 2003 1037 2095 interloquatur
1056 2013 1091 2072 et
1110 2002 1218 2073 verba
1237 2004 1353 2095 aliqua
1373 2005 1572 2095 interponat
1585 2024 1629 2073 ue
1644 2000 1704 2072 fiat
1721 2002 1858 2074 directa

429 2098 540 2170 forma
562 2101 727 2192 jurandi,
756 2111 809 2171 set
834 2101 985 2191 quedam
1014 2100 1142 2171 locutio
1168 2121 1236 2171 nou
1269 2100 1461 2191 juratoria,
1494 2111 1531 2168 ει
1552 2112 1668 2170 tameo
1697 2100 1743 2171 ab
1774 2100 1857 2173 aliis

426 2197 564 2286 jurasse
584 2211 745 2291 putetur3
764 2198 793 2268 si
811 2209 926 2269 autem
944 2197 1204 2268 continuaverit
1219 2198 1326 2268 verba
1342 2198 1423 2290 illa,
1445 2209 1528 2267 tunc
1548 2197 1623 2290 ipse
1642 2198 1856 2269 intenditea

429 2295 615 2366 revolvere
634 2295 802 2366 fallaciter
821 2307 856 2366 ει
876 2317 945 2365 non
967 2317 1028 2388 per
1046 2296 1240 2386 adjurare,
1265 2308 1300 2366 et
1318 2296 1368 2366 sic
1389 2295 1508 2365 fallere
1526 2295 1794 2366 circumstantes
1815 2304 1858 2366 ει

361 2380 370 2401 ”
429 2403 573 2484 putetur
590 2394 728 2483 jurasse
750 2419 758 2462 ε
781 2404 841 2463 εει
859 2394 952 2464 enim
973 2393 1117 2464 sormam
1128 2393 1272 2484 jurandi
1291 2395 1466 2464 convertit
1481 2393 1516 2462 iu
1541 2392 1686 2463 sormam
1708 2392 1853 2480 orandi,

432 2500 469 2559 ει
486 2514 493 2557 :
516 2490 545 2560 si
564 2511 620 2562 me
634 2491 726 2561 Deus
745 2491 891 2582 adjuvet
909 2503 944 2562 et
961 2491 1025 2560 ista
1037 2502 1155 2561 sancte
1176 2490 1365 2582 Evangelia
1380 2490 1475 2581 quod
1495 2511 1564 2561 non
1580 2513 1659 2561 sum
1675 2489 1855 2562 hereticus

430 2586 488 2656 vel
511 2609 580 2659 non
600 2589 687 2676 leci,
717 2589 772 2658 vel
796 2609 863 2660 non
888 2588 963 2659 dixi
990 2588 1056 2658 boe
1076 2589 1132 2658 vel
1154 2587 1262 2675 illud3
1290 2602 1351 2659 εει
1370 2588 1478 2658 verba
1493 2588 1684 2678 juramenti
1701 2599 1856 2658 lautum·

390 2690 399 2708 ·
430 2685 536 2756 modo
562 2685 714 2757 ruminat
734 2707 803 2757 nou
830 2686 1047 2757 intendendo
1072 2687 1205 2776 jurare.
1233 2685 1317 2756 Cum
1342 2696 1458 2755 autem
1488 2689 1647 2777 queritur
1672 2685 1717 2755 ab
1740 2706 1785 2757 eo
1808 2705 1856 2757 an

426 2782 622 2871 juraverit,
652 2785 840 2878 respondet
863 2810 871 2853 ε
892 2784 1015 2854 Nonne
1034 2804 1098 2855 vos
1117 2783 1304 2854 audivistis
1329 2804 1384 2853 me
1400 2784 1545 2874 jurare?
1562 2783 1711 2866 Quando
1733 2793 1853 2855 autem

429 2878 762 2972 interrogationibus
780 2891 957 2966 artantur,
979 2892 1040 2951 εει
1059 2901 1195 2952 morose
1215 2880 1411 2952 deliberant
1430 2882 1608 2972 quomodo
1633 2880 1759 2951 callide
1779 2901 1855 2952 res·

429 2978 608 3069 pondcant
628 2975 669 3074 [ιο
691 2979 758 3048 138
778 2975 812 3076 ε]
835 3001 903 3050 non
930 2979 1084 3065 directe,
1108 2978 1167 3048 ubi
1193 2979 1316 3049 timent
1340 2978 1577 3070 deprehendi,
1603 2989 1663 3048 aut
1690 2977 1855 3053 adalind

429 3095 534 3165 quam
558 3075 603 3146 ad
633 3076 858 3171 principalem
886 3079 1193 3166 interrogationem
1220 3076 1451 3170 respondent,
1480 3087 1540 3146 aut
1564 3076 1686 3147 dicunt
1709 3096 1748 3146 se
1776 3095 1855 3148 esse

429 3173 607 3264 simplices
629 3187 690 3244 εει
709 3174 844 3245 nescire
862 3175 1039 3268 sapienter
1059 3174 1286 3267 respondere.
1307 3173 1390 3244 Cum
1411 3186 1528 3245 autem
1556 3175 1680 3244 vident
1698 3183 1855 3247 εειεειεε

428 3267 579 3341 libenter
604 3271 655 3342 eis
673 3273 823 3364 compati
850 3271 949 3364 quasi
973 3271 1191 3364 simplicibus
1211 3271 1339 3363 quibus
1361 3269 1422 3341 fiat
1452 3271 1577 3363 injuria
1603 3282 1638 3341 ει
1662 3273 1696 3340 in
1724 3270 1854 3362 quibus

430 3366 536 3437 nichil
557 3370 639 3438 mali
658 3371 872 3453 inveniatur,
893 3380 1076 3439 assumunt
1091 3366 1253 3440 fiduciam
1275 3380 1309 3439 ει
1327 3369 1493 3439 simulant
1510 3389 1549 3439 εε
1569 3367 1666 3452 llere,
1688 3381 1723 3438 ει
1747 3369 1855 3443 mise·

428 3464 557 3538 rabiles
585 3467 771 3538 ostendere
799 3480 835 3539 et
856 3467 993 3538 adulari
1015 3466 1298 3537 examinantibus
1326 3476 1364 3535 ει
1388 3467 1439 3538 sic
1463 3487 1524 3537 eos
1554 3467 1599 3537 ab
1625 3465 1855 3559 inquisitione

429 3561 630 3651 deflectant,
650 3565 801 3636 dicendo
823 3591 831 3635 :
853 3565 1014 3657 Domine,
1032 3564 1062 3634 si
1080 3567 1115 3633 in
1131 3564 1249 3657 aliquo
1268 3564 1399 3655 deliqui
1421 3564 1569 3635 libenter
1586 3563 1732 3656 portabo
1752 3563 1852 3656 peni·

431 3661 574 3731 tentiam
592 3687 601 3749 ;
629 3673 761 3733 tantum
785 3664 909 3754 juvate
930 3683 985 3732 me
1007 3673 1044 3731 ut
1058 3662 1104 3732 ab
1123 3664 1189 3732 ista
1210 3661 1338 3732 liberer
1359 3663 1501 3732 iuiamia
1523 3661 1569 3733 de
1585 3683 1654 3753 qua
1672 3683 1750 3732 sum
1776 3661 1855 3733 sine

430 3757 533 3851 culpa
552 3769 651 3831 etex
670 3760 806 3831 invidia
825 3760 1040 3831 dillamatus.
1061 3759 1096 3828 Si
1116 3769 1231 3829 autem
1253 3760 1380 3852 aliquis
1392 3761 1567 3830 consentit
1581 3760 1700 3850 jurare
1719 3757 1855 3852 simpli·

431 3855 530 3942 citer,
550 3866 633 3928 tunc
647 3857 834 3929 dicendum
851 3869 903 3929 est
919 3858 951 3928 ei
971 3856 1032 3926 :Si
1051 3867 1085 3926 tu
1107 3879 1199 3926 nunc
1212 3857 1311 3948 juras
1332 3866 1370 3926 ut
1386 3856 1436 3927 sic
1454 3856 1625 3944 libereris,
1649 3868 1769 3927 notum
1791 3855 1854 3926 tibi

429 3953 476 4023 sit
494 3955 589 4046 quod
610 3954 716 4025 michi
735 3977 805 4027 non
825 3953 954 4026 sulficit
969 3975 1077 4024 uuum
1092 3955 1352 4045 jurameutum,
1374 3954 1430 4024 vel
1451 3955 1536 4039 duo,
1558 3956 1615 4025 vel
1635 3954 1780 4040 decem,
1796 3952 1854 4025 vel

429 4064 570 4122 centum
581 4105 591 4140 ,
613 4062 667 4123 set
688 4056 820 4124 tociens
837 4055 1006 4145 quociens
1025 4051 1181 4145 petiero,
1205 4051 1287 4144 quia
1304 4053 1378 4122 scio
1395 4052 1491 4142 qood
1514 4053 1605 4122 inter
1624 4073 1689 4123 vos
1706 4052 1852 4144 dispen-

429 4149 514 4220 satis
533 4160 569 4222 et
588 4150 776 4222 ordinastis
795 4152 840 4222 de
862 4161 979 4221 cetero
1005 4170 1151 4221 numero
1169 4150 1469 4241 juramentorum,
1490 4149 1633 4242 quando
1663 4148 1855 4220 necessita·

428 4247 541 4337 cogit,
564 4260 601 4317 ut
618 4248 669 4319 sic
688 4270 752 4319 vos
772 4250 828 4320 vel
849 4248 937 4318 alios
956 4247 1134 4334 liberetis,
1159 4258 1213 4318 εει
1231 4247 1309 4318 εἰεε
1331 4268 1479 4318 numero
1497 4246 1580 4318 volo
1599 4247 1779 4339 requirere
1795 4247 1854 4336 ju·

428 4356 606 4431 ramenta,
628 4357 664 4415 ει
679 4346 823 4439 insuper
841 4346 871 4416 si
891 4344 1048 4416 habuero
1069 4356 1174 4416 testes
1193 4356 1314 4416 contra
1329 4354 1362 4415 te
1381 4345 1426 4414 de
1444 4344 1619 4416 contrario
1637 4365 1707 4416 non
1726 4345 1855 4438 prode·

429 4453 511 4511 runt
530 4442 593 4514 tibi
616 4444 814 4535 juramenta
836 4454 912 4528 tua,
935 4453 971 4514 et
995 4454 1076 4512 tunc
1101 4442 1282 4513 maculasti
1304 4443 1553 4514 conscientiam
1583 4454 1675 4512 tuam
1700 4440 1855 4532 jurando

428 4551 549 4612 contra
566 4561 643 4611 eam
654 4593 665 4628 ,
687 4553 722 4612 et
743 4552 883 4634 propter
902 4538 969 4612 boc
984 4561 1053 4611 non
1074 4540 1218 4612 evades.
1236 4539 1274 4611 lu
1296 4540 1357 4611 tali
1369 4551 1486 4610 autem
1505 4543 1683 4611 anxietate
1703 4538 1778 4611 vidi
1794 4538 1856 4611 ali·

427 4658 517 4731 quos
531 4636 690 4710 confiteri
710 4661 847 4711 errores
861 4658 945 4710 suos
964 4650 1002 4707 ει
1021 4637 1233 4727 evadereut;
1249 4638 1385 4731 aliquos
1402 4650 1518 4708 autem
1536 4637 1607 4707 vidi
1627 4648 1746 4731 aperte
1770 4647 1855 4709 tunc

426 4733 585 4807 confiteri
605 4736 700 4828 quod
720 4757 767 4808 ex
788 4757 859 4829 quo
883 4756 952 4806 non
973 4733 1156 4829 prodesset
1170 4736 1222 4809 eis
1240 4737 1349 4807 semel
1369 4735 1426 4805 vel
1445 4745 1541 4806 certo
1560 4756 1707 4806 numero
1726 4745 1763 4806 et
1782 4755 1854 4807 non

427 4832 519 4903 ultra
541 4834 662 4924 jurare
688 4846 727 4905 ει
751 4835 966 4922 evaderent,
999 4844 1081 4904 tuuc
1106 4833 1250 4905 omniuo
1272 4835 1392 4924 jurare
1422 4843 1628 4904 recusarunt
1653 4843 1854 4907 asserentes

426 4950 532 5002 omne
546 4931 786 5025 juramentum
803 4952 881 5003 esse
896 4931 1054 5003 illicitum
1069 4942 1105 5002 ει
1121 4942 1323 5025 peccatum;
1344 4941 1474 5002 etcum
1495 4941 1703 5023 quereretur
1719 4930 1765 5000 ab
1786 4929 1853 5002 eli·

424 5047 497 5120 quo
515 5048 636 5099 eorum
656 5049 765 5121 quare
791 5023 832 5124 [ιο
856 5027 925 5098 138
950 5024 987 5126 b]
1009 5028 1162 5101 voluerit
1172 5030 1293 5121 jurare
1311 5030 1342 5100 si
1367 5029 1550 5124 reputabat
1572 5048 1651 5101 esse
1672 5027 1851 5118 illicitum,

985 5682 1233 6008 »ι
