4574 6404
585 611 607 678 8
874 626 1037 678 Puncrtca
1064 627 1304 693 lll'QUlSlTlleS
1332 627 1494 679 baburrus
1520 628 1731 680 Pllerl‘l'leS.

585 786 691 858 talem
711 784 904 856 hereticum
926 784 1127 876 lugittivum
1146 796 1182 854 et
1201 785 1371 877 quasdam
1394 807 1562 880 personas
1585 786 1671 855 alias
1686 785 1872 857 credentes
1890 786 2021 858 hereti·

588 905 709 955 corum
731 883 863 976 pariter
882 883 1062 974 lugittivas
1078 881 1152 976 (vel
1167 883 1217 953 sic
1235 908 1246 950 .·
1267 883 1312 953 ad
1332 883 1542 976 capiendum
1562 884 1732 975 quasdam
1753 904 1920 976 personas
1938 906 2020 954 ans-

586 992 707 1074 pectas
726 990 833 1072 atque
853 990 990 1050 notatas
1010 980 1054 1050 de
1074 981 1221 1051 crimine
1240 980 1375 1051 heresis
1392 1002 1480 1072 quas
1501 983 1641 1074 ipsoex
1661 993 1759 1074 parte
1780 991 1896 1053 nostra
1918 983 2021 1052 vohis

585 1080 729 1150 duxerit
753 1077 986 1149 nominandas
1008 1078 1066 1148 vel
1093 1078 1198 1147 etiam
1229 1078 1503 1173 ostendendas),
1525 1100 1613 1170 quas
1636 1100 1698 1171 per
1716 1080 1868 1149 eundem
1892 1080 2018 1166 talem,

584 1199 690 1269 quem
711 1175 911 1269 specialiter
930 1174 976 1246 ad
994 1174 1060 1245 hoc
1076 1175 1309 1262 destinamus,
1328 1176 1372 1246 ad
1391 1198 1456 1248 nos
1474 1177 1567 1269 apud
1583 1175 1768 1246 Tholosam
1790 1177 1933 1269 perduci
1953 1179 2020 1248 suh

584 1286 679 1344 certa
700 1284 735 1343 et
754 1270 824 1343 lida
843 1273 1002 1345 custodia
1026 1273 1189 1345 volumus
1216 1289 1251 1345 et
1280 1275 1506 1360 mandamus,
1530 1274 1575 1344 ad
1603 1274 1890 1366 respondendum
1918 1274 2020 1344 nohis

585 1371 630 1442 dc
650 1371 704 1441 his
722 1392 792 1461 que
817 1370 863 1440 ad
883 1368 988 1440 fidem
1009 1383 1044 1441 et
1067 1370 1222 1441 ollicium
1247 1372 1484 1463 inquisitionis
1511 1371 1613 1442 nohis
1640 1371 1675 1441 io
1703 1371 1769 1441 hac
1798 1381 1895 1464 parte
1920 1393 2017 1442 com-

586 1469 691 1538 misse
711 1469 888 1560 pertinent
908 1469 942 1537 in
965 1469 1111 1559 negocio
1131 1481 1166 1538 et
1184 1490 1290 1540 causa
1318 1467 1400 1539 lidei
1421 1471 1626 1557 veritatem,
1653 1470 1698 1540 de
1721 1470 1824 1539 bonis
1846 1469 2020 1563 predicto·

584 1588 683 1652 rum,
709 1567 738 1636 si
773 1586 842 1657 qua
874 1565 1083 1661 habuerint,
1104 1567 1272 1637 facientes
1301 1566 1479 1658 provideri
1510 1568 1604 1638 dicto
1628 1568 1686 1637 tali
1717 1566 1762 1637 de
1787 1568 1953 1660 expensis
1985 1578 2021 1637 et

585 1663 775 1735 moderatis
795 1663 910 1733 vadiis
931 1664 965 1733 in
988 1666 1115 1734 talibus
1135 1666 1332 1751 consuetis,
1357 1685 1398 1734 ac
1417 1666 1523 1735 etiam
1539 1664 1583 1734 de
1603 1665 1780 1735 alimentis
1800 1676 1836 1734 et
1854 1664 1932 1734 aliis
1961 1686 2020 1733 ne·

583 1761 746 1832 cessariis
768 1782 829 1854 pro
850 1762 1010 1854 personis
1029 1762 1265 1855 predictorum
1289 1784 1351 1853 pro
1373 1772 1529 1854 tempore
1549 1785 1619 1854 quo
1639 1763 1733 1854 capti
1750 1762 1934 1833 extiterint
1952 1784 2016 1832 seu

584 1859 717 1930 detenti
737 1884 746 1948 ;
769 1861 804 1928 in
826 1861 1006 1952 premissis
1025 1872 1060 1932 et
1080 1881 1121 1930 ea
1142 1860 1366 1952 tangentibus
1386 1861 1501 1931 taliter
1528 1882 1594 1931 vos
1617 1859 1788 1931 habentes
1809 1881 1854 1930 ne
1874 1860 2017 1952 possitis

582 1956 748 2049 redargui
769 1957 814 2028 de
836 1958 1049 2049 negligentia
1071 1959 1127 2027 vel
1145 1959 1303 2041 delectu,
1324 1969 1379 2029 set
1398 1960 1443 2028 de
1462 1959 1539 2029 zelo
1557 1956 1640 2027 fidei
1666 1968 1701 2027 et
1721 1958 1922 2029 obedientia
1945 1978 2016 2027 me·

581 2054 648 2125 rito
667 2056 920 2127 commendari.
943 2058 1066 2126 Datum
1087 2056 1248 2141 Tholose,
1264 2069 1331 2127 etc.
1349 2056 1497 2127 Reddite
1516 2053 1556 2152 [lo
1576 2056 1598 2122 b
1617 2052 1649 2152 c]
1673 2054 1807 2126 litteras
1824 2056 2009 2146 sigillatas.

631 2152 789 2224 Predicta
819 2154 974 2223 clausula
1000 2153 1045 2223 de
1074 2153 1277 2246 provisione
1303 2154 1462 2223 facienda
1492 2153 1667 2225 debonis
1697 2154 1826 2246 poterit
1852 2154 1933 2246 poni
1962 2153 2017 2223 vel

583 2249 725 2337 dimitti,
748 2263 850 2344 prout
865 2251 1060 2344 expediens
1080 2251 1183 2321 luerit
1199 2250 1393 2322 secundum
1410 2251 1613 2344 qualitatem
1626 2272 1854 2345 personarum
1871 2264 1906 2321 et
1920 2250 2016 2321 lacti.

583 2505 617 2568 9.
642 2506 777 2570 Forma
799 2506 1006 2570 communis
1028 2505 1076 2568 ad
1099 2505 1289 2568 citandum
1314 2503 1508 2580 mentirer
1530 2513 1566 2567 et
1585 2522 1647 2569 eos
1668 2507 1731 2588 qui
1750 2507 2019 2571 contumaciter

1167 2628 1206 2676 se
1222 2612 1432 2676 absentant.

631 2856 751 2927 Frater
769 2857 968 2927 Bernardus
987 2856 1172 2938 Gnidonis,
1187 2854 1266 2925 ord.
1278 2853 1431 2941 Prodic,
1445 2854 1646 2945 inquisitor,
1660 2865 1728 2925 etc.
1742 2892 1788 2907 -·
1798 2855 2016 2927 Auctoritate

582 2954 776 3049 apostolica
795 2976 865 3046 qua
885 2955 1064 3045 lungimur
1084 2953 1186 3024 vohis
1208 2953 1417 3022 mandamus
1434 2953 1600 3044 quatinus
1621 2952 1736 3023 citetis
1756 2952 2017 3046 perhemptoric

580 3074 627 3123 ex
647 3063 745 3145 parte
765 3065 884 3123 nostra
908 3052 1012 3122 talem
1031 3052 1073 3121 N.
1092 3051 1147 3121 vel
1169 3051 1256 3122 tales
1275 3050 1334 3136 Ν.,
1354 3049 1604 3142 parrochianos
1621 3061 1774 3136 vestros,
1792 3061 1895 3143 prout
1914 3051 2016 3122 vobis

580 3149 745 3236 subsunt,
761 3151 790 3220 si
815 3161 995 3243 presentes
1015 3148 1145 3241 reperti
1166 3148 1319 3235 luerint3
1339 3149 1368 3217 si
1390 3169 1475 3219 vero
1497 3158 1679 3240 presentes
1695 3148 1831 3218 inventi
1851 3169 1921 3219 uon
1941 3149 2016 3219 lue·

580 3247 671 3334 rint,
692 3247 806 3318 citetis
833 3246 1082 3319 nichilominus
1103 3246 1245 3317 eosdem
1269 3246 1303 3314 in
1324 3245 1410 3317 locis
1431 3267 1494 3316 seu
1521 3247 1556 3315 io
1582 3245 1771 3317 domiciliis
1799 3245 1859 3316 ubi
1887 3246 2015 3317 morari

578 3345 636 3414 vel
654 3344 814 3417 habitare
832 3345 1067 3416 communiter
1085 3353 1362 3429 consueverunt,
1381 3343 1556 3434 adjunctis
1575 3343 1760 3414 vobiscum
1780 3343 1927 3414 testibus
1946 3342 2016 3414 fide

579 3441 713 3532 dignis,
737 3455 772 3513 et
792 3442 1041 3514 nichilominus
1069 3442 1159 3511 hanc
1186 3442 1334 3512 eandem
1360 3441 1562 3513 citationem
1584 3441 1725 3533 publice
1745 3440 1879 3512 faciatis
1898 3442 1932 3510 in
1958 3463 2015 3513 ec-

577 3540 683 3609 clesia
703 3550 835 3628 vestra,
857 3541 952 3613 clero
972 3553 1007 3611 et
1028 3540 1156 3632 populo
1175 3551 1389 3629 congregato
1409 3537 1540 3609 ibidem
1562 3539 1609 3608 ad
1630 3537 1847 3609 audiendum
1869 3538 2012 3626 diviua,

579 3636 755 3708 dominica
782 3639 864 3724 tali,
886 3641 943 3709 vel
965 3640 1000 3707 in
1020 3639 1109 3707 festo
1129 3637 1208 3719 tali,
1231 3648 1266 3706 et
1286 3636 1425 3707 duobus
1444 3636 1571 3707 diebus
1596 3635 1783 3707 dominicis
1812 3636 2014 3708 immediate

578 3736 823 3826 sequentibus,
837 3758 986 3828 quorum
1006 3737 1142 3805 dierum
1160 3734 1353 3825 quemlibet
1369 3755 1431 3827 pro
1449 3734 1565 3805 edicto
1581 3733 1762 3805 citationis
1779 3735 2015 3827 peremptorie

490 3861 495 3872 ·
578 3832 814 3923 assignamus,
839 3846 876 3903 ut
896 3834 954 3902 tali
974 3833 1045 3915 die,
1067 3852 1171 3924 quam
1193 3831 1245 3901 eis
1266 3853 1329 3924 pro
1348 3832 1584 3923 peremptorio
1606 3832 1754 3902 termino
1772 3832 2010 3923 assignamus,

578 3929 745 4026 Tholose,
767 3933 802 4000 in
824 3930 931 4002 domo
952 3929 1191 4022 inquisitionis
1210 3929 1315 4022 juxta
1334 3928 1490 3999 Castrum
1511 3930 1759 4011 Narbonense,
1783 3931 2015 4022 personaliter

581 4039 618 4098 et
644 4029 880 4122 peremptorie
902 4039 1129 4121 compareant
1153 4048 1270 4097 coram
1296 4027 1415 4114 uobis,
1437 4028 1640 4120 responsuri
1665 4025 1804 4098 deiide
1832 4040 1866 4098 et
1895 4027 1940 4098 de
1960 4026 2015 4098 his

581 4148 651 4218 que
675 4139 795 4198 contra
816 4124 920 4197 fidem
945 4127 980 4194 in
1008 4127 1098 4196 lacto
1118 4124 1252 4195 heresis
1272 4125 1523 4195 commiserunt
1542 4124 1734 4218 plenariam
1755 4125 1958 4212 veritatem,
1980 4137 2015 4195 et

580 4224 703 4293 lacturi
722 4224 809 4294 alias
832 4220 872 4321 [l0
892 4224 913 4292 5
933 4220 970 4320 d]
993 4244 1062 4316 que
1090 4222 1220 4291 luerint
1250 4222 1414 4310 rationis,
1437 4223 1576 4315 publice
1601 4222 1798 4292 indicentes
1818 4235 1853 4292 et
1877 4222 2014 4293 denun-

579 4321 732 4406 ciantes,
755 4344 800 4391 ex
822 4335 919 4414 parte
939 4334 1076 4403 nostra,
1098 4320 1193 4412 quod
1214 4319 1279 4388 nisi
1300 4321 1464 4390 venerint
1483 4333 1518 4389 et
1536 4321 1801 4412 comparuerint
1820 4320 1913 4389 dicta
1933 4320 2010 4404 die,
2098 4392 2101 4396 ,

578 4428 700 4489 contra
721 4420 816 4512 ipsos
842 4433 1006 4512 tanquam
1026 4429 1209 4510 suspectos
1233 4418 1276 4486 de
1296 4417 1412 4487 heresi
1437 4429 1473 4487 et
1496 4428 1724 4488 contumaces
1748 4417 1783 4485 io
1806 4437 1912 4487 causa
1931 4414 2014 4488 fidei

579 4517 811 4609 procedemus
844 4538 907 4610 per
934 4515 1309 4588 excommunicationis
1346 4514 1580 4599 sententiam,
1612 4514 1808 4584 secundum
1847 4537 1947 4584 usum
1979 4526 2014 4585 et

577 4614 697 4683 stilum
717 4636 758 4685 ac
777 4615 961 4707 privilegia
981 4612 1086 4684 olficii
1110 4612 1348 4703 inquisitionis
1368 4613 1454 4682 alias
1481 4612 1629 4683 ulterius
1649 4624 1754 4704 prout
1781 4623 1815 4682 et
1841 4624 2012 4704 quantum

577 4709 623 4780 de
648 4712 729 4801 jure
755 4713 860 4782 luerit
891 4723 927 4782 et
958 4712 1047 4782 ratio
1071 4710 1253 4795 suadebit,
1276 4710 1432 4802 ipsorum
1462 4709 1678 4780 contumatia
1706 4720 1742 4780 et
1772 4710 1907 4780 malicia
1937 4711 2014 4780 exi·

576 4820 696 4899 gente.
719 4810 769 4880 De
787 4810 943 4904 predicta
965 4809 1131 4879 citatione
1151 4828 1237 4877 vero
1257 4807 1392 4877 faciatis
1418 4805 1492 4877 lieri
1514 4808 1694 4898 publicum
1716 4807 2012 4901 instrumentum,

579 4917 615 4976 et
633 4905 668 4975 in
689 4909 828 4998 signum
848 4927 889 4976 ac
910 4906 1147 4978 testimonium
1167 4905 1299 4998 recepti
1316 4915 1352 4975 et
1368 4905 1533 4997 completi
1553 4905 1708 4975 mandati
1730 4905 1840 4976 nostri
1856 4904 2011 4998 sigillum

580 5014 734 5075 vestrum
756 5002 977 5097 presentibus
1001 5003 1200 5097 apponatis
1221 5002 1347 5073 Datum
1368 5001 1532 5092 Tholose,
1554 5014 1622 5073 etc.
