4574 6404
422 674 493 744 500
713 688 875 741 aurunci
902 688 1143 754 rnoursrrrorus
1171 690 1333 744 uuunrrcn
1359 690 1571 743 unavrrnrrs.

422 849 651 943 quisitoribus
669 847 825 918 heretice
845 848 1052 940 pravitatis,
1073 849 1104 918 si
1127 848 1256 919 alicubi
1275 848 1415 919 scivero
1434 870 1513 919 esse
1534 848 1688 940 aliquem
1717 847 1773 917 vel
1795 848 1864 917 ali·

423 969 513 1041 quos
532 948 578 1017 de
598 945 783 1039 predictis;
806 957 841 1015 et
859 945 904 1015 ad
923 944 990 1016 hoc
1008 946 1103 1037 quod
1123 949 1307 1039 capiantur
1325 956 1361 1016 et
1378 946 1571 1016 reddantur
1590 945 1864 1037 inquisitoribus

424 1046 547 1116 faciam
569 1064 672 1136 posse
688 1064 818 1113 meum.
841 1042 882 1112 Et
902 1042 967 1114 hec
986 1044 1102 1113 omnia
1119 1055 1154 1113 et
1171 1045 1310 1135 singula
1337 1046 1505 1135 promitto
1524 1047 1591 1113 sub
1619 1044 1719 1136 penis
1743 1044 1864 1134 ajure

422 1143 562 1214 statutis
573 1152 694 1212 contra
709 1140 839 1212 Judeos
853 1140 1050 1211 relabentes
1065 1163 1128 1211 seu
1147 1142 1303 1234 relapsos
1319 1142 1354 1210 in
1372 1141 1553 1234 premissis
1571 1143 1628 1211 vel
1642 1142 1762 1232 aliquo
1783 1162 1866 1235 pre·

424 1241 623 1311 missorum.
657 1239 756 1323 item,
788 1241 952 1331 promitto
979 1250 1014 1308 et
1028 1239 1111 1327 juro
1142 1260 1198 1309 me
1226 1240 1349 1310 vivere
1369 1239 1420 1309 sic
1441 1251 1476 1309 et
1496 1261 1624 1309 cavere
1649 1260 1690 1308 ac
1719 1239 1864 1330 penitus

422 1338 599 1409 abstinere
619 1358 638 1406 a
658 1336 840 1405 blasfemia
860 1335 966 1405 lhesu
986 1334 1113 1406 Christi
1132 1347 1167 1406 et
1185 1337 1304 1406 matris
1324 1337 1400 1426 ejus
1419 1348 1455 1407 et
1475 1335 1558 1406 fidei
1577 1336 1783 1407 christiane.

425 1593 483 1656 10.
509 1592 640 1655 Modus
666 1591 863 1668 abjurandi
891 1591 1041 1655 illorum
1068 1593 1131 1673 qui
1160 1593 1330 1656 conversi
1358 1609 1380 1655 a
1406 1590 1559 1672 perfidia
1585 1592 1786 1655 ludeorum
1814 1593 1863 1656 ad

649 1697 757 1761 fldem
773 1698 948 1777 baptismi
963 1700 1154 1763 redierunt
1169 1700 1216 1763 ad
1232 1700 1411 1762 vomitum
1427 1700 1633 1778 tudaysmi.

473 1942 545 2034 ligo
565 1941 642 2011 talis
662 1941 704 2010 N.
724 1941 903 2012 habitator
922 1942 966 2011 de
985 1943 1042 2010 tali
1064 1943 1161 2028 loco,
1187 1942 1264 2011 talis
1285 1942 1468 2036 dyocesis,
1488 1942 1699 2012 constitutus
1714 1945 1748 2010 in
1765 1942 1863 2032 judi·

428 2042 476 2111 tio
496 2061 612 2110 coram
635 2040 736 2109 vobis
759 2039 816 2107 tali
841 2039 883 2110 N.
906 2040 1135 2130 inquisitore,
1163 2041 1396 2110 sacrosanctis
1422 2040 1483 2108 Dei
1511 2039 1713 2130 Evangeliis
1741 2060 1864 2110 coram

428 2160 484 2207 me
498 2137 633 2231 positis,
654 2138 778 2227 abjuro
795 2137 936 2228 penitus
954 2159 1095 2208 omnem
1114 2136 1266 2207 heresim
1278 2139 1531 2229 cujuscumque
1547 2149 1642 2207 secte
1655 2138 1861 2230 dampnate,

427 2249 462 2308 et
481 2236 680 2328 specialiter
698 2256 866 2327 expresse
882 2236 1006 2325 abjuro
1028 2236 1131 2304 ritum
1152 2235 1306 2328 judajce
1326 2233 1470 2327 perfidie
1491 2255 1595 2326 quam
1620 2235 1754 2304 dudum
1778 2235 1864 2305 reli-

426 2355 571 2427 queram
589 2343 756 2423 suscepta
777 2332 943 2424 baptismi
962 2335 1096 2424 gralia,
1118 2342 1153 2400 et
1171 2332 1215 2402 ad
1236 2354 1341 2424 qoam
1363 2335 1585 2426 postmodum
1605 2332 1714 2403 semel
1740 2354 1864 2403 rever·

425 2453 487 2503 sus
507 2432 639 2500 fueram
659 2451 705 2500 ex
727 2428 829 2522 culpa
853 2452 948 2516 mea3
979 2443 1014 2501 et
1041 2431 1166 2520 abjuro
1186 2452 1325 2501 omnem
1346 2431 1585 2518 credentiam,
1615 2443 1650 2500 et
1676 2430 1865 2523 participa·

427 2530 580 2613 tionem,
612 2543 647 2598 et
680 2528 860 2616 favorem,
891 2541 926 2599 et
955 2531 1246 2620 receptationem,
1284 2539 1319 2598 et
1351 2529 1592 2599 defensionem
1625 2526 1866 2598 hereticorum

425 2630 681 2718 cujuscumque
700 2635 795 2695 secte
814 2625 1024 2719 dampnate,
1053 2639 1088 2696 et
1106 2626 1305 2719 specialiter
1326 2640 1361 2696 et
1392 2646 1562 2720 expresse
1582 2627 1865 2718 apostatancium

426 2723 535 2795 afide
560 2725 831 2794 christianorum
856 2725 1110 2793 transeuntium
1134 2735 1195 2792 aut
1219 2717 1262 2819 [1⁰
1284 2724 1353 2792 tae
1373 2719 1409 2822 h]
1431 2744 1684 2794 conversorum
1706 2723 1865 2815 baptiza-

426 2834 539 2894 torurn
563 2821 783 2892 redeuntium
803 2822 847 2891 ad
870 2822 973 2891 ritum
997 2841 1060 2890 seu
1088 2821 1133 2890 ad
1154 2822 1325 2892 vomitum
1354 2821 1558 2915 tndajsmi,
1588 2822 1654 2890 sub
1683 2842 1867 2914 panaque

425 2920 564 3010 dejure
584 2920 733 2989 debetur
753 2920 900 3011 relapsis
920 2922 955 2988 in
975 2919 1127 2989 heresim
1146 2919 1180 2987 in
1196 2919 1550 3010 juditioahjuratam.
1568 2920 1668 3003 item,
1691 2921 1868 3012 promitto

426 3029 462 3089 et
481 3020 564 3108 juro
590 3039 644 3087 me
676 3038 738 3109 pro
766 3038 868 3108 posse
887 3038 964 3087 meo
986 3015 1150 3109 persequi
1170 3028 1204 3086 et
1224 3017 1390 3108 detegere
1409 3038 1472 3087 sen
1499 3017 1659 3088 revelare
1688 3029 1722 3086 et
1744 3017 1869 3088 facere

425 3116 501 3208 capi
531 3128 566 3185 et
594 3114 693 3184 reddi
718 3115 986 3205 inquisitoribus
1013 3113 1168 3185 heretice
1194 3114 1377 3206 pravitatis
1407 3115 1579 3185 hereticos
1602 3115 1869 3207 cujuscumque

424 3225 519 3283 secte
535 3213 724 3305 dampnate
741 3212 985 3305 etspeeialiter
997 3224 1032 3281 et
1051 3233 1220 3303 expresse
1233 3211 1447 3282 christianos
1464 3222 1704 3305 apostatantes
1715 3223 1752 3282 et
1771 3223 1868 3283 tran-

425 3323 568 3381 seuntes
592 3310 636 3379 ad
662 3310 766 3379 ritum
785 3310 998 3397 ludeorum,
1020 3321 1054 3380 el
1074 3310 1268 3403 baptizatos
1290 3310 1478 3380 redeuntes
1502 3311 1547 3379 ad
1569 3311 1673 3380 ritum
1695 3322 1728 3380 et
1749 3312 1868 3381 vomi·

427 3420 499 3478 tum
519 3407 723 3501 tndaysni,
750 3421 785 3478 et
817 3407 1003 3478 credentes
1029 3420 1063 3478 et
1092 3407 1245 3478 lautores
1272 3421 1307 3478 et
1334 3420 1570 3501 receptatores
1604 3417 1639 3478 et
1659 3408 1868 3479 defensores

427 3507 597 3599 ipsorum,
617 3506 916 3598 quandocumque
941 3518 976 3575 et
996 3504 1209 3596 ubicumque
1226 3506 1365 3576 scivero
1387 3527 1447 3576 eos
1470 3528 1548 3576 esse
1566 3506 1622 3575 vel
1641 3507 1798 3597 aliquem
1820 3506 1868 3576 de

428 3604 607 3697 predictis.
630 3604 713 3688 ltem
731 3606 897 3695 promitto
912 3615 946 3673 et
959 3604 1042 3693 juro
1063 3625 1119 3672 me
1137 3614 1257 3673 tenere
1277 3616 1312 3672 et
1330 3624 1474 3674 servare
1491 3614 1527 3674 et
1546 3603 1739 3674 defendere
1757 3602 1867 3674 fidem

427 3701 648 3788 catholicam,
663 3712 748 3785 etc,
770 3712 944 3794 utsupra,
968 3702 1001 3769 in
1019 3703 1196 3771 communi
1216 3701 1320 3771 modo
1339 3701 1541 3791 abjurandi.

498 4000 504 4015 .
573 3958 630 4018 11.
656 3956 786 4018 Modus
805 3956 1002 4033 abjurandi
1018 3957 1155 4020 scisma
1167 3959 1365 4021 Grecorum
1381 3956 1516 4036 poterit
1531 3972 1610 4019 esse
1628 3957 1725 4019 talis.

476 4173 549 4264 Ego
571 4173 649 4242 talis
669 4173 711 4243 N.
735 4172 826 4243 filius
846 4174 1023 4265 quondam
1042 4174 1119 4244 talis
1138 4174 1197 4257 Ν.,
1215 4174 1359 4244 natione
1372 4185 1406 4243 et
1422 4174 1557 4265 origine
1575 4173 1720 4256 Grecus,
1742 4173 1787 4243 de
1805 4174 1869 4243 tali

428 4271 511 4340 villa
521 4272 608 4340 «talis
629 4271 811 4363 dyocesis,
833 4272 1045 4342 constitutus
1065 4275 1100 4340 in
1117 4271 1247 4362 juditio
1268 4292 1384 4341 coram
1407 4272 1508 4341 vobis
1530 4271 1587 4339 tali
1608 4272 1776 4362 episcopo
1807 4271 1867 4342 vel

427 4369 486 4438 tali
503 4368 733 4460 inquisitore,
752 4369 830 4439 vice
843 4390 882 4438 ac
900 4369 1041 4438 nomine
1051 4369 1265 4439 sanctissimi
1281 4371 1389 4463 patris
1400 4369 1587 4439 acdomini
1603 4368 1643 4437 N.
1662 4368 1740 4438 talis
1758 4390 1866 4461 pape,

426 4467 550 4557 abjuro
568 4467 707 4558 penitus
722 4466 848 4536 scisma
865 4479 900 4537 et
911 4467 998 4536 ritus
1018 4488 1058 4537 ac
1073 4489 1211 4538 errores
1225 4466 1414 4537 Grecorum
1437 4467 1471 4534 in
1490 4467 1620 4558 quihus
1640 4487 1752 4556 usque
1772 4488 1871 4537 nnnc

427 4564 500 4634 vivi
522 4575 557 4634 et
573 4576 803 4634 conversatus
823 4586 919 4650 sum,
942 4565 977 4633 in
998 4576 1167 4655 quantum
1184 4576 1304 4633 sancte
1324 4565 1480 4634 Romane
1498 4563 1653 4634 Ecclesie
1672 4564 1870 4634 adversan-

428 4673 500 4750 tur,
524 4674 559 4732 et
583 4684 722 4732 omnem
745 4663 896 4732 heresim
919 4674 953 4732 et
975 4683 1129 4734 errorem
1150 4664 1378 4734 extollentem
1401 4683 1439 4732 se
1465 4663 1638 4731 adversus
1656 4659 1761 4730 fidem
1796 4661 1870 4732 Do·

428 4760 511 4828 mini
530 4760 636 4829 lhesu
657 4759 781 4830 Christi
803 4773 837 4829 et
853 4772 1008 4830 sanctam
1028 4761 1216 4831 Ecclesiam
1229 4760 1437 4831 catholicam
1450 4815 1460 4845 ,
1474 4771 1509 4829 et
1526 4758 1765 4830 obedientiam
1789 4780 1872 4851 pre-

427 4859 496 4927 fate
514 4869 633 4927 sancte
652 4858 807 4929 Nouiane
831 4857 1001 4946 Ecclesie3
1029 4869 1064 4929 et
1089 4859 1254 4952 promitto
1273 4869 1308 4928 et
1332 4860 1415 4948 juro
1435 4879 1543 4950 super
1561 4857 1647 4926 llllor
1663 4867 1784 4927 sancta
1802 4857 1871 4927 Dei

426 4953 617 5044 Evangelia
639 4976 693 5025 me
713 4956 880 5047 deinceps
898 4959 1018 5027 vivere
1034 4958 1101 5027 suh
1117 4955 1321 5028 ohedientia
1335 4956 1491 5026 Romane
1507 4954 1660 5025 Ecclesie
1679 4948 1719 5050 [N
1738 4953 1808 5021 l59
1831 4951 1867 5050 c]

427 5063 462 5120 et
491 5062 611 5122 tenere
640 5063 674 5121 et
696 5074 840 5122 servare
866 5051 971 5123 fidem
995 5053 1203 5126 catholicam
1231 5064 1266 5123 et
1283 5053 1361 5142 ejus
1391 5053 1587 5122 doctrinam
1608 5072 1713 5144 qnam
1735 5052 1867 5121 eadem
