4574 6404
419 681 492 750 228
713 695 874 749 americi
900 697 1140 763 rnomsrrrorus
1166 696 1328 753 anamma
1353 700 1564 753 rmmrarrs.

424 857 538 926 ticiam
571 854 772 946 pervenire,
817 853 973 945 alioquin
1004 857 1378 927 excommunicationis
1416 858 1588 927 sententia
1626 854 1856 948 percellatur.

470 952 645 1035 Secundo,
659 951 1152 1043 laventilliquirequisitiuou
1166 954 1308 1046 juvant,
1323 953 1859 1046 sicutpaletinlitteraClemen·

425 1052 467 1120 tis
482 1071 570 1143 pape
582 1005 657 1117 llll't
674 1060 709 1118 et
722 1047 881 1138 Gregorii
891 1069 979 1141 pape
990 1049 1030 1118 X‘
1043 1061 1077 1120 et
1095 1050 1273 1145 Nycholay
1285 1073 1373 1145 pape
1390 1051 1465 1121 llllu
1483 1052 1675 1122 consimilis
1695 1054 1853 1122 tenoris:

423 1146 660 1217 Prccurtctis
689 1144 739 1215 Εἰ
758 1143 890 1237 infra:
909 1145 1114 1216 Ceterum
1087 1170 1115 1218 si
1137 1149 1225 1218 forte
1231 1150 1352 1241 ,quod
1375 1171 1443 1218 uon
1464 1150 1653 1220 credimus.
1675 1147 1727 1218 Et
1743 1148 1862 1241 poulo

416 1253 522 1342 post:
535 1245 659 1314 Contra
681 1243 759 1313 illos
778 1264 862 1313 vero
876 1266 944 1334 qm
928 1244 1046 1315 idem
1065 1267 1247 1337 negocium
1258 1247 1416 1338 requisiti
1422 1248 1524 1336 Juxta
1536 1245 1689 1318 ollicium
1703 1260 1738 1316 et
1750 1267 1856 1339 posse

423 1365 525 1414 suum
545 1363 614 1412 non
628 1341 787 1432 juverint
806 1363 867 1411 seu
889 1342 1041 1412 foverint
1055 1345 1233 1430 studiose,
1252 1344 1329 1413 lreti
1349 1345 1556 1415 auctoritate
1574 1345 1718 1425 eadem,
1743 1344 1855 1414 intre·

425 1441 505 1533 pide
526 1440 722 1532 procedatis
742 1440 935 1508 secundum
956 1442 1142 1511 canonicas
1161 1444 1373 1513 sanctiones

472 1538 606 1622 Tertio,
642 1538 760 1607 lavent
788 1536 836 1605 illi
867 1538 925 1629 qui
954 1539 1105 1609 scienter
1137 1540 1344 1632 participant
1371 1561 1448 1610 cum
1478 1540 1634 1627 eisdem3
1663 1551 1698 1609 et
1722 1540 1767 1609 de
1786 1537 1855 1610 hoc

425 1636 574 1706 hahetur
593 1635 627 1702 in
648 1633 781 1704 eisdem
802 1635 941 1703 statutis
961 1635 1151 1706 lnnoceutii
1172 1647 1207 1706 et
1224 1637 1444 1707 Alexandri:
1469 1637 1503 1705 Si
1523 1641 1584 1729 qui
1606 1649 1723 1706 autem
1748 1636 1853 1723 tales,

425 1745 607 1827 postquam
626 1733 671 1802 ab
688 1731 840 1802 Ecclesia
857 1727 898 1828 [l0
916 1730 983 1802 ⁴25
1002 1730 1037 1831 h]
1060 1734 1188 1803 luerint
1208 1735 1385 1817 denotati,
1406 1738 1541 1804 evitare
1557 1736 1852 1826 contempserint,

424 1829 798 1902 excommunicationis
814 1830 987 1900 sententia
1010 1832 1264 1923 percellantur,
1289 1833 1375 1902 alias
1400 1833 1709 1903 animadversione
1733 1831 1855 1901 dehita

426 1929 608 2021 puniendi.
635 1967 681 1978 —
705 1926 802 2009 ltcm,
833 1928 866 1995 in
896 1927 971 2018 lege
992 1929 1162 2020 imperiali
1184 1929 1394 2000 Frederici.
1387 1955 1393 1966 ·
1427 1929 1700 2000 Patharenormn
1732 1949 1855 2022 recep·

426 2038 576 2106 tutores,
596 2037 631 2094 et
649 2025 856 2117 complices
878 2037 912 2094 et
930 2046 1152 2118 quocumque
1173 2028 1277 2097 modo
1296 2028 1449 2096 lautores
1466 2049 1542 2118 qur
1566 2041 1741 2120 utapena
1764 2027 1855 2098 ahos

426 2135 572 2218 possunt
598 2125 754 2192 eximere
782 2122 825 2192 de
847 2144 885 2192 se
908 2123 1005 2192 velut
1021 2124 1209 2216 improvidi
1231 2147 1299 2195 non
1322 2125 1523 2210 formidant,
1547 2125 1730 2217 publicatis
1750 2123 1855 2194 bouis

426 2221 589 2292 omuibus
611 2219 846 2330 relegandos
838 2241 873 2288 ru
895 2232 1101 2312 perpetuum
1127 2243 1204 2292 esso
1228 2244 1426 2293 censemus.

473 2318 628 2402 Quarto,
657 2318 800 2428 gravius
819 2318 935 2388 adhuc
955 2319 1074 2388 lavent
1093 2320 1154 2412 qui
1177 2320 1320 2390 laudant
1344 2342 1407 2390 seu
1426 2321 1675 2390 commendant
1703 2341 1786 2408 eos;
1809 2319 1856 2391 de

428 2417 493 2488 hoc
515 2415 690 2486 hahetur
682 2438 717 2483 m
736 2415 896 2508 pluribus
918 2416 1015 2488 locis.

474 2513 617 2597 Quinto,
650 2516 710 2604 qui
728 2534 788 2584 eos
817 2513 1010 2583 delendum
1041 2516 1185 2599 verbis,
1213 2537 1274 2607 pro
1293 2517 1344 2586 eis
1362 2516 1599 2608 disputando,
1636 2515 1691 2585 vel
1719 2537 1781 2609 pro
1801 2516 1854 2587 eis

424 2612 655 2697 aduocando,
686 2623 721 2681 et
747 2611 832 2681 tales
858 2624 1003 2703 possunt
1030 2613 1100 2683 dici
1124 2614 1340 2684 defensores.
1372 2613 1422 2683 De
1448 2613 1515 2683 hoc
1538 2613 1688 2683 hahetur
1712 2614 1746 2683 in
1777 2614 1855 2704 lege

427 2710 597 2803 imperiali
625 2709 797 2779 Frederici
823 2735 831 2777 ε
862 2707 1051 2780 Commissi
1075 2709 1182 2781 nodis.
1213 2710 1269 2781 Et
1292 2711 1394 2805 infra
1418 2737 1429 2778 :
1456 2711 1566 2779 Simili
1597 2732 1738 2802 quoque
1766 2732 1854 2803 pena

428 2809 532 2901 plecti
558 2829 742 2877 censemus
768 2828 891 2878 omnes
918 2829 1007 2898 quos
1034 2809 1077 2877 ad
1105 2810 1294 2879 lovendum
1325 2809 1558 2878 hereticorum
1586 2830 1723 2878 errores
1757 2808 1853 2878 calli·

428 2907 493 2974 dus
521 2906 629 2976 hostis
658 2905 804 2974 suscitat
822 2906 1033 2988 advocatos,
1065 2907 1120 2976 vel
1150 2918 1246 2997 parat
1276 2907 1415 2976 illicitos
1449 2907 1672 2986 defensores,
1703 2907 1854 2978 maxime

427 3026 505 3073 cum
533 3003 666 3073 lacinus
692 3024 781 3093 quos
809 3003 970 3093 inquinat
997 3016 1120 3095 opust,
1149 3004 1215 3073 nisi
1245 3003 1436 3074 monitione
1461 3005 1629 3096 premissa
1650 3004 1852 3074 destiterint

426 3114 601 3171 eteorum
620 3103 692 3171 vite
712 3100 880 3170 duxerint
899 3101 1168 3171 consulendum.

475 3199 596 3284 Sexto,
618 3197 804 3289 plurimum
824 3199 919 3267 lavet
937 3198 998 3290 qui
1013 3210 1133 3291 captos
1149 3200 1194 3269 de
1210 3199 1371 3269 manibus
1386 3201 1598 3291 capientium
1619 3200 1785 3269 auserunt
1798 3200 1855 3271 vel

428 3296 472 3365 de
486 3296 684 3365 carceribus
697 3296 934 3388 eripientem,
946 3296 1070 3388 velqui
1090 3297 1320 3389 personaliter
1335 3295 1520 3388 prohibent
1535 3318 1578 3367 ne
1596 3298 1791 3390 capiantur.
1805 3297 1855 3368 De

428 3392 494 3463 hoc
514 3392 665 3463 habetur
683 3397 718 3462 in
739 3392 1048 3464 constitutionibus
1066 3392 1253 3464 Clementis
1266 3414 1354 3486 pape
1369 3393 1445 3463 llll¹i
1461 3420 1468 3462 :
1485 3393 1546 3464 Ad
1558 3394 1785 3486 emtirpcnda.
1805 3392 1858 3463 Et

427 3490 530 3584 infra
552 3517 564 3560 .·
584 3489 804 3582 Quicumque
823 3503 939 3562 autem
963 3491 1154 3561 hereticum
1183 3493 1239 3562 vel
1264 3492 1453 3561 hereticam
1474 3505 1612 3584 captum
1635 3494 1690 3562 vel
1718 3505 1854 3585 captam

427 3590 565 3659 auferre
581 3591 625 3658 de
640 3589 1022 3678 manibuscapientiom
1033 3589 1088 3658 vel
1100 3590 1271 3682 capientis
1287 3610 1394 3658 ausus
1408 3590 1525 3671 inerit,
1537 3591 1592 3660 vel
1606 3591 1798 3660 dolendere
1812 3612 1857 3661 ue

428 3687 585 3779 capiatur
604 3707 666 3756 seu
683 3686 870 3778 prohibere
889 3687 1041 3778 aliquem
1061 3688 1190 3757 intrare
1206 3688 1348 3756 domum
1360 3708 1424 3757 seu
1440 3688 1553 3757 locum
1570 3689 1724 3780 aliquem
1743 3709 1786 3757 ne
1802 3708 1858 3758 ca-

432 3785 544 3875 piatur
558 3796 592 3854 et
609 3784 815 3876 inquiratur,
836 3783 926 3853 idern
939 3788 1041 3874 juxta
1060 3785 1171 3875 legem
1191 3784 1308 3854 Padue
1327 3786 1580 3977 promulgatam
1599 3808 1659 3878 per
1674 3786 1856 3878 quondam

428 3881 648 3951 Fredericum
677 3883 759 3951 olim
788 3880 1020 3952 Romanorum
1052 3883 1297 3974 imperatorem

428 3981 591 4050 omnihus
616 3981 649 4047 in
672 3991 876 4072 perpetuum
903 3981 1090 4070 relegetur.

476 4079 643 4168 Septimo,
668 4078 853 4168 plurimum
875 4079 993 4147 lavent
1011 4077 1145 4147 domini
1166 4078 1375 4170 temporales
1391 4078 1450 4168 qui
1470 4081 1622 4148 scienter
1639 4090 1716 4170 post
1735 4079 1859 4150 admo·

431 4175 596 4244 nitionem
617 4175 683 4244 sihi
709 4177 832 4245 lautam
855 4186 973 4245 tenent
997 4173 1170 4245 hereticos
1198 4177 1231 4244 in
1269 4176 1368 4244 terris
1401 4174 1474 4246 suis
1507 4188 1542 4246 et
1567 4198 1634 4246 nou
1657 4176 1856 4268 expellunt.

430 4272 478 4341 De
507 4273 572 4343 hoc
600 4272 747 4341 hahetur
768 4275 803 4341 in
825 4275 902 4364 lege
921 4273 1091 4364 imperiali
1115 4299 1123 4339 :
1147 4271 1342 4358 Cutharos,
1368 4271 1607 4344 Pothereum.
1635 4272 1687 4342 El
1710 4272 1816 4366 infra
1845 4302 1856 4343 :

428 4370 461 4439 Si
493 4392 577 4440 vero
601 4372 765 4440 dominus
795 4372 995 4462 temporalis
1026 4371 1216 4462 requisitus
1246 4387 1281 4440 et
1302 4372 1454 4441 monitus
1474 4371 1519 4440 ah
1538 4371 1691 4441 Ecclesia
1727 4382 1857 4442 terram

429 4488 526 4536 suam
553 4489 700 4560 purgare
726 4469 921 4557 neglexerit
945 4469 991 4537 ah
1010 4468 1163 4538 heretica
1188 4469 1380 4561 pravitate,
1411 4482 1488 4561 post
1507 4489 1636 4538 annum
1659 4491 1678 4538 a
1700 4480 1860 4562 tempore

431 4566 632 4635 monitionis
664 4566 844 4658 elapsum,
878 4577 1004 4635 terram
1038 4566 1148 4658 ipsius
1178 4569 1388 4658 exponimus
1406 4566 1590 4636 catholicis
1615 4568 1858 4659 occupandam

430 4664 488 4755 qui
515 4685 591 4733 eam
618 4664 858 4734 exterminatis
877 4662 1042 4734 hereticis
1061 4664 1195 4756 absque
1217 4663 1283 4732 ulla
1305 4663 1582 4735 contradictione
1598 4664 1803 4757 possideant
1824 4678 1861 4736 et

431 4763 466 4829 in
484 4758 565 4831 fidei
584 4761 733 4854 puritate
750 4773 975 4832 conservent.

477 4856 622 4944 Octavo,
638 4880 774 4929 summe
788 4860 977 4950 laventqui
991 4859 1229 4951 inquisitionis
1246 4858 1399 4931 cilicium
1416 4860 1613 4952 impediunt
1633 4872 1668 4930 et
1683 4861 1758 4950 ejus
1772 4881 1858 4931 exe-

429 4956 561 5025 cutioni
582 4977 620 5026 se
645 4968 839 5048 opponunt.
863 4957 911 5026 lle
931 4956 996 5027 hoc
1017 4957 1164 5028 hahetur
1189 4960 1223 5027 iu
1249 4958 1361 5028 littera
1390 4957 1576 5028 Clementis
1605 4979 1694 5050 pape
1722 4957 1798 5026 llll¹i
1824 4971 1862 5028 et

429 5051 585 5143 Gregorii
604 5074 692 5146 pape
706 5053 746 5122 Xi
766 5065 802 5123 cl
820 5053 997 5148 NJcholay
1019 5075 1106 5148 pape
1126 5056 1201 5125 fflpr
1221 5055 1413 5126 consimilis
1433 5058 1564 5127 tenoris
1584 5081 1591 5123 :
1611 5053 1688 5125 Pre
1706 5055 1856 5127 conctis.

1344 3884 1369 3950 l⁰
1391 3880 1459 3953 tas
1477 3879 1509 3979 c]
1539 3883 1723 3975 publicatis
1751 3883 1856 3953 honis
