4574 6404
803 658 961 712 sueonos
980 657 1080 710 nans,
1609 637 1656 708 lh

227 817 376 909 quisitor
402 817 482 886 talis
507 816 578 909 N.‚
607 817 829 888 attendentes
860 819 1026 909 quoniam
1055 828 1130 888 etas
1155 818 1325 908 juvenilis
1353 818 1388 886 io
1415 815 1653 886 adolescentia

228 936 289 985 sua
315 914 418 985 facile
448 912 600 985 llectitur
630 914 674 985 ad
705 935 946 1006 quecumque,
973 916 1019 984 ad
1050 935 1090 985 ea
1120 914 1274 985 maxime
1305 914 1397 985 circa
1424 932 1495 1006 que
1521 912 1658 982 versari

227 1013 399 1104 conspicit
424 1012 617 1084 studiosam
650 1012 866 1083 voluntatem
899 1024 1082 1103 parentum
1112 1034 1262 1105 quorum
1289 1011 1437 1105 imperio
1469 1009 1653 1093 subditur,

229 1109 346 1180 verbis
370 1120 406 1180 et
432 1109 604 1202 exemplis
633 1109 795 1179 eruditur
820 1120 855 1179 et
882 1111 1083 1200 magisterio
1102 1111 1336 1201 gubernatur,
1359 1108 1508 1179 necdum
1529 1109 1557 1178 si
1578 1107 1656 1199 qui·

228 1207 307 1278 dem
335 1206 439 1300 plene
464 1206 632 1278 discernit
656 1218 731 1277 etas
756 1206 814 1276 illa
838 1207 924 1299 quid
948 1218 1050 1297 agat,
1073 1207 1158 1300 quid
1184 1207 1310 1298 eligat,
1339 1206 1473 1276 ratione
1496 1204 1654 1276 nondum

230 1305 385 1397 plenarie
411 1304 635 1390 dominante,
661 1315 697 1375 et
722 1303 909 1376 deficiente
937 1303 1004 1374 sihi
1033 1305 1251 1397 experientia
1279 1305 1445 1396 temporis
1466 1302 1653 1395 longioris;

230 1403 381 1495 ideoque
407 1401 544 1473 delictis
575 1413 611 1472 et
637 1405 844 1494 ignorantiis
870 1402 1068 1492 juventutis
1090 1403 1171 1494 jure
1198 1403 1351 1494 parcitur
1380 1422 1400 1470 a
1434 1409 1507 1472 tolo
1533 1400 1654 1493 sepius

229 1500 328 1571 vela
361 1511 476 1586 tant03
505 1502 691 1592 quocirca,
721 1500 941 1571 considerata
967 1510 1060 1570 etate
1085 1500 1163 1570 talis
1188 1499 1231 1570 N.
1257 1497 1312 1593 (l)
1338 1500 1383 1570 de
1412 1499 1470 1568 tali
1498 1495 1653 1569 locofilii

231 1597 307 1668 talis
341 1597 382 1667 N.
408 1594 484 1693 (2),
513 1598 574 1689 qui
605 1599 697 1667 circa
732 1618 890 1681 nonum,
918 1616 960 1667 ac
990 1598 1197 1682 decimum,
1227 1608 1262 1668 et
1295 1597 1519 1668 undecimum
1551 1595 1655 1667 etatis

230 1716 292 1766 sue
311 1716 441 1766 annum
474 1698 594 1765 matris
624 1715 689 1765 sue
716 1695 772 1767 vel
803 1695 992 1788 patrissui
1021 1694 1139 1765 verhis
1171 1707 1206 1765 et
1238 1695 1378 1766 monitis
1404 1694 1592 1764 inclinatus
1621 1703 1658 1763 et

230 1793 351 1863 insana
390 1793 549 1864 doctrina
590 1791 786 1883 deceptus.
819 1813 861 1863 ac
893 1793 1056 1885 exemplo
1095 1794 1261 1885 pestifero
1302 1794 1531 1878 informatus,
1570 1789 1659 1860 vidit

232 1890 380 1983 pluries·
399 1891 573 1961 hereticus
607 1884 647 1984 [1⁰
672 1887 720 1961 25
743 1886 807 1986 h],
843 1889 958 1961 sciens
989 1893 1085 1983 ipsos
1115 1911 1194 1961 esse
1230 1890 1315 1961 tales
1348 1902 1384 1960 et
1409 1888 1535 1961 eodem
1561 1907 1658 1958 more

231 1988 410 2060 hereticali
436 1988 639 2059 inclinando
661 2009 700 2058 se
723 2008 839 2059 coram
868 1989 933 2071 eis,
960 1986 1062 2058 llexis
1089 1989 1239 2079 genibus
1265 1999 1300 2057 et
1319 1988 1452 2078 junctis
1479 1986 1655 2071 manibus,

231 2084 512 2159 benedictionem
538 2106 659 2157 eorum
686 2084 859 2177 petendo,
885 2096 920 2156 et
941 2085 1092 2157 dicendo
1118 2085 1313 2156 Benedictio
1339 2084 1470 2176 pluries
1496 2084 1659 2154 adoravit

235 2183 290 2279 (io
306 2185 370 2255 islo
389 2186 461 2258 loco
478 2182 710 2276 exprimatur
727 2183 832 2275 culpo
852 2184 929 2274 ejus
951 2183 1012 2253 suh
1034 2183 1238 2276 compendio
1259 2181 1500 2275 singillatim).
1527 2181 1659 2252 Idcirco

232 2303 295 2354 nos
328 2283 516 2376 inquisitor
546 2281 701 2374 prelatus
735 2293 964 2351 memoratum
1001 2283 1103 2354 talem
1129 2281 1171 2351 N.
1202 2280 1339 2374 culpam
1373 2301 1473 2351 suam
1502 2279 1547 2351 de
1579 2301 1659 2371 pre-

232 2379 333 2451 dictis
356 2401 472 2452 curam
494 2379 596 2452 nohis
621 2377 801 2450 humiliter
818 2377 1063 2465 confitentem,
1086 2390 1121 2450 et
1144 2379 1273 2462 redire,
1298 2391 1401 2471 prout
1426 2378 1564 2462 asserit,
1595 2397 1659 2448 vo·

231 2477 360 2550 lentem
381 2478 428 2549 ad
450 2477 606 2549 Ecclesia
632 2476 820 2564 unitatem,
844 2476 1001 2568 abjurata
1027 2498 1089 2570 per
1111 2497 1191 2549 eum
1216 2477 1312 2547 omni
1336 2476 1451 2547 heresi
1475 2475 1512 2544 in
1530 2474 1657 2566 juditio

231 2595 347 2666 coram
375 2576 497 2660 nohis,
527 2585 563 2645 et
592 2573 736 2666 prestito
758 2578 960 2665 J'uramento
988 2573 1033 2645 de
1061 2573 1216 2667 parendo
1244 2574 1418 2644 mandatis
1442 2573 1596 2643 Ecclesia
1622 2585 1657 2644 et

232 2673 377 2759 nostris,
402 2672 622 2744 absolvimus
645 2672 839 2742 secundum
867 2672 1011 2741 lormam
1033 2671 1187 2742 Ecclesia
1214 2672 1259 2741 ah
1282 2671 1657 2742 excommunicationis

231 2772 426 2857 sententia,
456 2791 497 2840 ac
521 2770 626 2841 etiam
647 2790 666 2839 a
686 2771 851 2862 predictis
877 2770 1040 2840 omnihus
1060 2781 1095 2840 et
1112 2790 1152 2839 ea
1173 2768 1477 2860 contingentibus,
1501 2768 1656 2859 injuncta

231 2868 297 2938 sihi
328 2871 521 2962 penitentia
545 2867 612 2938 suh
639 2866 705 2937 hac
729 2869 870 2939 lorma:
899 2868 1058 2939 nolentes
1086 2868 1115 2937 si
1143 2866 1285 2958 quidem
1314 2866 1409 2958 quod
1435 2867 1503 2936 tale
1538 2865 1655 2958 piacu-

232 2966 301 3034 lum
325 2967 470 3039 omnino
495 2968 573 3037 sine
597 2965 715 3058 aliqua
740 2967 932 3059 penitentia
961 2977 1159 3036 remaneret
1186 2964 1335 3033 inultum
1357 2961 1429 3058 (oel
1445 2963 1521 3035 sic:
1542 2983 1656 3033 rema·

231 3076 326 3136 neret
352 3065 492 3158 penitus
521 3062 750 3159 impunitum)
776 3076 811 3134 et
836 3075 873 3132 ut
898 3066 974 3157 ipse
999 3061 1173 3132 efficiatur
1199 3061 1235 3132 in
1252 3072 1431 3155 posterum
1448 3060 1651 3149 sollicicior,

232 3163 266 3231 in
304 3161 439 3233 cautela
475 3160 692 3254 injunximus
731 3160 845 3232 eidem
882 3161 916 3229 in
950 3160 1177 3253 penitentiam
1215 3171 1251 3231 et
1288 3160 1430 3230 nominc
1465 3157 1657 3251 penitentie

231 3280 292 3351 pru
318 3261 483 3353 predictis
512 3259 608 3353 quod
642 3259 745 3328 iaciat
776 3260 878 3330 talem
912 3257 1229 3350 peregrinationem
1259 3255 1505 3351 (exprimatur
1531 3258 1569 3325 io
1594 3255 1658 3325 islo

230 3355 336 3453 loco);
363 3357 572 3430 confiteatur
602 3359 747 3448 insuper
776 3366 914 3448 peccata
947 3376 1010 3425 sua
1040 3368 1092 3427 ter
1119 3355 1155 3423 in
1182 3376 1296 3441 anno,
1324 3354 1458 3426 scilicet
1483 3364 1565 3424 ante
1589 3352 1656 3422 Na·

231 3455 356 3541 talem,
384 3455 516 3527 Pascha
542 3467 577 3526 et
600 3453 877 3540 Penthecosten,
905 3464 939 3523 et
964 3455 1000 3522 in
1025 3453 1159 3524 eisdem
1187 3452 1435 3524 festivitatibus
1461 3453 1655 3523 communi·

229 3563 304 3641 cet,
326 3553 393 3624 nisi
410 3552 620 3623 abstinuerit
643 3551 688 3621 de
707 3551 854 3622 consilio
872 3551 1005 3643 proprii
1024 3549 1237 3637 sacerdotis3
1258 3549 1406 3642 singulis
1426 3570 1512 3621 vero
1528 3548 1655 3620 diebus

230 3649 415 3720 dominicis
444 3660 480 3720 et
510 3650 646 3721 festivis
675 3649 817 3720 missam
845 3647 1098 3741 parrochialem
1123 3647 1245 3718 audiat
1274 3669 1320 3718 ex
1352 3647 1489 3739 integro
1516 3657 1552 3718 et
1580 3667 1655 3717 ser·

230 3769 368 3819 munem
395 3748 455 3840 qui
482 3745 543 3820 liet
565 3748 599 3815 in
627 3745 713 3816 locis
739 3746 775 3816 in
799 3746 928 3839 quihus
952 3740 993 3842 [i0
1012 3743 1059 3817 25
1076 3742 1108 3856 c]
1135 3744 1258 3830 luerit,
1279 3745 1345 3814 nisi
1365 3744 1521 3835 legitime
1539 3744 1656 3815 valeat

229 3845 405 3917 excusari.
432 3846 517 3916 ltem
545 3845 590 3914 ab
616 3843 711 3914 omni
735 3865 843 3936 opere
866 3843 987 3915 servili
1013 3843 1188 3914 abstrneat
1212 3841 1338 3913 diebus
1362 3841 1547 3913 dominicis
1567 3853 1603 3913 et
1619 3841 1655 3909 in

230 3944 326 4014 lestis
352 3943 534 4028 colendis;
566 3940 803 4013 divinationes
829 3953 864 4012 et
885 3940 1061 4032 sortilegia
1087 3961 1159 4011 non
1184 3940 1370 4027 observet3
1402 3959 1526 4010 usuras
1550 3951 1585 4010 et
1603 3958 1657 4008 ra·

230 4041 329 4132 pines
351 4061 420 4111 non
447 4052 628 4124 exerceat,
650 4050 684 4108 et
708 4040 868 4109 restituat
889 4040 919 4109 si
942 4040 1085 4131 recepit.
1113 4038 1275 4110 Preterea
1300 4047 1531 4130 persequatur
1550 4035 1655 4107 here·

231 4139 328 4224 ticos,
349 4139 631 4231 quibuscumque
652 4137 853 4207 nominibus
872 4147 1105 4228 censeantur,
1129 4146 1165 4206 et
1188 4134 1395 4220 credentes,
1423 4144 1459 4205 et
1482 4132 1654 4218 lautores,

230 4248 262 4305 et
288 4246 525 4328 receptatores
548 4254 691 4319 eorum,
722 4255 764 4305 ac
782 4255 844 4326 pro
864 4233 977 4305 heresi
1006 4233 1210 4326 lugittivos,
1239 4230 1415 4324 fidemque
1432 4230 1655 4319 catholicam,

230 4344 263 4402 et
286 4353 456 4426 personas
475 4331 742 4420 ecclesiasticas,
764 4342 800 4402 et
824 4334 904 4423 jura
923 4330 1168 4416 ecclesiarum,
1189 4341 1224 4402 et
1241 4327 1394 4400 officium
1414 4328 1655 4421 inquisitionis

231 4427 383 4502 heretice
402 4429 584 4523 pravitatis
607 4449 670 4521 pro
690 4430 825 4500 viribus
846 4438 984 4500 tueatur
1009 4454 1017 4497 :
1040 4428 1273 4501 concedentes
1292 4427 1408 4497 eidem
1433 4427 1494 4497 tali
1512 4427 1556 4499 N.
1582 4447 1656 4520 pre·

229 4539 346 4599 sentes
377 4527 509 4599 litteras
542 4526 659 4619 sigillo
694 4538 814 4600 nostro
845 4526 1014 4618 sigillatas
1045 4525 1081 4595 in
1118 4524 1356 4597 testimoninm
1387 4525 1652 4618 premissorum.

230 4623 376 4719 Datum,
401 4636 469 4696 etc.

263 4931 300 4999 (l)
313 4931 350 4987 N.
364 4930 436 4988 dans
450 4933 477 4987 le
491 4946 549 4990 ms.
563 4931 625 4989 388.

263 5027 300 5099 (2)
315 5030 356 5087 ld.
