4574 6404
425 640 501 711 210
715 655 877 709 anamim
903 654 1144 722 iucursrrrours
1171 657 1333 710 aunarius
1359 655 1570 708 anavrrarrs.

426 815 472 887 ad
492 813 634 897 Natale,
653 826 721 885 eta
741 813 917 883 dominica
935 815 969 883 in
988 811 1287 906 Quinquagesima
1303 835 1416 905 usque
1434 814 1478 882 ad
1499 813 1653 896 Pascha,
1675 824 1749 884 eta
1771 814 1864 884 festo

427 912 651 984 Pentecostes
671 911 842 1003 usquead
864 911 990 980 festum
1010 911 1248 1005 apostolorum
1270 911 1359 980 Petri
1381 922 1417 981 et
1435 910 1555 996 Pauli3
1574 921 1609 981 et
1627 912 1863 1003 septimanam

430 1010 579 1103 primam
607 1020 642 1079 et
670 1009 827 1079 ultimam
851 1008 1041 1099 cujuslibet
1065 1011 1335 1101 quadragesime
1361 1019 1487 1078 vocant
1509 1008 1739 1099 septimanam
1760 1012 1863 1079 stric-

428 1117 517 1190 tam,
539 1107 621 1199 quia
646 1110 681 1175 in
710 1107 767 1176 illa
784 1107 947 1198 jejunant
965 1110 1001 1175 in
1023 1128 1113 1199 pane
1132 1119 1166 1176 et
1183 1128 1275 1198 aqua
1299 1119 1334 1176 et
1354 1107 1388 1174 io
1418 1105 1496 1175 aliis
1515 1119 1632 1176 autem
1648 1106 1857 1199 septimanis

428 1206 542 1274 tribus
561 1204 687 1275 diebus
703 1204 865 1294 jejunant
883 1205 918 1273 iu
940 1224 1030 1295 pane
1053 1217 1088 1274 et
1106 1225 1221 1296 aqua;
1243 1218 1278 1274 et
1299 1225 1360 1295 per
1387 1215 1496 1273 totum
1524 1223 1655 1272 annum
1677 1205 1861 1274 residuum

429 1303 541 1372 tribus
574 1302 700 1372 diebus
732 1304 894 1391 jejunant
924 1305 960 1370 in
992 1322 1081 1393 pane
1107 1313 1143 1371 et
1168 1322 1257 1393 aqua
1286 1307 1320 1370 in
1347 1301 1504 1393 qnalibet
1537 1301 1753 1392 septimana,
1790 1300 1858 1371 nisi

427 1400 497 1468 siut
515 1399 720 1469 itinerantes
738 1411 798 1468 aut
818 1398 961 1469 infirmi.
980 1397 1086 1482 item,
1109 1421 1286 1490 uunquam
1307 1399 1497 1469 comedunt
1516 1418 1639 1468 carnes
1664 1420 1729 1468 nec
1747 1399 1855 1469 etiam

429 1508 578 1588 tangunt
593 1518 665 1581 eas,
689 1519 753 1567 nec
772 1518 912 1567 caseum
934 1517 1108 1581 decora,
1140 1518 1204 1567 uec
1223 1497 1355 1589 aliquid
1376 1496 1470 1588 quod
1496 1508 1656 1565 nascatur
1680 1518 1726 1566 ex
1751 1517 1859 1566 carne

428 1614 492 1686 per
515 1596 608 1664 viam
628 1595 865 1684 generationis
880 1616 943 1664 seu
957 1594 1108 1665 cubitus.
1129 1594 1239 1687 ltem,
1263 1597 1359 1665 nullo
1376 1595 1479 1664 inodo
1495 1594 1696 1664 occiderent
1712 1593 1859 1685 aliquod

428 1693 558 1761 animal
575 1714 638 1762 uec
657 1693 800 1784 aliquod
821 1692 989 1784 volatile,
1011 1694 1093 1782 quia
1111 1692 1232 1761 dicunt
1251 1706 1286 1762 et
1306 1692 1454 1762 credunt
1468 1693 1562 1781 quod
1586 1695 1622 1760 in
1645 1691 1859 1762 animalibus

427 1787 542 1859 brutis
562 1803 596 1859 et
615 1793 720 1860 etiam
742 1790 775 1858 in
797 1790 925 1860 avibus
949 1790 1019 1859 sint
1038 1790 1181 1882 spiritus
1213 1790 1263 1858 illi
1290 1790 1349 1882 qui
1382 1791 1552 1860 recedunt
1578 1790 1623 1860 de
1650 1790 1859 1882 corporibus

428 1883 624 1972 hominum,
642 1886 784 1978 quando
804 1908 872 1959 uon
892 1899 974 1958 suot
994 1889 1125 1979 recepti
1141 1887 1184 1957 ad
1206 1900 1334 1957 sectam
1354 1902 1389 1957 et
1407 1888 1567 1958 ordinem
1579 1908 1682 1957 suum
1704 1909 1766 1979 per
1788 1888 1857 1956 im-

426 1985 636 2074 positionem
656 2007 820 2054 manuum
842 1986 994 2077 ipsorum
1016 1985 1209 2054 secundum
1231 1987 1335 2054 ritum
1350 2007 1487 2066 eorum,
1507 1999 1540 2054 et
1556 1986 1650 2077 quod
1672 1995 1857 2055 transeunt

429 2079 475 2151 de
494 2104 563 2152 uno
580 2103 727 2175 corpore
749 2083 783 2151 iu
810 2083 905 2152 aliud
925 2103 1066 2174 corpus,
1095 2082 1198 2171 Item,
1223 2104 1292 2153 uon
1316 2095 1463 2172 tangunt
1481 2083 1634 2174 aliquam
1657 2082 1855 2152 mulierem.

430 2176 535 2263 Item,
558 2181 592 2248 in
615 2180 785 2273 principio
803 2201 943 2265 mense,
964 2180 1108 2273 quando
1124 2190 1207 2249 sunt
1226 2180 1316 2250 inter
1332 2174 1373 2276 [p
1395 2179 1457 2248 131
1478 2177 1511 2276 c]
1528 2181 1712 2251 credentes
1727 2181 1783 2249 vel
1804 2180 1859 2248 io-

432 2284 560 2362 terso,
591 2278 804 2348 benedicunt
832 2300 938 2346 unum
961 2298 1085 2371 panem
1108 2276 1162 2348 vel
1184 2300 1287 2348 unam
1322 2281 1453 2370 peciam
1476 2280 1595 2370 panis,
1620 2278 1774 2348 tenendo
1792 2297 1857 2371 pa·

430 2395 511 2443 nem
527 2376 562 2444 iu
579 2376 740 2446 manibus
756 2398 835 2446 cum
856 2375 1077 2465 manutergio
1101 2397 1164 2445 seu
1188 2376 1308 2467 aliquo
1337 2397 1452 2467 panno
1479 2376 1560 2448 albo
1584 2376 1809 2468 dependente
1838 2396 1859 2443 a

430 2473 540 2556 collo,
563 2473 715 2545 diceudo
733 2475 926 2544 orationem
946 2472 1064 2544 Pater
1078 2479 1196 2542 noster
1223 2485 1259 2544 et
1283 2474 1476 2564 frangendo
1502 2474 1537 2542 iu
1566 2495 1693 2566 parvas
1718 2475 1860 2566 pecias3

429 2579 465 2638 et
486 2569 589 2641 talem
609 2591 734 2664 panem
756 2582 883 2642 vocant
903 2592 1026 2664 panem
1044 2583 1165 2641 sancte
1191 2571 1360 2642 orationis
1386 2587 1421 2641 et
1446 2593 1569 2664 panem
1600 2570 1800 2656 fractionis5
1824 2581 1861 2640 et

429 2669 614 2738 credentes
631 2689 752 2740 eorum
772 2680 900 2740 vocant
919 2690 1043 2762 panem
1065 2669 1287 2738 benedictum
1306 2690 1369 2738 sen
1394 2690 1518 2760 panem
1538 2670 1736 2761 signatum,
1757 2666 1860 2738 etde

429 2762 489 2835 illo
510 2788 571 2857 pro
589 2767 837 2838 communione
859 2768 1049 2837 comedunt
1065 2765 1100 2834 iu
1122 2767 1292 2858 principio
1308 2789 1428 2838 mense
1443 2781 1477 2838 et
1487 2768 1572 2837 daut
1589 2779 1623 2836 et
1643 2767 1861 2836 distribuunt

428 2864 656 2935 credentibus
674 2865 760 2935 suis.
783 2867 886 2949 ltem,
908 2865 1036 2934 docent
1054 2864 1281 2934 credentibus
1293 2865 1367 2935 suis
1383 2866 1478 2957 quod
1499 2865 1667 2935 exibeant
1686 2865 1737 2934 eis
1758 2884 1859 2933 reve·

429 2961 600 3046 rentiam,
623 2983 727 3054 quam
760 2973 887 3032 vocant
905 2962 1229 3045 Melioramentum,
1251 2984 1315 3031 nos
1342 2975 1458 3033 autem
1489 2983 1657 3033 vocamus
1672 2962 1859 3031 Adoratio·

429 3077 533 3144 uem,
556 3060 723 3130 videlicet
741 3058 914 3130 flectendo
934 3081 1048 3151 genua
1080 3070 1115 3128 et
1143 3059 1345 3130 inclinando
1369 3082 1408 3131 se
1429 3060 1601 3152 profunde
1629 3080 1745 3129 coram
1773 3059 1859 3151 ipsis

428 3175 534 3246 super
552 3156 702 3248 aliquam
724 3158 899 3248 banquam
923 3158 977 3229 vel
1001 3178 1111 3249 usque
1136 3157 1180 3226 ad
1203 3160 1349 3244 terram,
1375 3158 1506 3248 junctis
1533 3156 1714 3236 manibus,
1745 3156 1859 3227 tribus

429 3252 566 3323 vicibus
587 3255 787 3326 inclinando
806 3266 841 3325 et
858 3255 1035 3346 surgendo
1056 3269 1091 3324 et
1110 3255 1260 3325 diceudo
1280 3255 1437 3347 qualibet
1457 3256 1533 3325 vice
1557 3280 1564 3322 :
1584 3252 1802 3337 Benedicite,
1823 3267 1860 3325 et

427 3351 463 3418 in
487 3348 556 3421 liue
574 3353 817 3423 concludendo
847 3378 854 3421 :
881 3352 966 3423 Boni
995 3353 1198 3435 christiani,
1224 3353 1505 3423 benedictionem
1527 3353 1589 3421 Dei
1616 3363 1650 3422 el
1679 3363 1856 3439 vestram;

427 3460 524 3518 crate
545 3449 728 3520 Dominum
748 3450 929 3542 pronubis
949 3451 1044 3541 qnod
1059 3450 1151 3520 Deus
1167 3451 1341 3520 custodiat
1358 3471 1378 3521 a
1398 3451 1486 3520 mala
1507 3459 1617 3519 morte
1635 3463 1670 3520 et
1690 3450 1860 3541 perducat

426 3567 491 3616 nos
509 3547 554 3616 ad
576 3548 705 3617 bouum
729 3547 854 3631 finem,
878 3549 933 3618 vel
954 3549 999 3617 ad
1021 3568 1144 3617 mauris
1166 3547 1321 3617 fidelium
1341 3547 1625 3618 christianorum.
1655 3548 1695 3617 Et
1724 3546 1857 3616 bereti-

425 3646 695 3737 correspondet
718 3672 725 3713 :
748 3645 778 3715 Α
797 3646 869 3716 llen
888 3657 924 3716 et
942 3665 961 3714 a
995 3645 1095 3717 nobis
1115 3644 1274 3715 babeatis
1302 3667 1378 3716 eam
1399 3646 1533 3715 scilicet
1552 3645 1855 3729 benedictionem

425 3751 461 3810 et
478 3741 570 3812 Deus
591 3765 655 3813 vos
675 3744 859 3814 benedicat
876 3755 911 3814 et
930 3764 949 3813 a
967 3745 1055 3813 mala
1075 3753 1185 3813 morte
1200 3743 1326 3835 eripiat
1339 3744 1491 3812 animam
1509 3756 1662 3812 vestram
1683 3753 1719 3812 et
1735 3742 1780 3812 ad
1797 3742 1860 3813 bo·

426 3859 509 3907 oum
532 3838 636 3910 finem
660 3863 723 3912 vos
753 3841 933 3933 perducat.
955 3840 1019 3913 Per
1049 3841 1174 3910 malam
1206 3853 1352 3911 mortem
1381 3841 1466 3911 daut
1491 3840 1689 3931 intelligere
1711 3839 1859 3912 heretici

426 3939 516 4006 mori
534 3937 568 4005 io
588 3936 658 4008 lide
677 3938 830 4009 Ecclesie
850 3939 1026 4026 Romaue;
1049 3939 1255 4030 perbonam
1276 3948 1392 4008 autem
1413 3937 1517 4008 finem
1538 3950 1572 4008 et
1594 3960 1654 4030 per
1675 3959 1798 4007 manns
1816 3935 1858 4006 fi·

423 4033 556 4103 delium
577 4035 846 4106 christianorum
873 4037 958 4106 dant
985 4036 1181 4128 intelligere
1203 4037 1298 4127 quod
1325 4037 1538 4129 recipiantur
1558 4039 1592 4104 in
1619 4034 1688 4106 fine
1717 4056 1783 4106 suo
1809 4035 1858 4104 ad

424 4143 554 4201 sectam
573 4146 608 4204 et
627 4133 787 4204 ordinem
808 4133 978 4226 ipsorum,
999 4136 1192 4204 secundum
1215 4134 1318 4203 ritum
1342 4154 1462 4203 eorum
1476 4157 1485 4219 ;
1501 4144 1536 4203 et
1555 4133 1621 4203 hoc
1637 4136 1758 4204 dicunt
1777 4153 1859 4203 esse

424 4228 554 4300 bonum
576 4229 695 4302 finem.
715 4230 909 4303 Predictam
930 4244 1046 4301 autem
1066 4231 1299 4301 reverentiam
1327 4230 1448 4300 dicunt
1475 4228 1550 4300 lieri
1572 4252 1642 4301 nou
1668 4231 1773 4323 ipsis,
1802 4239 1859 4300 set

424 4325 567 4419 Spiritui
587 4328 728 4410 Sancto,
747 4350 851 4421 quem
873 4329 994 4398 dicunt
1013 4349 1091 4398 esse
1112 4328 1146 4397 in
1161 4350 1199 4397 se
1215 4329 1300 4421 ipsis
1323 4322 1363 4424 [p
1384 4327 1446 4396 l3l
1471 4325 1523 4424 d]‚
1542 4350 1586 4399 eu
1607 4349 1678 4420 quo
1697 4339 1779 4397 sunt
1797 4348 1857 4397 re·

424 4425 515 4515 cepti
534 4425 578 4495 ad
598 4438 727 4496 sectam
758 4438 792 4495 et
811 4425 970 4496 ordinem
991 4447 1094 4517 quem
1115 4426 1293 4496 dicuntae
1316 4439 1448 4496 tenere.
1482 4425 1591 4508 item,
1624 4429 1751 4496 docent
1776 4445 1855 4494 cre·

424 4521 590 4592 dentibus
609 4523 683 4593 suis
703 4524 799 4616 quod
815 4523 943 4593 iaciant
962 4524 1012 4593 eis
1031 4536 1167 4616 pactum
1188 4524 1282 4615 quod
1299 4535 1428 4594 vocant
1448 4523 1479 4592 la
1497 4521 1712 4606 Cocenertsm
1734 4521 1859 4592 videli-

424 4631 479 4687 cet
498 4620 592 4710 quod
611 4623 646 4689 iu
665 4619 734 4690 line
752 4642 818 4692 suo
840 4622 949 4690 velint
968 4622 1075 4712 recipi
1095 4621 1139 4690 ad
1160 4636 1289 4692 sectam
1310 4632 1347 4691 et
1371 4620 1529 4691 ordinem
1552 4622 1728 4714 ipsorum;
1755 4631 1857 4690 etex

425 4724 507 4786 tuuc
526 4716 673 4789 heretici
699 4729 845 4812 possunt
865 4719 1021 4810 recipere
1041 4718 1128 4790 tales
1148 4719 1182 4787 in
1204 4717 1405 4789 infirmitate
1434 4739 1574 4803 eorum,
1597 4719 1701 4788 etiam
1722 4719 1751 4788 si
1772 4737 1854 4810 per-

423 4811 598 4886 didisseut
618 4815 795 4908 loquelam
817 4825 879 4886 aut
898 4837 967 4886 non
989 4815 1161 4887 habereut
1181 4816 1384 4888 memoriam
1404 4817 1615 4887 ordinatam.

1095 5734 1463 6008 Q
