4612 6404
433 627 504 696 dli
716 639 878 692 auxerim
903 638 1144 705 ruoutsrrrorus
1169 641 1334 694 nunnrrcn
1359 642 1571 694 univimus

432 811 467 871 et
487 800 689 869 inlectarum
710 795 764 889 (l)
784 796 829 866 ad
848 816 935 886 quas
955 796 1084 867 luerint
1108 799 1357 891 condempnati
1379 800 1577 870 secundum
1597 800 1693 891 quod
1714 800 1867 872 inlerius

433 897 655 979 continetur,
677 906 712 963 et
729 893 795 963 hoc
811 893 938 963 salario
956 895 1025 962 sint
1041 898 1209 965 contenti.

481 995 539 1064 Set
557 995 599 1062 ad
620 992 751 1062 nullum
772 991 867 1060 aliud
888 992 1002 1083 ,quod
1024 992 1117 1062 istud
1135 991 1288 1063 officium
1311 995 1481 1086 impediat
1502 995 1557 1065 vel
1582 995 1757 1087 impedire
1787 1017 1867 1089 pos·

431 1094 477 1163 sit
497 1092 566 1160 ullo
587 1091 711 1174 modo,
734 1087 886 1159 ollioium
907 1089 961 1158 vel
985 1092 1196 1160 exercicium
1218 1092 1489 1184 compellantur.

481 1188 617 1257 Nullum
639 1191 742 1258 etiam
772 1197 940 1256 statutum
969 1188 1173 1268 conditum,
1200 1190 1254 1257 vel
1282 1189 1529 1275 condendum,
1557 1212 1677 1260 eorum
1707 1190 1867 1262 officium

434 1289 503 1357 ullo
523 1288 626 1356 modo
646 1287 760 1354 valeat
781 1283 964 1375 impedire.
991 1284 1032 1353 Et
1051 1285 1079 1354 si
1101 1287 1180 1377 quis
1202 1308 1323 1356 eorum
1342 1285 1545 1358 officialium
1569 1301 1712 1382 propter
1732 1290 1867 1381 inepti·

434 1386 608 1476 tudinem,
641 1383 696 1452 vel
723 1381 937 1466 inhermem,
968 1403 1030 1451 sen
1063 1386 1329 1475 occupationem
1358 1385 1536 1477 aliquam,
1569 1387 1625 1456 vel
1652 1408 1865 1482 excessum,

430 1485 630 1576 dyocesano
649 1493 685 1551 et
704 1479 869 1549 iratribus
902 1480 1115 1571 supradictis
1146 1485 1244 1551 visus
1270 1483 1376 1551 luerit
1402 1484 1645 1569 amovendus,
1675 1486 1790 1576 ipsum
1817 1485 1866 1554 ad

432 1581 631 1649 mandatum
661 1578 715 1647 rel
745 1577 876 1647 dictum
904 1599 1025 1647 eorum
1055 1590 1242 1648 teneantur
1263 1601 1431 1650 amovere
1452 1592 1629 1673 potestas,
1656 1583 1866 1674 capitaneus

432 1678 486 1748 vel
520 1679 637 1769 quivis
662 1677 751 1746 alius
783 1674 985 1765 hujusmodi
1016 1677 1279 1768 predictorum,
1314 1688 1349 1747 et
1368 1677 1474 1747 alium
1496 1679 1691 1748 secundum
1713 1681 1866 1751 formam

432 1777 656 1868 prescriptam
678 1774 893 1843 substituere
919 1772 995 1844 loco
1015 1775 1103 1864 ejus.
1127 1774 1228 1857 Quod
1249 1778 1279 1844 si
1308 1778 1387 1866 quis
1415 1797 1535 1851 eorum
1558 1789 1679 1846 contra
1701 1776 1807 1847 fidem
1829 1788 1868 1847 et

430 1875 667 1943 sinceritatem
694 1870 799 1941 olficii
828 1872 863 1939 in
894 1872 1048 1941 levorem
1072 1872 1206 1942 heresis
1240 1872 1483 1965 deprehensus
1509 1875 1615 1944 luerit
1642 1877 1864 1961 excessisse,

432 1983 546 2064 preter
566 1984 682 2041 notam
705 1969 848 2039 inlamie
876 1984 1064 2061 perpetue,
1092 1992 1196 2061 quam
1220 1986 1383 2062 tanquam
1414 1971 1527 2040 fautor
1547 1972 1784 2044 hereticorum
1806 1974 1865 2042 in·

430 2083 589 2152 currant,
615 2091 674 2161 per
694 2079 922 2159 potestatem,
939 2068 1180 2159 capitaneum,
1201 2070 1381 2138 consulem
1400 2090 1463 2138 seu
1484 2083 1653 2141 rectorem
1676 2070 1732 2140 vel
1753 2071 1866 2140 olium

430 2167 599 2252 similem,
622 2167 667 2236 ad
688 2166 879 2257 dyocesani
899 2177 935 2234 et
957 2165 1129 2234 dictorum
1150 2166 1294 2236 fratrum
1319 2166 1374 2236 vel
1397 2166 1643 2258 inquisitorum
1665 2190 1728 2238 seu
1746 2168 1869 2260 inqui·

430 2266 548 2336 sitoris
570 2264 752 2334 arbitrium
777 2263 979 2354 puniantur.

479 2364 636 2435 Potestas
657 2361 801 2431 militem
824 2381 929 2430 suum
952 2361 1008 2431 vel
1026 2362 1133 2431 alium
1151 2383 1382 2448 assessorem,
1404 2364 1432 2431 si
1453 2365 1675 2456 dyocesanus
1702 2363 1760 2434 vel
1786 2365 1869 2455 ejus

433 2462 599 2549 vicarius,
621 2471 680 2530 aut
698 2459 924 2550 inquisitores
942 2460 998 2529 vel
1021 2455 1260 2554 inquisierit
1278 2460 1347 2528 169
1367 2456 1401 2556 a]
1421 2462 1628 2532 auctoritate
1641 2462 1737 2531 sedis
1756 2483 1869 2554 apos-

434 2560 536 2631 tolice
556 2557 733 2652 deputati,
753 2579 816 2627 seu
835 2556 920 2627 dicti
939 2557 1106 2628 officiales
1127 2559 1328 2650 petiverint,
1349 2580 1428 2628 cum
1451 2559 1536 2650 ipsis
1556 2557 1765 2630 officialibus
1785 2561 1868 2630 mit·

434 2670 507 2729 tere
529 2669 689 2728 teneatur
706 2667 741 2724 et
760 2676 838 2725 cum
859 2656 944 2747 ipsis
964 2677 1084 2726 eorum
1106 2655 1260 2726 officium
1282 2654 1433 2726 fideliter
1453 2678 1589 2746 gerere.

479 2756 635 2839 Quilibet
650 2754 771 2840 etiam,
785 2754 815 2823 si
835 2759 979 2847 presens
992 2757 1027 2822 in
1050 2763 1140 2824 terra
1162 2755 1221 2824 ubi
1243 2754 1433 2846 requisitus
1452 2755 1582 2832 luerit,
1612 2767 1773 2825 teneatur
1792 2767 1868 2826 tam

436 2855 634 2924 incivitate
662 2873 766 2945 quam
796 2854 831 2920 in
854 2852 1083 2942 juridictione
1109 2862 1144 2922 et
1173 2852 1333 2921 districtu
1358 2853 1517 2943 quolibet
1535 2853 1620 2921 dare
1652 2850 1870 2925 ollicialihus

432 2953 519 3044 ipsis
538 2965 573 3021 et
592 2973 713 3021 eorum
734 2950 839 3021 sociis
857 2950 1041 3019 consilium
1063 2964 1098 3020 et
1108 2951 1295 3040 juvamen,
1318 2962 1353 3019 et
1372 2950 1515 3041 quando
1537 2951 1714 3020 noluerint
1733 2949 1870 3022 hereti·

427 3071 509 3119 cum
532 3049 586 3120 vel
609 3049 798 3119 hereticam
829 3068 956 3139 capere
984 3049 1039 3117 vel
1061 3049 1212 3140 spoliare
1241 3059 1301 3117 aut
1323 3046 1522 3138 inquirere,
1552 3069 1616 3118 seu
1637 3048 1781 3118 domum
1804 3049 1867 3120 vel

432 3148 544 3216 locum
564 3159 625 3216 aut
644 3146 778 3216 aditum
801 3149 931 3216 intrare
952 3167 1014 3238 pro
1038 3146 1201 3215 hereticis
1220 3146 1424 3237 capiendiS,
1451 3147 1519 3215 sub
1545 3147 1712 3215 librarum
1735 3145 1866 3236 viginti

435 3245 593 3337 quinque
607 3244 847 3314 Parmensium
869 3244 925 3313 vel
944 3244 1177 3336 imperialium
1195 3264 1283 3336 peno
1297 3244 1353 3313 vel
1368 3243 1499 3325 banno,
1523 3244 1735 3313 universitas
1745 3255 1869 3314 autem

433 3345 537 3412 castri
560 3344 615 3413 vel
637 3342 738 3432 burgi
761 3342 828 3412 sub
848 3354 981 3435 penaet
1000 3342 1116 3412 banuo
1132 3342 1298 3411 librarum
1316 3341 1584 3433 quinquaginta,
1607 3341 1690 3411 ville
1709 3362 1793 3411 vero
1813 3342 1870 3411 vi·

429 3442 518 3530 giuti
540 3443 695 3533 quinque
715 3440 953 3510 Parmensium
975 3441 1030 3510 vel
1053 3440 1284 3531 imperialium
1307 3461 1369 3530 pro
1387 3439 1543 3530 qualibet
1562 3439 1652 3508 vice.

479 3539 699 3631 Quicumque
713 3551 829 3608 ante'm
845 3538 1036 3608 hereticum
1055 3538 1111 3609 vel
1134 3538 1322 3608 hereticam
1339 3550 1478 3628 captum
1498 3536 1552 3605 vel
1570 3549 1707 3629 captam
1722 3537 1870 3611 auferre

389 3668 391 3673 ·
431 3639 476 3707 de
498 3639 659 3707 manibus
679 3637 892 3729 capientium
913 3637 969 3707 vel
991 3637 1161 3729 capientis
1179 3656 1288 3705 ausus
1309 3634 1414 3704 luerit
1447 3635 1503 3705 vel
1525 3634 1717 3705 defendere
1741 3656 1786 3704 ne
1806 3657 1869 3708 ca·

435 3739 587 3828 piantur,
610 3758 671 3805 seu
695 3735 882 3828 prohibere
900 3735 1053 3826 aliquem
1075 3735 1205 3803 intrare
1225 3734 1369 3804 domum
1396 3732 1548 3825 aliquam
1570 3733 1624 3801 vel
1646 3743 1779 3802 curtem
1801 3757 1872 3806 seu

433 3836 545 3904 locum
564 3836 716 3926 aliquem
747 3855 790 3903 ne
815 3834 994 3924 capiatur,
1015 3833 1212 3924 inquiratur
1234 3830 1366 3899 ibidem
1383 3832 1486 3921 juxta
1512 3831 1625 3920 legem
1646 3829 1763 3900 Padne
1783 3853 1870 3923 pro·

431 3935 619 4023 mulgatam
641 3955 703 4025 per
722 3931 899 4023 quondam
922 3928 1237 4001 Fredericumolim
1252 3929 1488 3999 Romanorum
1510 3929 1771 4019 imperatorem,
1799 3924 1868 4029 [et]

434 4032 618 4123 publicatis
631 4031 733 4101 bonis
744 4029 921 4111 omnibus,
936 4030 969 4096 in
989 4039 1195 4121 perpetuum
1214 4027 1364 4116 releget3
1379 4038 1413 4094 et
1424 4026 1550 4096 dumus
1564 4026 1620 4095 illa
1632 4047 1729 4117 aqna
1745 4027 1870 4119 prohi-

434 4129 496 4197 biti
531 4130 660 4198 lueriut
689 4129 767 4198 sine
798 4148 861 4220 spe
893 4124 1120 4196 reedificandi
1150 4124 1307 4193 lunditus
1337 4124 1539 4193 destruatur
1570 4120 1647 4218 (2),
1683 4123 1748 4193 nisi
1774 4125 1871 4198 forte

320 4255 325 4266 ’
432 4227 630 4319 dyocesano
653 4221 694 4322 [p
713 4226 781 4294 169
801 4221 838 4322 h]
858 4224 912 4294 vel
937 4225 971 4291 in
992 4225 1068 4313 ejus
1087 4223 1246 4292 absentia
1268 4221 1377 4312 ipsius
1396 4220 1529 4292 vicario
1551 4242 1619 4290 una
1646 4242 1724 4290 cnm
1746 4222 1870 4314 inqui·

433 4325 600 4394 sitoribus
615 4348 675 4395 sen
692 4325 901 4415 inquisitore
925 4321 1179 4402 hereticorum,
1209 4319 1263 4389 vel
1292 4320 1357 4389 soli
1382 4320 1447 4411 ipsi
1470 4319 1693 4412 dyocesano,
1719 4322 1871 4411 quando

437 4423 681 4514 inquisitorum
701 4422 756 4490 vel
782 4420 999 4512 inquisitoris
1019 4419 1193 4510 presentia
1210 4417 1255 4486 de
1272 4416 1362 4486 lacili
1379 4416 1501 4486 haberi
1519 4437 1587 4485 non
1610 4419 1757 4508 poterit,
1777 4417 1871 4510 legi·

433 4519 516 4588 time
536 4521 731 4591 constiterit
745 4541 806 4610 per
820 4530 925 4588 testes
946 4514 1015 4586 lide
1035 4516 1161 4607 dignos
1185 4527 1219 4584 et
1247 4515 1343 4584 omui
1360 4513 1572 4606 exceptione
1595 4513 1766 4607 majores,
1786 4519 1871 4609 ipsa

435 4618 524 4687 bona
547 4638 625 4686 esse
644 4617 791 4686 aliarum
811 4636 1039 4708 personarum
1067 4635 1171 4706 quam
1198 4613 1331 4683 domini
1366 4612 1492 4682 domus
1521 4612 1700 4702 ejusdem3
1722 4624 1757 4682 et
1779 4623 1872 4687 tunc

470 4926 507 4991 (l)
524 4925 692 4978 llulclarum
706 4941 775 4979 sans
790 4923 887 4979 doute.

469 5024 504 5090 (tt
525 5023 549 5076 A
563 5024 589 5076 la
605 5040 718 5093 mar-ge,
735 5021 769 5076 llo
784 5025 862 5077 domo
872 5023 1023 5080 diruenda.
