4574 6404
428 637 474 704 lli
715 653 876 705 emerici
903 653 1142 718 ln'QtJtSliiole
1169 652 1332 704 rinnavtcs
1360 651 1569 703 enavimus.

428 942 461 1004 6.
476 910 620 1005 Έοτιηα
633 942 754 1005 littere
768 940 834 1003 teli
851 941 895 1003 de
910 941 1116 1019 penitentia
1131 940 1331 1004 arbitreris
1345 940 1385 1003 in
1400 940 1546 1019 publico
1562 955 1729 1004 sermone
1748 941 1864 1021 impo-

466 1049 539 1110 site
552 1056 587 1110 et
602 1049 771 1126 injuncte
790 1048 834 1110 de
855 1046 1026 1111 crucibus
1051 1047 1243 1126 portendis
1267 1055 1303 1111 et
1324 1047 1688 1126 peregrinationibus
1713 1055 1749 1111 et
1776 1049 1862 1112 eliis

466 1153 703 1230 generalibus
718 1153 972 1217 observandis.
1563 1183 1564 1186 ¹

475 1396 656 1468 Universis
681 1396 805 1467 Christi
832 1394 995 1467 fidelibus
1023 1409 1145 1469 tenore
1174 1397 1389 1490 presentium
1419 1408 1538 1466 notum
1567 1393 1627 1465 bet
1652 1397 1763 1488 quod,
1797 1417 1861 1468 nos

429 1490 470 1591 [l⁰
497 1492 543 1566 23
570 1491 602 1593 c]
632 1494 710 1565 telis
736 1494 796 1578 Ν.,
825 1494 1010 1586 inquisitor
1045 1494 1200 1566 heretice
1223 1494 1405 1588 pravitatis
1430 1494 1466 1563 in
1494 1515 1603 1585 regno
1632 1493 1777 1564 Francie
1796 1515 1860 1587 per

425 1591 545 1663 sedem
566 1592 791 1685 apostolicam
812 1592 1000 1684 deputatus
1019 1645 1028 1676 ,
1048 1593 1214 1684 quoniam
1236 1613 1297 1684 per
1318 1591 1582 1684 inquisitionem
1602 1612 1672 1684 que
1691 1589 1730 1661 fit
1749 1613 1859 1684 gene·

427 1689 545 1760 naliter
563 1701 682 1760 contre
703 1710 826 1761 omnes
853 1689 999 1762 inlectos
1021 1690 1175 1761 heretica
1199 1689 1371 1783 pravitate
1397 1689 1599 1759 invenimus
1625 1698 1659 1758 et
1681 1711 1743 1783 per
1769 1710 1858 1762 con-

426 1787 614 1857 fessionem
643 1788 721 1858 telis
748 1787 790 1858 N.
818 1787 862 1858 de
890 1787 948 1857 teli
979 1788 1055 1860 loco
1085 1787 1161 1858 telis
1180 1787 1353 1880 dyocesis
1380 1788 1505 1857 iactam
1533 1786 1568 1855 in
1598 1786 1729 1878 juditio
1757 1787 1860 1859 nobis

426 1895 563 1956 constat
588 1885 682 1977 quod
714 1886 828 1956 dictus
858 1885 935 1956 talis
952 1885 994 1958 N.
1019 1884 1154 1978 pluries¹
1171 1884 1283 1970 vidit,
1306 1883 1464 1955 visitavit
1483 1895 1519 1954 et
1538 1885 1729 1976 receptavit
1754 1885 1857 1956 bere-

427 1983 513 2053 ticos
534 2002 597 2052 seu
617 1982 830 2065 valdenses,
851 1992 918 2053 etc.
946 1981 1080 2077 (irrisio
1107 1983 1178 2056 loco
1204 1980 1439 2075 obprimatur
1464 1981 1569 2074 culpo
1595 1983 1672 2073 ejus
1697 1988 1861 2054 eontracta

424 2080 469 2150 de
490 2102 658 2173 processo
694 2087 725 2151 et
761 2079 976 2172 consessione
1006 2103 1072 2152 soc
1097 2079 1159 2151 sub
1183 2079 1387 2172 compendio
1415 2078 1650 2172 capillatam
1675 2079 1730 2149 ecl
1752 2101 1862 2152 causo

425 2176 606 2248 brevitatis
622 2177 755 2272 poterit
772 2178 895 2248 melius
913 2178 966 2249 ito
984 2178 1091 2250 scribi
1109 2203 1120 2246 :
1143 2177 1299 2268 legitime
1322 2177 1425 2250 nobie
1444 2187 1582 2249 constat
1600 2177 1697 2269 quod
1718 2177 1796 2248 talis
1814 2179 1858 2250 N.

425 2277 470 2347 de
497 2278 555 2346 tali
583 2278 661 2347 loco
687 2276 854 2348 nonnulla
874 2275 1049 2347 commisit
1069 2276 1104 2346 in
1125 2277 1215 2346 lacto
1243 2275 1377 2348 heresis
1398 2275 1433 2344 in
1455 2275 1612 2347 levorem
1634 2274 1860 2346 inexcusabi-

426 2374 492 2445 lem
523 2374 755 2445 hereticorum
784 2374 1010 2445 Valdensium
1038 2373 1096 2445 cel
1122 2372 1205 2444 sic:
1233 2373 1268 2442 in
1294 2374 1451 2444 levorem
1479 2372 1634 2443 heretice
1654 2372 1858 2464 pravitatis,

424 2494 494 2564 que
513 2471 548 2543 in
568 2472 790 2543 consessione
807 2492 870 2542 sue
886 2471 976 2542 lacta
994 2472 1029 2541 in
1044 2471 1174 2561 juditio
1194 2469 1333 2564 plenius
1350 2471 1606 2562 continentur),
1624 2469 1771 2554 idcirco,
1794 2491 1861 2543 nos

424 2569 579 2662 prelatus
604 2569 802 2662 inquisitor,
832 2590 900 2639 une
920 2591 999 2639 cum
1026 2568 1190 2662 religioso
1211 2568 1288 2638 viro
1309 2567 1367 2637 tali
1386 2567 1430 2637 N.
1453 2567 1709 2659 coinquisitore
1731 2578 1766 2638 et
1788 2568 1860 2639 col·

425 2667 503 2758 lega
522 2679 655 2752 nostro,
670 2677 706 2736 et
723 2688 803 2737 cum
821 2667 1085 2737 venerabilibus
1103 2687 1144 2736 ac
1161 2665 1322 2736 discretis
1342 2665 1429 2737 viris
1451 2665 1577 2735 talibus
1606 2664 1640 2733 in
1671 2663 1737 2735 bac
1760 2675 1861 2758 parte

424 2765 673 2835 commissariis
704 2764 880 2856 deputatis
905 2763 959 2854 (in
989 2764 1052 2834 isto
1082 2763 1156 2835 loco
1182 2760 1433 2855 reprimeretur
1459 2761 1604 2834 nomino
1629 2761 1861 2858 eloquiorum)

426 2863 619 2955 predictum
642 2862 744 2931 talem
764 2861 805 2932 N.
830 2861 947 2932 redire
969 2861 1168 2948 volentem,
1192 2869 1295 2953 prout
1315 2859 1484 2945 asseruit,
1505 2859 1549 2930 ad
1569 2859 1723 2932 Ecclesie
1743 2862 1860 2930 unita-

427 2972 509 3042 tem,
530 2959 688 3050 abjurata
710 2958 871 3051 primitus
891 2981 952 3052 per
971 2980 1056 3031 eum
1076 2959 1171 3030 omni
1191 2956 1308 3028 heresi
1326 2957 1361 3027 in
1375 2957 1505 3048 juditio
1523 2978 1639 3029 coram
1656 2958 1772 3045 nobis,
1789 2968 1857 3030 etc.

424 3057 529 3146 (sicul
547 3053 697 3126 babetur
712 3056 750 3125 in
760 3055 964 3149 precedenti
979 3053 1130 3149 littero).
1145 3055 1188 3125 Et
1204 3055 1287 3147 quia
1306 3055 1341 3124 in
1352 3055 1463 3126 Deum
1482 3066 1518 3126 et
1536 3065 1692 3126 sanctam
1712 3066 1859 3127 matrem

423 3152 612 3224 Ecclesiam
635 3153 800 3246 predictis
820 3154 934 3226 modis
956 3166 1024 3224 tam
1046 3164 1178 3225 temere
1195 3165 1231 3223 et
1249 3165 1318 3222 tam
1337 3153 1493 3243 graviter
1509 3152 1675 3245 deliquit,
1690 3153 1735 3224 de
1752 3153 1861 3225 bono

425 3272 502 3319 rum
529 3253 684 3323 virorum
710 3251 857 3323 consilio
886 3251 1105 3342 injunximus
1127 3246 1350 3348 [1023d]et
1374 3251 1606 3344 imposuimus
1626 3250 1762 3339 eidem,
1792 3250 1860 3323 sub

424 3348 601 3419 virtutes
628 3370 667 3420 se
695 3349 829 3441 prestiti
857 3349 1063 3440 juramenti,
1096 3360 1134 3418 ut
1163 3347 1198 3417 in
1228 3347 1497 3419 detestationem
1518 3347 1648 3418 veteris
1666 3348 1796 3420 erroris
1823 3348 1859 3417 in

423 3445 519 3516 omni
539 3458 639 3517 veste
661 3467 746 3531 sua,
768 3458 916 3540 excepta
939 3447 1101 3534 camisia,
1125 3456 1240 3540 portet
1259 3455 1429 3538 perpetuo
1449 3447 1537 3517 duas
1558 3466 1680 3516 cruces
1699 3445 1858 3540 duplices

425 3542 497 3633 (vel
523 3543 715 3635 simplices)
746 3543 789 3614 de
819 3542 911 3615 filtro
936 3545 1049 3616 crocei
1074 3543 1225 3626 coloris,
1256 3563 1360 3612 unam
1379 3544 1536 3614 anterius
1563 3555 1645 3613 ante
1673 3554 1795 3637 pectus
1824 3553 1860 3615 et

425 3640 529 3710 aliem
560 3640 732 3733 posterius
752 3640 843 3712 iuter
862 3642 1037 3734 spatulas,
1057 3642 1135 3712 sine
1154 3640 1283 3733 quibus
1301 3641 1582 3733 prominentibus
1602 3640 1694 3711 intra
1713 3642 1858 3714 domum

427 3737 483 3808 vel
508 3749 608 3808 extra
631 3738 676 3808 de
700 3749 817 3810 cetero
842 3761 911 3810 non
936 3738 1104 3828 incedat3
1126 3758 1272 3831 quarum
1303 3738 1479 3829 quantitas
1502 3738 1549 3808 sit
1572 3739 1608 3807 in
1636 3739 1858 3831 longitudine

424 3835 573 3906 duorum
605 3835 798 3926 palmorum
826 3847 861 3907 et
887 3836 1023 3908 dimidii
1049 3835 1231 3906 brachium
1261 3856 1392 3922 unum,
1422 3847 1457 3906 et
1483 3835 1633 3906 duorum
1655 3837 1853 3929 palmorum

423 3931 606 4002 brachium
625 3932 788 4018 alterum,
804 3934 937 4005 scilicet
954 3933 1202 4018 transversale,
1219 3932 1443 4026 habeantque
1464 3944 1652 4025 utrumque
1675 3930 1855 4007 brachium

425 4030 528 4099 trium
549 4030 585 4100 in
604 4051 643 4101 se
664 4030 882 4103 latitudinem
903 4030 1114 4124 digitorum,
1136 4030 1352 4123 easdemque
1371 4031 1539 4102 continuo
1558 4029 1692 4102 reficiat
1710 4032 1740 4102 si
1762 4054 1856 4103 rum·

425 4139 564 4219 pantur,
593 4127 650 4199 vel
676 4131 820 4199 innovet
845 4130 874 4199 si
900 4128 1066 4200 deficiant
1089 4137 1151 4198 aot
1180 4138 1387 4221 consumpte
1407 4129 1537 4199 luerint
1554 4139 1743 4200 vetustate.
1770 4130 1856 4202 Item

427 4225 646 4315 injunximus
665 4226 780 4297 eidem
802 4225 860 4296 tali
879 4226 921 4296 N.
944 4225 1244 4319 peregrinationes
1266 4225 1352 4296 tales
1372 4236 1407 4296 et
1427 4227 1513 4298 tales
1537 4224 1803 4320 (exprimentur
1819 4227 1858 4297 in

426 4321 490 4392 islo
512 4321 582 4393 loco
604 4323 911 4415 pereprinotiones
929 4323 998 4410 itte,
1018 4324 1090 4394 sine
1104 4325 1261 4415 nrajores
1277 4322 1350 4394 sice
1367 4323 1535 4406 minores,
1556 4347 1622 4416 que
1639 4323 1859 4417 tnjunpende

423 4419 574 4510 fuerint,
592 4426 703 4514 proed
721 4419 968 4493 describuntur
981 4421 1144 4515 superius
1156 4420 1394 4517 sinpr'llctim),
1411 4422 1662 4493 testimoniales
1677 4421 1722 4494 de
1737 4423 1858 4515 singu·

426 4517 467 4587 lis
487 4516 572 4588 locis
594 4538 713 4588 secum
735 4529 916 4612 reportans
938 4519 1090 4605 litteras,
1113 4530 1180 4591 etc.
1206 4517 1256 4612 (tir
1278 4517 1340 4588 isto
1363 4520 1434 4592 loco
1458 4519 1714 4613 reprimantur
1736 4521 1858 4593 omnic

422 4614 607 4706 perterada
632 4622 894 4709 consequenter,
915 4616 1003 4689 sicut
1031 4615 1205 4688 habentur
1231 4622 1263 4686 ct
1291 4616 1495 4687 scribuntur
1522 4617 1561 4686 in
1587 4616 1709 4712 forma
1741 4618 1858 4691 littere

419 4711 672 4805 precedentis„
685 4713 919 4786 concedentes
938 4713 1052 4785 eidem
1073 4713 1132 4784 tali
1151 4713 1193 4783 N.
1208 4726 1388 4806 presentes
1406 4715 1554 4800 litteras,
1575 4725 1660 4802 etc,
1680 4727 1718 4785 ut
1734 4738 1854 4811 supra.

424 4807 634 4975 pictumliuit
655 4810 720 4883 boc
740 4812 774 4882 in
794 4811 948 4904 generali
968 4832 1132 4883 sermone
1151 4809 1397 4904 inquisitorum
1416 4813 1584 4901 Tholose,
1608 4834 1721 4902 anno,
1740 4814 1798 4885 die
1822 4824 1858 4886 et

437 4926 501 4977 oco
521 4907 580 4976 tei
623 4919 692 4980 etc.

471 5001 506 5072 Si
525 4960 610 5076 verb
629 5005 731 5076 alicui
749 5027 795 5077 ex
814 5006 930 5099 aliqua
949 5027 1054 5080 causa
1074 5008 1273 5081 rationabili
1295 5003 1337 5105 [N
1355 5004 1402 5079 tt
1420 5004 1455 5106 a]
1475 5007 1537 5079 bat
1557 5010 1670 5101 gratia
1692 5019 1728 5081 et
1751 5010 1856 5080 mise·
