4574 6404
424 648 495 717 est
712 660 875 713 rmcrrca
902 661 1141 726 ruonrsrrrorus
1168 660 1331 714 seuerior
1357 660 1570 713 vnivrrurrs.

428 924 485 988 19.
515 925 655 986 Littera
679 923 952 986 commissionis
976 923 1172 1002 potestatis
1189 924 1408 1002 providendi
1431 924 1475 987 de
1497 939 1560 986 sex
1577 922 1864 1002 inquisitoribus

931 1030 972 1093 in
994 1046 1108 1106 regno
1126 1029 1280 1094 Francis
1295 1030 1351 1112 (l).

474 1274 646 1346 Nr'coleus
669 1272 851 1364 episcopus
874 1293 1000 1342 servus
1023 1294 1206 1343 sorvorum
1228 1273 1311 1359 Dei,
1334 1273 1463 1343 dilecto
1484 1272 1557 1342 filio
1586 1273 1691 1365 priori
1714 1276 1864 1365 provin·

424 1373 501 1443 ciali
529 1372 685 1441 Fratrum
713 1371 848 1440 ordinis
867 1369 1128 1440 Predicatorum
1154 1373 1189 1440 in
1216 1371 1381 1459 Francia,
1404 1366 1554 1441 salbtem
1577 1381 1612 1441 et
1632 1371 1864 1463 apostolicam

425 1470 721 1541 benedictionem.

473 1569 537 1637 Pre
557 1566 691 1635 eunctis
711 1569 837 1634 mentis
855 1577 972 1636 nostre
990 1565 1285 1636 desiderabilibus
1306 1567 1477 1637 catholice
1497 1566 1752 1635 incrementum
1776 1565 1863 1635 lidei

425 1667 651 1747 allectantes,
682 1666 791 1733 nimio
811 1664 929 1755 itaque
960 1663 1082 1734 dolore
1111 1665 1309 1756 replemur,
1338 1686 1416 1733 curu
1448 1665 1613 1733 andimus
1642 1664 1781 1754 aliquos
1801 1662 1864 1732 vel

425 1764 596 1833 sentimus
624 1764 668 1831 ad
694 1762 787 1829 illius
814 1760 1076 1852 depressionem
1103 1762 1350 1854 qualicumque
1381 1761 1598 1852 malignitate
1618 1774 1779 1850 satagere
1805 1760 1864 1828 vel

427 1860 712 1952 dampnabilibns
737 1861 846 1951 ipsam
877 1858 1105 1950 depravando
1133 1859 1468 1951 reprehensionibus
1496 1871 1556 1928 aut
1583 1858 1865 1929 detractionibus

433 1956 695 2048 abrogabilibns
708 1957 912 2046 derogando
929 1978 990 2026 sen
1006 1958 1176 2026 cementis
1191 1958 1339 2026 eandem
1356 1957 1584 2026 mendacibus
1597 1955 1835 2048 pervertendo
1852 2008 1864 2043 ,

430 2055 475 2125 ad
501 2077 650 2147 qnorum
678 2052 798 2145 iniqua
819 2056 1075 2124 consternenda
1097 2054 1275 2124 molimina
1299 2077 1341 2125 eo
1362 2055 1555 2124 animosius
1574 2054 1770 2146 aspiramus
1792 2075 1866 2144 quo

430 2154 464 2223 in
489 2154 685 2222 animarum
708 2164 859 2240 stragem
882 2152 1113 2243 perniciosius
1133 2173 1194 2223 eos
1210 2153 1434 2242 agnoscimus
1454 2152 1669 2244 conspirare.

476 2251 588 2337 Sane,
612 2249 690 2319 lieet
713 2249 858 2319 ubilibet
882 2250 977 2319 sedis
1003 2251 1194 2342 apostolice
1214 2251 1394 2340 diligentia
1417 2262 1538 2321 contra
1559 2249 1678 2318 talium
1703 2249 1867 2319 dolosam

428 2351 623 2434 astuciam,
654 2369 697 2416 ne
726 2347 889 2418 dilinsins
919 2347 1120 2437 hujusmodi
1150 2360 1267 2439 serpat
1293 2350 1471 2433 morbus,
1489 2347 1683 2416 remedium
1713 2347 1869 2417 libenter
1907 2424 1911 2435 ¹

427 2445 593 2514 adhibeat
611 2458 847 2537 oportunum,
867 2446 903 2513 iu
922 2446 1216 2515 christianissimo
1237 2457 1354 2515 tamen
1376 2467 1486 2535 regno
1506 2444 1716 2513 Francorum
1737 2448 1773 2512 in
1792 2466 1868 2536 qno

427 2544 592 2635 precipue
613 2542 700 2612 fides
719 2542 889 2612 catholica
910 2544 1033 2633 vigere
1054 2543 1265 2629 dinoscitur,
1289 2546 1471 2634 cupientes
1491 2542 1598 2612 anxie
1619 2555 1656 2610 ut
1676 2543 1867 2633 negocium

425 2638 508 2711 fidei
526 2642 602 2730 jugi
616 2640 771 2732 proiectu
791 2636 831 2736 [θ’
849 2637 917 2717 til
934 2637 986 2739 d]‚
1009 2640 1106 2711 elisis
1125 2642 1269 2711 omnino
1288 2642 1507 2732 quibuslibet
1525 2640 1717 2712 erroribus.
1733 2641 1868 2710 sorcius

424 2739 664 2823 convalescat,
687 2739 834 2828 vigilare
853 2739 897 2806 ad
922 2738 988 2809 hoe
1006 2760 1067 2830 per
1088 2760 1151 2809 nos
1171 2750 1206 2808 et
1226 2740 1314 2809 alios
1333 2760 1376 2808 eo
1397 2740 1582 2808 studemus
1598 2739 1772 2806 atteucins
1792 2759 1868 2829 quo

424 2836 643 2906 carissimum
672 2836 706 2904 in
736 2835 872 2905 Christo
900 2836 1009 2905 lilium
1041 2849 1199 2906 nostrum
1221 2835 1435 2928 Philippum,
1459 2837 1629 2904 illustrem
1650 2835 1868 2905 Francorum

424 2933 1867 3025 regern,ferventioremsentimnsadidemnegociumellieaciterpromovendum.

471 3030 694 3100 Providirnus
717 3033 822 3137 igitur
848 3032 977 3102 ibidem
999 3032 1043 3101 ad
1073 3053 1217 3124 presens
1239 3054 1405 3124 personas
1431 3032 1568 3122 aliquas
1588 3034 1867 3123 circumspectas

425 3151 488 3222 pro
509 3141 604 3197 tanto
627 3132 773 3219 negocio
797 3129 960 3221 deputari
979 3149 1127 3220 quarum
1154 3129 1299 3199 honesta
1325 3129 1550 3200 conversatio
1576 3128 1779 3219 exemplum
1802 3131 1869 3197 tri-

423 3227 509 3296 bnat
537 3229 697 3317 puritatis
722 3239 757 3297 et
784 3227 978 3296 doctrinam
1007 3227 1156 3297 fundant
1184 3228 1322 3297 erudita
1352 3228 1445 3298 labia
1472 3227 1685 3309 salutarem,
1708 3236 1744 3293 nt
1763 3246 1870 3297 sacro

425 3325 580 3416 ipsorum
609 3325 802 3394 ministerio
831 3327 1000 3416 prelatum
1029 3347 1175 3416 regnum
1203 3327 1364 3394 immune
1391 3325 1435 3394 ab
1462 3323 1664 3414 hujusmodi
1692 3324 1870 3414 contagiis

427 3436 665 3514 preservctnr.

475 3519 617 3603 Verum,
635 3523 716 3611 quia
736 3521 781 3590 de
792 3522 977 3612 prudentie
992 3533 1052 3590 tue
1067 3521 1238 3590 industria
1259 3520 1394 3590 firmam
1411 3521 1445 3588 in
1460 3519 1608 3588 Domino
1625 3518 1789 3587 fiduciam
1806 3519 1872 3590 ob-

428 3619 592 3698 tinemus,
605 3618 806 3688 discretioni
824 3632 882 3689 tne
895 3641 956 3710 per
971 3619 1161 3710 apostolica
1174 3619 1301 3710 scripta
1320 3617 1467 3687 firmiter
1486 3617 1712 3709 precipieudo
1726 3618 1873 3687 manda·

428 3736 505 3784 mus
517 3716 750 3807 quatiuus‚de
763 3716 1353 3807 consilioaliqnornmdiscretorum
1368 3718 1513 3784 fratrum
1528 3716 1576 3783 tui
1590 3716 1739 3798 ordinis,
1755 3715 1870 3805 eligas

427 3834 504 3883 sen¹
521 3815 566 3881 dc
596 3814 760 3883 iratribus
793 3816 950 3904 ejusdem
992 3815 1126 3883 ordinis
1153 3815 1412 3906 provinciarum
1442 3814 1589 3881 Francie
1616 3827 1652 3882 et
1678 3812 1870 3883 Provincia

427 3911 585 4003 ydoneos
604 3911 648 3979 ad
670 3911 870 4001 hujusmodi
891 3934 979 4004 opus
999 3913 1217 3982 Dominicum
1238 3911 1506 4004 exequendum,
1530 3910 1652 4000 eisque
1674 3911 1708 3978 in
1730 3910 1870 3982 virtute

427 4009 629 4078 obedientie
640 4009 795 4079 districte
806 4010 996 4102 apostolica
1011 4011 1189 4101 precipere
1200 4012 1408 4080 anctoritate
1422 4029 1589 4100 procures
1606 4021 1642 4075 ut
1661 4008 1870 4097 inquisitio·

428 4104 1868 4197 nisollieiuminipsoregno,comitatibusetterriscarissimiianristoliliinostri

428 4198 587 4300 C[ar0li],
611 4206 702 4292 rugis
717 4204 834 4274 Sicilie
851 4205 995 4274 illustris
1014 4217 1049 4275 et
1068 4205 1264 4290 Provincie‚
1287 4206 1472 4274 dumtaxat
1492 4203 1650 4294 exceptis
1668 4197 1709 4298 [1⁰
1727 4202 1796 4270 lib
1813 4199 1867 4301 a],

426 4313 548 4371 contra
571 4302 761 4384 hereticos,
786 4304 938 4373 lautores
963 4315 997 4372 et
1017 4316 1253 4394 receptatores
1280 4324 1402 4373 eorum
1427 4304 1529 4392 juxta
1558 4302 1704 4370 sormam
1726 4303 1760 4367 in
1787 4301 1869 4371 aliis

427 4402 557 4469 nostris
578 4401 700 4469 luteris
721 4422 945 4492 expressam,
965 4422 1053 4492 quas
1073 4402 1240 4471 iratribus
1266 4401 1412 4492 predicti
1435 4400 1569 4469 ordinis
1594 4398 1869 4490 inquisitoribus

427 4496 628 4586 hujusmodi
652 4498 833 4588 pravitatis
855 4499 888 4567 in
910 4498 1035 4568 eodem
1056 4520 1164 4588 regno
1184 4499 1363 4589 deputatis
1384 4498 1593 4567 anctoritate
1614 4496 1807 4588 apostolica
1834 4506 1871 4566 et

427 4595 462 4662 in
485 4607 661 4687 posterum
683 4596 894 4687 deputandis
915 4618 984 4667 uon
1003 4599 1181 4697 expressis
1201 4597 1400 4687 aliquorum
1426 4595 1628 4664 nominibus
1649 4615 1756 4684 super
1777 4615 1869 4663 exc-

427 4693 569 4783 quendo
589 4693 682 4763 dicto
703 4694 939 4785 inquisitionis
957 4692 1072 4764 cilicio
1087 4694 1496 4779 destinamus,studeant
1511 4693 1640 4783 exequi
1658 4691 1865 4780 diligenter.

477 4790 546 4859 Nos
560 4794 651 4859 euim
673 4792 848 4883 predictos
863 4814 926 4863 sex
943 4794 1066 4862 iratres
1083 4813 1172 4884 quos
1186 4792 1232 4862 ad
1252 4792 1318 4863 boc
1338 4792 1488 4883 elegeris
1505 4800 1540 4860 et
1554 4790 1751 4881 quemlibet
1767 4789 1866 4881 ipso·

462 5045 505 5116 (l)
520 5043 559 5097 Cc
576 5047 641 5099 titre
655 5054 701 5100 est
716 5050 731 5100 u
746 5048 771 5100 la
788 5064 895 5118 margo.
941 5035 944 5041 ’

1055 5694 1289 5968 'N
