4574 6404
424 650 469 721 bi
708 665 869 719 nulnum
896 664 1140 732 rsqursrrronrs
1166 662 1328 716 nnnnrrcs
1354 661 1564 714 enavimus.

425 955 484 1019 17.
508 954 640 1018 Forma
670 953 744 1017 alia
773 952 944 1033 specialis
975 951 1230 1018 committendi
1261 951 1374 1015 alloni
1402 958 1621 1032 potestatem
1649 953 1857 1034 deponendi
1895 1052 1902 1059 ¹

1066 1074 1206 1124 cruces.

473 1301 673 1374 Venerabili
689 1321 731 1372 ac
745 1301 896 1373 discreto
914 1301 992 1373 viro
1011 1300 1070 1370 tali
1089 1300 1133 1371 N.
1150 1313 1236 1390 etc,
1254 1300 1442 1393 inquisitor
1459 1301 1552 1395 talis,
1567 1312 1635 1373 etc.
1649 1341 1697 1354 -
1710 1300 1764 1373 Ob
1779 1322 1858 1394 gra·

426 1402 508 1471 tiam
530 1410 564 1471 et
583 1399 818 1470 reverentiam
844 1400 978 1492 piarum
1004 1420 1148 1492 precum
1168 1397 1239 1493 (vel
1263 1397 1344 1471 sic:
1366 1397 1410 1468 ad
1437 1399 1637 1469 instantiam
1661 1400 1855 1493 supplicem

425 1511 460 1569 et
478 1498 660 1589 devotam)
671 1496 901 1590 quarumdam
914 1517 1156 1589 personarum,
1169 1495 1336 1567 duximus
1351 1495 1468 1582 vobis,
1483 1507 1604 1567 tenore
1622 1497 1853 1589 presentium,

423 1605 593 1687 quantum
621 1594 666 1664 ad
700 1615 765 1666 nos
792 1595 962 1688 pertinet,
991 1593 1281 1665 committendum
1313 1593 1409 1686 quod
1428 1593 1465 1664 ln
1491 1588 1532 1688 [Ρ
1550 1591 1597 1665 28
1617 1590 1653 1692 d]
1680 1593 1738 1664 tali
1766 1594 1856 1667 festo

426 1693 587 1786 proximo
605 1692 777 1777 venienti,
796 1692 831 1760 iu
853 1690 999 1762 ecclesia
1021 1690 1093 1777 tali,
1115 1690 1246 1785 populo
1265 1691 1309 1762 ad
1329 1690 1544 1761 audiendum
1565 1691 1688 1761 divina
1705 1713 1855 1782 congre-

425 1802 525 1881 gato,
550 1801 731 1883 postquam
759 1788 982 1880 evangelium
1011 1787 1142 1859 ibidem
1170 1789 1205 1857 in
1231 1789 1336 1860 missa
1356 1789 1461 1859 suerit
1480 1790 1723 1872 decantatum,
1745 1789 1854 1861 lecto·

425 1909 496 1980 que
517 1907 680 1959 sermone
707 1887 736 1958 si
761 1885 891 1958 ibidem
918 1886 1022 1957 luerit
1049 1885 1250 1973 iaciendos,
1271 1887 1412 1981 possitis
1436 1907 1558 1957 cruces
1577 1885 1755 1981 deponere
1776 1888 1854 1958 vice

424 1996 544 2058 nostra
568 1985 627 2055 tali
647 1985 710 2069 N.,
731 2004 819 2076 quas
843 1982 957 2054 eidem
984 1983 1192 2074 jamdudum
1217 1983 1407 2075 portandas
1432 1985 1665 2077 imposuimus
1692 1985 1728 2053 in
1753 1986 1855 2078 peni·

426 2083 569 2154 tentiam
589 2103 651 2153 seu
672 2085 814 2154 nomine
832 2081 1025 2174 penitentie
1045 2102 1107 2174 pro
1127 2081 1195 2151 biis
1214 2103 1284 2173 que
1302 2081 1526 2153 commiserat
1542 2083 1577 2152 in
1598 2081 1852 2171 lactoberesis,
1966 2167 1970 2175 Ι

425 2181 455 2251 si
477 2191 592 2251 tamen
613 2179 727 2250 dictus
747 2179 825 2248 talis
844 2179 886 2248 N.
908 2176 1039 2250 ibidem
1066 2199 1211 2271 presens
1231 2179 1335 2249 luerit
1353 2179 1412 2249 illa
1434 2178 1540 2264 bora,
1563 2179 1741 2271 usquead
1767 2190 1855 2250 tem·

328 2314 332 2320 ·
427 2299 492 2372 pus
512 2278 697 2347 dumtaxat
714 2297 785 2368 quo
805 2275 956 2369 primum
976 2297 1177 2347 sermonem
1199 2277 1446 2369 inquisitorum
1467 2276 1617 2350 Tbolose
1637 2276 1693 2348 vel
1712 2275 1855 2348 Carens·

426 2397 513 2447 sone
546 2375 724 2465 continget
751 2372 827 2444 fieri
863 2374 1090 2464 generalem3
1120 2374 1343 2465 injungentes
1372 2374 1486 2446 eidem
1517 2376 1584 2446 sub
1609 2377 1741 2446 virtute
1769 2397 1790 2446 a
1817 2396 1857 2448 se

426 2494 542 2545 coram
568 2471 669 2542 nobis
694 2470 831 2564 prestiti
851 2471 1042 2561 juramenti
1062 2471 1158 2563 quod
1178 2481 1262 2541 tunc
1283 2472 1328 2541 ad
1348 2493 1545 2544 sermonem
1566 2474 1720 2567 ipsorum
1741 2475 1857 2566 inqui·

424 2571 570 2641 sitorum
589 2569 821 2662 personaliter
839 2570 961 2639 veniat
978 2590 1057 2639 cnm
1077 2568 1239 2639 erunibus
1261 2571 1333 2660 jam
1352 2573 1560 2664 resumptis,
1582 2575 1737 2664 ipsorum
1759 2594 1857 2644 man·

424 2669 544 2738 datum
564 2677 600 2737 et
615 2665 871 2759 beneplacitum
890 2667 1075 2737 auditurus
1092 2677 1128 2736 et
1146 2666 1401 2760 completurus,
1419 2678 1454 2739 et
1472 2672 1633 2759 gratiam,
1653 2671 1684 2739 si
1698 2680 1735 2740 et
1749 2691 1856 2763 quam

423 2766 489 2836 sibi
511 2767 626 2836 lacere
645 2765 834 2845 voluerint,
858 2774 1112 2859 percepturus3
1133 2763 1336 2836 intimantes
1351 2765 1465 2836 eidem
1481 2765 1531 2860 (l)
1554 2766 1613 2838 tali
1629 2766 1672 2837 N.
1692 2787 1737 2838 ex
1756 2782 1858 2861 parte

424 2876 542 2933 nostra
574 2861 669 2954 quod
697 2861 837 2931 inullis
865 2883 935 2955 que
964 2863 997 2930 in
1031 2861 1157 2933 litteris
1185 2882 1249 2931 sue
1282 2862 1473 2955 penitentie
1500 2864 1724 2935 continentur
1748 2865 1857 2937 nichil

421 2961 520 3030 aliud
540 2960 831 3046 immutavimus3
853 2959 909 3030 cui
935 2960 1084 3031 litteram
1111 2980 1189 3029 cum
1216 2959 1332 3051 sigillo
1359 2973 1479 3031 nostro
1503 2980 1610 3055 super
1635 2961 1857 3054 depositione

423 3079 564 3127 crucum
586 3056 801 3148 hujusmodi,
821 3056 851 3126 si
870 3056 1023 3127 voluerit
1041 3069 1077 3128 et
1096 3079 1114 3127 a
1136 3056 1238 3129 nobis
1255 3058 1409 3149 petierit,
1426 3060 1682 3148 concedemus3
1698 3059 1858 3153 alioquin

424 3156 489 3225 vos
508 3155 644 3248 eidem,
666 3155 695 3224 si
719 3155 900 3239 maluerit,
923 3166 1075 3227 vestram
1101 3176 1208 3250 super
1231 3154 1298 3225 buc
1317 3155 1467 3226 litteram
1487 3155 1683 3229 concedere
1709 3157 1857 3230 valeatis

425 3261 581 3324 tenorem
603 3251 637 3321 iu
657 3272 696 3322 se
716 3253 931 3344 presentium
952 3253 1207 3324 continentem.
1229 3253 1373 3334 Datum,
1394 3263 1463 3325 etc.

597 3506 656 3571 18.
680 3506 773 3571 Item
788 3506 905 3572 forma
918 3507 994 3572 alia
1011 3507 1183 3588 specialis
1199 3492 1469 3573 commissionis
1484 3509 1528 3572 de
1543 3509 1681 3573 endem.

474 3745 593 3818 Frater
611 3747 824 3834 Beruardus,
847 3749 1046 3842 inquisitor,
1068 3760 1153 3834 etc.‚
1178 3746 1223 3847 [l0
1241 3747 1289 3821 29
1307 3746 1341 3848 a]
1358 3750 1495 3820 dilectis
1514 3749 1581 3820 sibi
1600 3749 1636 3819 in
1654 3749 1790 3821 Cbristo
1807 3760 1856 3821 ta·

426 3845 518 3916 libus
537 3856 573 3916 et
592 3845 719 3916 talibus
734 3844 883 3940 (duobus
902 3847 960 3919 ccl
981 3845 1107 3942 tribus)
1124 3848 1273 3919 salutem
1296 3850 1331 3916 in
1349 3858 1466 3919 actore
1483 3845 1565 3917 fidei
1579 3847 1728 3919 Domino
1749 3846 1857 3919 lbesu

424 3942 749 4014 Christo-vobis
768 3955 804 4016 et
822 3955 978 4015 vestrum
999 3945 1157 4032 cuilibet,
1176 3947 1206 4015 si
1222 3945 1370 4016 alterum
1386 3947 1604 4037 contingeret
1618 3944 1780 4039 impediri
1796 3954 1858 4016 aut

427 4039 611 4111 intendere
627 4062 696 4111 non
711 4042 857 4128 valeret,
877 4043 1044 4113 duximus
1064 4056 1184 4113 tenore
1201 4043 1433 4136 presentium,
1455 4053 1625 4136 quantum
1640 4044 1686 4113 ad
1700 4064 1765 4113 nos
1780 4063 1859 4136 per·

426 4139 526 4224 tinet,
544 4139 832 4209 committendum
852 4143 1018 4232 quatinus
1035 4143 1071 4209 iu
1091 4141 1180 4211 sesto
1198 4139 1257 4209 tali
1276 4150 1312 4212 et
1329 4141 1364 4210 in
1386 4140 1530 4212 ecclesia
1546 4140 1621 4226 tali,
1641 4150 1856 4233 congregato

426 4235 569 4328 populo,
581 4247 765 4328 postquam
777 4237 999 4328 evangelium
1011 4237 1143 4309 ibidem
1157 4236 1261 4307 luerit
1272 4237 1509 4324 decantatum,
1522 4238 1683 4330 factoque
1692 4258 1857 4310 sermone

425 4333 453 4401 si
482 4332 529 4400 ibi
554 4332 658 4403 luerit
682 4334 885 4420 iaciendos,
908 4335 1048 4427 possitis
1075 4339 1153 4406 vice
1178 4345 1297 4406 nostra
1325 4334 1503 4428 deponere
1524 4356 1647 4406 cruces
1667 4335 1726 4406 tali
1745 4334 1804 4422 N.,
1825 4339 1857 4408 ai

426 4428 555 4499 ibidem
581 4451 725 4522 presens
745 4432 849 4503 luerit
868 4432 926 4502 illa
946 4432 1052 4516 bora,
1075 4454 1164 4524 quas
1185 4432 1393 4524 jamdudum
1415 4432 1604 4527 portandas
1623 4434 1856 4525 imposuimus

426 4527 540 4597 eidem
560 4526 595 4596 in
618 4528 845 4620 penitentiam
865 4551 928 4623 pro
948 4529 1016 4601 biis
1040 4551 1110 4622 que
1133 4530 1357 4601 commiserat
1381 4532 1415 4601 in
1444 4533 1533 4602 lacto
1559 4530 1714 4602 heretice
1740 4531 1856 4622 pravi·

427 4623 520 4694 tatis.
543 4623 639 4695 Hauc
664 4636 780 4697 autem
804 4627 949 4718 gratiam
971 4640 1007 4698 et
1026 4626 1303 4698 misericordiam
1323 4628 1437 4700 eidem
1465 4629 1523 4699 tali
1543 4628 1585 4700 N.
1605 4627 1772 4699 duximus
1791 4627 1856 4698 im·

429 4720 648 4813 pendendam
677 4734 712 4793 et
740 4724 1014 4817 preveniendam
1047 4725 1285 4818 temporaliter
1313 4726 1358 4797 ob
1384 4727 1618 4797 reverentiam
1646 4736 1681 4795 et
1707 4727 1855 4817 gratiam

428 4817 561 4909 piarum
589 4840 730 4911 precum
758 4821 878 4892 talium
902 4832 938 4893 et
963 4821 1105 4911 talium,
1132 4842 1268 4893 necnon
1297 4823 1435 4916 pietatis
1460 4824 1589 4896 ellectu
1614 4822 1859 4918 (eupra'mntur

465 5042 502 5115 (l)
522 5044 615 5099 Eidem
631 5043 703 5102 daus
717 5045 744 5102 le
759 5062 814 5103 ms.
831 5046 892 5104 388.
