4574 6404
427 670 496 740 ll8
717 683 880 737 emerim
905 684 1147 754 raonisrrroms
1173 683 1335 738 aurenca
1358 683 1571 738 aaavmarrs.

427 843 544 918 officio
568 856 604 917 et
623 853 798 939 potestate
821 845 995 917 ollerendi
1021 845 1094 918 Deo
1121 843 1331 918 sacrificium
1359 857 1394 917 et
1415 845 1557 916 missam
1586 847 1779 939 quamlibet
1801 870 1860 923 ee·

426 942 600 1016 lebrandi.

475 1038 522 1111 Im
540 1041 736 1112 remotione
752 1040 968 1134 planetarea
986 1040 1104 1112 casale
1118 1041 1342 1115 sacerdotalis
1358 1068 1370 1111 .-

475 1137 678 1211 auferimus
690 1138 752 1208 tibi
770 1149 904 1210 vestem
916 1138 1168 1212 sacerdotalem
1183 1151 1219 1212 et
1232 1151 1264 1212 te
1280 1140 1415 1214 honore
1429 1140 1638 1211 sacerdotali
1657 1141 1855 1235 privamus.

474 1236 537 1308 Acl
552 1235 676 1308 stolum
693 1235 937 1309 sacerdotalem
956 1263 967 1305 :

475 1334 679 1405 Aulerimus
700 1334 762 1406 tibi
779 1335 932 1406 orarium
953 1335 1030 1406 sive
1049 1335 1174 1407 stolam
1193 1334 1463 1423 sacerdotalem,
1478 1357 1558 1406 cum
1573 1337 1700 1428 jugum
1719 1337 1858 1411 Domini

425 1453 537 1505 suave
559 1441 837 1526 representatum
861 1433 898 1503 in
920 1432 981 1504 illa
1006 1442 1148 1526 portare
1173 1434 1427 1527 contempseris
1447 1444 1482 1504 et
1509 1433 1635 1506 stolam
1658 1433 1860 1510 innocentie

426 1531 631 1603 observare.

480 1627 521 1682 lle
533 1627 665 1697 dyacona
681 1625 729 1695 (l).

474 1698 537 1769 Ad
550 1698 783 1770 dalmaticam
800 1726 812 1769 .·

475 1796 677 1868 llulerimus
690 1798 753 1868 tibi
766 1798 986 1869 dalmaticam
1002 1798 1231 1894 dyaohonalis
1246 1796 1353 1870 officii
1368 1808 1629 1889 ornamentum,
1646 1821 1726 1871 cum
1743 1799 1856 1895 ipsam

426 1915 496 1965 non
517 1896 713 1988 portaveris
735 1897 770 1966 in
791 1897 1037 1967 indumentum
1058 1896 1174 1969 leticie
1193 1908 1229 1968 et
1242 1899 1494 1969 vestimentum
1512 1896 1650 1970 salutis.

476 1988 529 2089 [po
548 1993 594 2061 65
612 1990 645 2090 e]
674 1992 735 2064 Ad
753 1993 881 2064 libram
895 1993 1213 2087 Evaapelioram:
1296 2016 1299 2021 ⁴

392 2160 396 2169 ,
477 2091 681 2162 auferimus
702 2091 764 2161 tibi
789 2093 916 2163 librum
936 2092 1229 2185 Evangeliorum,
1258 2103 1364 2185 teque
1392 2093 1427 2162 in
1454 2092 1602 2164 ecclesia
1626 2093 1687 2163 Dei
1714 2092 1857 2186 legendi

426 2186 543 2260 olfieio
560 2199 596 2259 et
613 2199 787 2282 potestate
804 2191 994 2261 eximimus
1013 2201 1049 2262 et
1065 2191 1259 2284 privamus.

474 2286 536 2356 Ad
550 2287 673 2357 siolum
691 2287 948 2381 dyacltomulem
969 2314 980 2357 :

474 2383 678 2456 Aulerimus
699 2385 761 2456 tibi
785 2386 909 2458 stolam
931 2385 1186 2481 dyaohonalem
1205 2397 1312 2479 teque
1330 2385 1521 2458 eximimus
1539 2398 1575 2457 et
1598 2389 1780 2480 privamus
1796 2409 1858 2482 po·

427 2492 552 2554 testate
571 2482 793 2578 dyachonale
811 2483 964 2556 officium
986 2484 1190 2556 exercendi.

477 2579 518 2634 lle
531 2578 752 2649 subdyaulmno.

474 2650 535 2721 Aul
551 2653 715 2747 calicem,
730 2660 922 2747 putenam,
940 2653 1140 2740 urceolum,
1161 2652 1409 2748 aquamanile,
1429 2653 1696 2746 manamrpiam
1712 2679 1725 2722 .·

476 2749 675 2821 Auferimur
702 2752 766 2822 tibi
791 2751 953 2835 calicem,
975 2763 1156 2845 patenam,
1183 2751 1383 2841 urceolum,
1404 2751 1649 2842 aquamanile,
1675 2763 1856 2824 manuter-

425 2851 536 2940 gium,
554 2848 866 2943 subdpuohonatus
890 2848 996 2921 officii
1021 2850 1274 2945 instrumenta,
1295 2861 1400 2943 teque
1419 2848 1559 2921 illorum
1582 2870 1647 2919 usu
1667 2849 1857 2922 eximimus

424 2956 460 3016 et
478 2947 673 3040 privamus.

473 3043 535 3113 Aac
553 3044 708 3116 tunicam
726 3044 1070 3139 subdyaclmrsalem:
1528 3127 1536 3141 .

473 3142 675 3215 Aulerimus
700 3146 762 3216 tibi
790 3147 942 3215 tunicam
970 3143 1267 3238 subdyachonalis
1291 3141 1396 3216 officii
1422 3155 1681 3231 ornamentum,
1700 3143 1857 3215 camilla

426 3258 512 3308 usus
531 3260 601 3311 non
622 3242 729 3314 lueris
748 3243 793 3314 ad
809 3242 987 3334 justiciam
1008 3253 1043 3313 et
1061 3242 1225 3314 salntem.

472 3334 535 3406 Ad
549 3341 772 3433 manipulam
788 3365 801 3410 .·

473 3432 675 3509 Aulerimus
696 3439 758 3511 tibi
779 3437 996 3533 manipulum
1016 3437 1326 3533 subdyaohonatus
1344 3433 1449 3508 cilicii
1469 3447 1730 3531 ornamentum,
1750 3447 1856 3531 teque

426 3531 614 3606 eximimus
634 3546 669 3605 et
692 3539 871 3631 privamus
892 3536 1086 3608 ministerio
1106 3536 1290 3629 designato
1307 3537 1342 3606 in
1363 3535 1437 3607 illo.

472 3629 535 3700 Ad
551 3630 681 3703 lerum
699 3634 929 3727 epistolarum
949 3657 961 3702 .·
1603 3689 1606 3694 .

473 3726 676 3804 auferimus
699 3732 761 3802 tibi
786 3732 912 3802 librum
938 3732 1186 3825 epistolarum,
1206 3743 1311 3824 teque
1331 3731 1520 3802 eximimus
1539 3742 1574 3803 et
1591 3730 1773 3825 privamus
1794 3753 1856 3824 po·

426 3837 552 3977 tespate
572 3828 712 3980 lppendi
732 3850 792 3900 eas
813 3830 847 3900 in
868 3830 1014 3901 ecelesia
1034 3841 1154 3901 sancta
1173 3829 1249 3901 [lei.

499 3936 584 3981 0800
623 3939 651 3981 0.

471 3995 533 4066 Ac
549 3998 813 4094 ceroferarium
834 4023 845 4066 :

470 4094 673 4169 Aulerimus
704 4096 768 4167 tibi
800 4097 1068 4185 ceroferarium,
1097 4108 1201 4189 teque
1235 4097 1423 4168 eximimus
1455 4110 1490 4169 et
1517 4097 1699 4191 privamus
1737 4092 1854 4168 officio

420 4191 662 4265 luminariam
684 4194 830 4266 eeclesia
852 4189 893 4291 [l0
913 4195 958 4264 65
978 4191 1015 4292 d]
1036 4193 1266 4266 accendendi.

468 4289 530 4361 Ad
544 4293 724 4363 urceolam
744 4317 756 4361 .·

469 4390 670 4461 Auferimur,
703 4391 767 4461 tibi
795 4391 973 4463 urceolum
1000 4411 1046 4461 ne
1073 4391 1119 4462 de
1147 4401 1266 4462 cetero
1292 4391 1353 4462 illo
1381 4390 1490 4462 utaris
1518 4389 1563 4460 ad
1585 4389 1850 4481 suggerendum

420 4487 543 4637 vinnom
564 4499 600 4558 et
618 4509 744 4582 aquam
765 4487 800 4557 in
821 4488 1037 4560 Eucharistia
1057 4489 1241 4581 sanguinis
1259 4487 1404 4559 Christi.

496 4596 513 4638 e
527 4584 688 4641 exorcista.

466 4656 529 4725 Ad
551 4655 681 4727 libram
708 4657 1023 4730 emorcismorem:

468 4753 668 4825 Aulerimus
697 4756 758 4826 tibi
786 4755 943 4827 libellum
980 4759 1275 4843 exorcismorum,
1311 4766 1415 4849 teque
1441 4755 1621 4849 privamus
1647 4764 1682 4824 et
1715 4753 1846 4824 eximi-

454 5088 490 5154 (l)
510 5087 538 5142 A
552 5086 578 5142 la
593 5104 701 5160 merge.
