4574 6404
426 684 493 752 150
709 699 872 752 curcum
899 700 1140 767 tuqursrrroms
1168 698 1330 753 ununrrcn
1356 697 1569 750 nnnvrmrrs.

425 880 562 929 manam
585 858 775 928 Ecclesiam
802 878 905 949 quam
927 858 1151 952 impudenter
1174 859 1296 930 dicunt
1320 880 1398 929 esse
1422 868 1566 926 matrem
1588 856 1859 927 fornicationum

423 969 458 1028 et
476 957 692 1028 Babiloniam
718 955 850 1025 ebriam
878 957 1051 1048 sanguine
1077 969 1276 1028 sanctorum
1306 968 1340 1027 et
1367 954 1546 1025 basilicam
1575 952 1719 1047 dyaboli
1743 964 1778 1023 et
1803 974 1859 1024 sa·

425 1054 528 1124 thane
552 1073 788 1147 synagogam,
818 1075 888 1145 que
913 1074 1037 1125 revera
1063 1067 1174 1124 mater
1202 1067 1256 1125 est
1284 1056 1440 1126 omnium
1461 1051 1631 1137 fidelium,
1653 1051 1796 1122 domina
1826 1063 1861 1121 et

423 1164 609 1243 magistra,
630 1161 730 1221 extra
750 1171 854 1243 quam
877 1172 946 1222 non
968 1165 1022 1222 est
1040 1153 1136 1223 salus
1155 1177 1164 1239 ;
1186 1173 1381 1245 omnesque
1401 1149 1530 1240 gradus
1555 1161 1590 1219 et
1617 1148 1760 1219 ordines
1786 1151 1860 1218 sin-

422 1249 568 1341 gillatim
594 1260 629 1319 et
652 1247 894 1320 ordinationes
919 1262 1025 1341 atque
1048 1260 1178 1320 statuta
1197 1251 1352 1321 Romane
1372 1247 1525 1318 Ecclesie
1549 1246 1757 1317 mentientes
1786 1267 1861 1317 om·

424 1347 508 1417 uino
536 1346 761 1439 despiciunt,
784 1347 974 1440 reprobant
1000 1359 1035 1418 et
1061 1347 1344 1441 condempnant3
1367 1365 1561 1436 omnesque
1583 1344 1642 1435 qui
1667 1343 1771 1414 fidem
1792 1344 1860 1414 Ro·

423 1465 526 1514 mane
552 1443 706 1514 Ecclesie
739 1455 907 1514 secuntur
939 1457 975 1515 et
1009 1456 1129 1517 tenent
1157 1466 1260 1516 uersa
1295 1445 1373 1514 vice
1402 1443 1468 1536 ipsi
1504 1441 1651 1511 heretici
1681 1441 1862 1534 appellant

421 1541 596 1612 hereticos
615 1553 650 1610 et
669 1552 841 1627 errantes,
862 1563 926 1612 nec
943 1542 1097 1634 aliquem
1110 1543 1220 1636 'posse
1238 1541 1367 1613 salvari
1388 1541 1423 1609 in
1444 1539 1513 1609 fide
1530 1538 1686 1610 Romane
1703 1538 1861 1610 Ecclesie

422 1639 529 1732 impie
550 1639 800 1730 dogmatizant.
820 1637 944 1710 Omnia
968 1662 1111 1732 quoque
1130 1651 1350 1712 sacramenta
1370 1637 1524 1709 Ecclesie
1543 1636 1699 1708 Romane
1719 1637 1860 1707 Domini

421 1737 526 1808 Jhesu
543 1735 683 1820 Christi,
701 1736 867 1807 uidelicet
886 1738 1099 1809 eucharistie
1119 1749 1154 1810 et
1171 1739 1306 1823 altaris,
1331 1736 1389 1807 ubi
1408 1747 1462 1806 est
1479 1756 1603 1804 verum
1621 1746 1657 1805 et
1676 1733 1858 1804 vivificum

421 1856 549 1927 corpus
576 1833 701 1903 Christi
730 1828 770 1928 [l0
796 1835 836 1902 tt
869 1831 922 1932 d],
950 1856 992 1906 ac
1019 1837 1184 1930 baptismi
1202 1837 1262 1928 qui
1281 1835 1318 1904 fit
1345 1834 1379 1903 in
1404 1853 1495 1925 aqua
1524 1833 1695 1918 naturali,
1720 1853 1859 1904 necnon

422 1929 719 2017 confirmationis,
742 1943 777 2001 et
795 1933 951 2018 ordinis,
975 1945 1010 2004 et
1029 1946 1187 2005 extreme
1207 1933 1383 2004 unctionis
1407 1929 1671 2029 singillatimlct
1697 1951 1760 2022 per
1787 1932 1859 2000 sin·

422 2029 503 2122 gula
528 2051 589 2100 ore
616 2027 825 2121 nephaud0‚
855 2042 923 2099 tam
952 2031 1129 2102 horrende
1152 2054 1257 2123 quam
1286 2031 1393 2124 impie
1423 2038 1585 2098 asserunt
1615 2030 1755 2120 penitus
1780 2049 1861 2099 esse

423 2128 522 2214 lalsa,
536 2127 653 2196 inania
672 2136 778 2217 atque
798 2148 902 2197 vana.
921 2128 1182 2200 Sacramentum
1203 2151 1346 2222 quoque
1367 2126 1582 2198 matrimonii
1596 2125 1746 2195 carnalis
1766 2128 1861 2196 inter

422 2227 537 2294 virum
556 2236 592 2294 et
611 2221 792 2294 mulierem
819 2229 958 2317 penitus
982 2227 1244 2321 condempnant
1267 2239 1302 2298 et
1327 2226 1449 2297 dicunt
1473 2228 1589 2318 ipsum
1619 2244 1697 2294 esse
1717 2244 1861 2317 semper

422 2345 500 2395 cum
521 2334 676 2414 peccatu,
690 2333 724 2390 et
744 2344 922 2413 nunquam
943 2326 1020 2395 sine
1041 2336 1184 2417 peccato
1204 2345 1308 2418 posse
1326 2322 1416 2410 ficri,
1433 2325 1619 2417 ipsumque
1636 2340 1657 2389 a
1674 2322 1747 2392 Deo
1763 2321 1861 2392 bono

423 2423 561 2514 penitus
578 2420 754 2509 denegant
772 2422 994 2506 institutum;
1015 2444 1079 2492 nec
1099 2425 1215 2493 minus
1233 2443 1312 2493 esse
1333 2432 1513 2515 peccatum
1533 2420 1658 2490 dicunt
1681 2418 1859 2513 propriam

424 2540 568 2590 uxorem
594 2516 781 2588 carnaliter
805 2539 1019 2609 cognoscere
1050 2541 1153 2611 quam
1183 2532 1348 2614 matrem,
1369 2531 1430 2592 aut
1453 2518 1581 2604 filiam,
1603 2527 1665 2585 aut
1683 2537 1857 2588 sororem.

422 2618 699 2687 lncarnatiouem
727 2637 870 2708 quoque
896 2617 1034 2687 Domini
1058 2618 1163 2689 Jhesu
1191 2616 1317 2687 Christi
1346 2639 1389 2690 ex
1414 2617 1521 2687 Maria
1545 2635 1684 2707 semper
1703 2616 1857 2707 virgine,

421 2737 524 2809 quam
545 2709 732 2805 superficie
753 2725 854 2783 tenus
878 2726 913 2784 et
932 2735 1003 2785 non
1025 2737 1109 2786 vere
1136 2725 1189 2785 set
1216 2715 1401 2788 fantastice
1428 2715 1655 2809 profitentur,
1680 2712 1782 2782 labiis
1806 2724 1859 2782 ta·

423 2835 502 2884 men
529 2813 646 2904 impiis
671 2813 705 2879 in
734 2814 786 2881 rei
810 2814 960 2883 veritate
987 2813 1220 2906 blasfemant,
1245 2835 1324 2884 cum
1353 2836 1476 2885 uerum
1505 2832 1634 2905 corpus
1663 2810 1858 2880 humanum

423 2931 617 3001 veramque
642 2929 782 2979 curnem
812 2909 964 2981 huminis
991 2932 1036 2980 ex
1063 2921 1181 2982 nostra
1208 2921 1330 2980 natura
1358 2913 1471 3004 ipsum
1496 2911 1673 2998 denegant
1700 2929 1860 3001 assump-

427 3010 533 3092 sisse,
555 3009 672 3077 necin
693 3027 733 3076 ea
756 3028 839 3077 vere
862 3020 916 3078 set
934 3007 1048 3078 solum
1075 3009 1109 3078 in
1129 3008 1360 3080 similitudine
1381 3030 1520 3102 passum
1546 3007 1653 3076 luisse
1672 3017 1745 3076 eta
1768 3027 1860 3076 mor·

429 3107 496 3175 tuis
524 3106 745 3192 surrexisse,
767 3119 802 3174 et
825 3105 891 3174 alia
919 3116 1037 3176 nostre
1061 3106 1184 3177 salutis
1208 3126 1314 3197 opera
1345 3107 1541 3199 peregisse,
1564 3125 1629 3175 nec
1653 3124 1732 3173 cum
1754 3123 1795 3173 ea
1815 3103 1861 3172 ad

425 3205 534 3295 patris
557 3199 738 3271 dexteram
754 3202 969 3273 ascendisse.
991 3203 1152 3274 Sanctam
1171 3224 1313 3296 quoque
1332 3205 1475 3275 Mariam
1497 3202 1691 3294 virginem,
1713 3211 1860 3271 matrem

425 3301 486 3370 Dei
509 3311 543 3369 et
562 3300 700 3369 Domini
719 3300 826 3370 Jhesu
845 3298 985 3385 Christi,
1009 3321 1077 3372 non
1099 3322 1178 3372 csse
1197 3323 1263 3371 nec
1284 3301 1391 3373 fuisse
1408 3302 1590 3371 mulierem
1607 3299 1784 3371 carnalem
1804 3318 1861 3368 as·

425 3409 546 3468 serunt
569 3397 811 3489 impudenter,
834 3419 899 3467 nec
915 3398 1025 3468 Deum
1046 3399 1081 3467 in
1102 3399 1259 3470 mulieris
1277 3400 1428 3469 carnalis
1447 3409 1583 3469 uterum
1604 3396 1832 3468 descendisse
1849 3421 1858 3482 ;

423 3507 477 3566 set
511 3516 610 3565 suam
642 3515 682 3563 ac
712 3516 856 3565 suorum
899 3496 1103 3578 ecclesiam,
1140 3517 1244 3587 quam
1280 3496 1401 3568 dicunt
1434 3517 1512 3568 csse
1543 3516 1662 3566 ueram
1700 3494 1860 3588 peniten-

425 3595 528 3679 tiam,
556 3594 601 3662 de
633 3592 813 3685 impietate
844 3587 885 3688 [l⁰
917 3591 964 3664 72
996 3589 1030 3690 a]
1059 3614 1100 3663 ac
1131 3596 1289 3663 vanitate
1319 3617 1444 3666 sensus
1463 3597 1517 3665 sui
1555 3591 1757 3664 mentiendo
1776 3612 1861 3662 con·

425 3689 562 3782 fingunt
589 3689 679 3759 hunc
707 3709 785 3760 esse
815 3689 960 3760 llariam
991 3693 1165 3781 virginem
1194 3694 1229 3759 in
1258 3693 1412 3762 tenebris
1437 3704 1472 3761 ct
1498 3694 1571 3761 suis
1603 3690 1862 3762 conventiculis

424 3789 498 3860 suis
524 3787 750 3858 credentibus
777 3787 1027 3879 dogmatizant.
1053 3788 1315 3860 Confessionem
1342 3790 1448 3860 etiam
1476 3798 1698 3881 peccatorum
1726 3808 1796 3879 que
1823 3785 1863 3859 fit

424 3884 666 3955 sacerdotibus
686 3884 841 3955 Romane
861 3884 1016 3956 Ecclesia
1046 3886 1151 3956 nichil
1184 3886 1326 3973 ualere,
1348 3909 1413 3957 nec
1442 3907 1566 3980 papam
1591 3908 1655 3957 uec
1680 3885 1789 3955 alium
1815 3886 1862 3957 de

423 3982 577 4054 Ecclesia
597 3982 751 4052 Romana
773 4003 876 4075 posse
895 3983 1082 4054 absolvere
1101 3983 1254 4075 aliquem
1279 4005 1298 4054 a
1319 3987 1471 4078 peccatis
1488 3995 1651 4055 asserunt
1672 3981 1860 4076 impuden-

424 4093 489 4151 ter.
509 4080 553 4150 Sc
574 4080 668 4172 ipsos
689 4091 805 4149 autem
830 4091 865 4150 et
888 4080 1043 4173 ipsorum
1071 4081 1278 4173 quemlibet,
1308 4093 1493 4174 postquam
1516 4103 1577 4174 per
1595 4081 1859 4175 impositionem

424 4198 589 4247 manuum
616 4177 810 4247 secundum
831 4179 936 4246 ritum
957 4189 992 4249 et
1018 4199 1149 4249 morem
1176 4178 1331 4271 ipsorum
1352 4181 1483 4249 luerint
1499 4179 1690 4265 consulati,
1713 4178 1857 4266 dicunt,

424 4275 551 4345 docent
578 4286 613 4344 ct
639 4285 801 4344 asserunt
828 4274 957 4345 habere
988 4286 1196 4368 potestatem
1221 4276 1430 4348 absolvendi
1460 4297 1480 4347 a
1510 4279 1661 4369 peccatis
1692 4276 1860 4350 omnibus

423 4372 502 4443 illos
519 4373 577 4463 qui
598 4393 697 4441 suam
718 4385 848 4442 sectam
869 4372 994 4443 volunt
1013 4395 1074 4466 per
1094 4372 1353 4465 impositionem
1376 4395 1541 4444 manuum
1561 4375 1756 4445 secundum
1778 4394 1858 4445 mu-

423 4492 495 4540 rem
530 4471 684 4563 ipsorum
718 4471 898 4562 suscipere
932 4483 966 4541 et
998 4481 1128 4542 tenere.
1156 4471 1459 4544 Resurrectionem
1492 4493 1635 4564 quoque
1667 4491 1859 4564 corporum

423 4566 654 4637 humanorum
680 4567 830 4637 loturam
862 4579 991 4658 negant
1015 4570 1177 4662 penitus,
1199 4589 1349 4662 eamque
1372 4567 1589 4658 diffitentur,
1612 4567 1860 4661 confingentes

423 4665 574 4756 quedam
593 4664 786 4756 spiritualia
806 4685 952 4757 corpora
972 4677 1008 4736 et
1025 4665 1212 4758 quemdam
1235 4667 1438 4738 interiorem
1460 4666 1651 4754 hominem,
1671 4666 1857 4758 inquibus

423 4778 458 4830 et
477 4762 640 4854 qualibus
662 4762 868 4855 corporibus
889 4783 928 4832 se
949 4775 984 4832 et
1003 4784 1086 4834 suos
1108 4763 1309 4834 consimiles
1328 4776 1588 4836 resurrecturos
1611 4775 1797 4852 asserunt3
1824 4777 1860 4837 et

423 4858 474 4929 sic
493 4862 560 4952 ipsi
579 4859 678 4952 impii
699 4880 767 4930 non
790 4871 973 4952 resurgent
992 4863 1028 4930 in
1050 4861 1197 4932 consilio
1220 4863 1395 4952 justorum
1420 4882 1486 4932 nec
1509 4861 1691 4932 habebunt
1719 4875 1856 4954 partem

422 4957 458 5024 iu
479 4958 734 5027 resurrectione
753 4969 953 5028 sanctorum
973 4979 1052 5028 cum
1067 4957 1189 5052 justis,
1208 4979 1287 5029 cum
1307 4960 1437 5053 quibus
1458 4980 1527 5029 nun
1549 4972 1734 5052 resurgent
1752 4962 1858 5054 impii

423 5055 458 5122 in
481 5052 611 5143 juditio
640 5055 683 5123 ad
713 5053 859 5144 gloriam
891 5067 946 5126 set
975 5054 1019 5126 ad
1050 5076 1202 5150 penam,
1226 5058 1398 5151 pluraque
1422 5057 1490 5127 alia
1518 5057 1662 5145 insana,
1688 5058 1797 5151 impia
1819 5070 1857 5130 et
