4574 6404
617 663 665 733 46
907 678 1068 732 Patcvtca
1095 679 1335 746 tNQtJlstvtulvls
1362 678 1524 731 trahertes
1549 678 1760 731 enavimus.

618 914 656 981 9.
681 914 815 978 Forma
841 916 885 978 de
912 914 1209 979 reconsiliatione
1233 914 1303 996 (sic)
1328 923 1364 978 et
1391 914 1621 978 absolutione
1648 913 1807 992 alictuus
1833 915 2001 978 conversi
2029 932 2053 979 a.

936 1022 1111 1086 scismate
1128 1028 1166 1086 et
1179 1022 1255 1086 ritu
1271 1029 1308 1086 et
1322 1022 1507 1086 erroribus
1527 1023 1736 1086 Grecorum.

669 1236 851 1308 Universis
875 1234 999 1307 Christi
1023 1235 1187 1308 fidelihus
1213 1238 1258 1309 ad
1286 1260 1375 1332 quos
1405 1250 1584 1331 presentes
1611 1237 1725 1309 littere
1745 1236 1973 1331 pervenerint
1989 1258 2050 1307 uo-

622 1345 694 1406 tum
721 1332 781 1404 liat
805 1332 899 1427 quod
928 1355 998 1405 non
1023 1334 1208 1428 episcopus
1233 1335 1329 1416 talis,
1355 1337 1430 1406 vice
1455 1347 1490 1406 et
1520 1335 1726 1406 auctoritate
1750 1333 1960 1405 sanctissimi
1992 1355 2052 1428 pa·

623 1434 684 1503 tris
710 1453 751 1502 ac
774 1431 906 1502 domini
933 1431 1066 1502 domini
1090 1433 1257 1504 lobannis
1282 1434 1402 1503 divina
1428 1432 1650 1526 providentia
1682 1453 1771 1526 pape
1799 1431 1917 1516 xxii,
1948 1431 2050 1503 nohis

622 1531 656 1600 in
688 1529 755 1600 hac
784 1540 882 1622 parte
910 1530 1094 1600 commissa
1124 1531 1266 1602 oraculo
1296 1533 1378 1603 vive
1408 1532 1506 1602 vocis
1540 1529 1614 1624 (oei
1636 1529 1686 1602 sic
1713 1553 1725 1596 .·
1754 1529 1966 1613 commissa,
2005 1528 2051 1600 de

621 1648 690 1720 qua
718 1627 965 1697 commissione
990 1648 1053 1720 per
1078 1628 1180 1698 talem
1209 1629 1390 1700 dominum
1416 1628 1651 1709 cardinalem,
1677 1627 1731 1697 vel
1753 1650 1816 1720 per
1838 1628 1940 1697 talem
1957 1626 2049 1720 epis-

622 1746 747 1818 copum
773 1721 849 1816 ejus
874 1724 1080 1795 familiarem
1104 1738 1140 1797 et
1163 1727 1399 1798 confessorem
1423 1725 1525 1797 nobis
1548 1725 1704 1796 constitit
1728 1724 1871 1797 oraculo
1891 1725 1974 1794 vive
1990 1744 2070 1798 vo-¹

622 1820 709 1916 cis),
730 1822 831 1892 talem
856 1821 898 1892 N.
920 1821 965 1892 de
990 1823 1048 1892 tali
1073 1822 1169 1909 ioco,
1193 1824 1269 1894 talis
1294 1824 1473 1918 dyocesis,
1495 1823 1637 1894 natione
1656 1833 1691 1894 et
1715 1822 1852 1914 origine
1872 1821 2043 1906 Grecum,

621 1919 694 1990 lieo
718 1931 887 2012 operante
912 1941 1122 1991 conversum
1154 1933 1188 1991 et
1221 1922 1337 1992 redire
1364 1920 1563 2007 volentem,
1595 1931 1697 2013 prout
1728 1920 1874 2007 asserit,
1902 1940 1920 1988 a
1958 1919 2046 1988 scis-

622 2029 715 2088 mate
741 2029 776 2086 et
800 2017 868 2087 ritu
895 2038 936 2087 ac
962 2013 1003 2113 [p
1026 2015 1073 2089 25
1097 2014 1135 2117 d]
1162 2019 1340 2090 erroribus
1363 2017 1551 2089 Grecorum
1577 2018 1621 2088 ad
1649 2027 1768 2088 sancte
1802 2017 1958 2087 Romane
1983 2015 2046 2086 Ec·

622 2113 729 2185 clesia
754 2114 922 2185 unitatem
947 2114 1244 2186 etobedientiam
1270 2128 1305 2186 et
1329 2113 1455 2199 fidem,
1485 2115 1653 2206 abjuratis
1684 2116 1846 2209 primitus
1875 2135 1936 2207 per
1959 2134 2045 2182 aun·

622 2211 701 2283 dem
734 2232 850 2282 coram
878 2210 979 2282 nobis
1007 2213 1170 2283 scismate
1197 2226 1232 2284 et
1258 2215 1325 2283 ritu
1352 2234 1393 2284 ac
1417 2212 1595 2286 erroribus
1619 2212 1822 2284 eorumdem
1840 2211 2045 2296 Grecorum,

621 2330 663 2379 ac
694 2309 838 2403 prestito
869 2312 1070 2399 juramento
1099 2310 1143 2381 de
1178 2312 1333 2404 parendo
1373 2311 1546 2381 mandatis
1577 2312 1709 2403 prefate
1743 2321 1863 2380 sancte
1890 2309 2044 2380 Romane

620 2405 802 2488 Ecclesie,
839 2406 1141 2477 reconsiliavimus
1171 2419 1206 2479 et
1235 2408 1452 2479 absolvimus
1494 2429 1513 2478 a
1548 2408 1721 2481 sententia
1756 2406 2046 2479 excommunica-

623 2504 728 2577 tionis
757 2504 825 2575 late
853 2525 872 2573 a
905 2524 1040 2575 canone
1072 2516 1193 2576 contra
1218 2505 1347 2576 Grecos
1375 2506 1614 2591 scismaticos,
1645 2506 1675 2576 si
1712 2516 1828 2575 tamen
1866 2505 1911 2575 de
1940 2502 2047 2575 corde

620 2601 716 2674 bono
741 2611 776 2673 et
800 2599 870 2673 lide
896 2623 964 2672 non
989 2601 1065 2672 licta
1094 2601 1236 2673 redierit
1264 2602 1308 2673 ad
1333 2602 1487 2674 Ecclesia
1518 2604 1709 2691 unitatem;
1740 2603 1969 2695 injungentes
1996 2601 2045 2670 ei·

622 2698 702 2770 dem
726 2698 793 2770 suh
819 2699 950 2770 virtute
975 2719 1016 2770 ac
1041 2700 1160 2770 debito
1187 2721 1206 2770 a
1230 2721 1269 2770 se
1293 2700 1427 2792 prestiti
1448 2701 1661 2792 juramenti,
1690 2712 1727 2770 ut
1751 2699 1919 2792 deinceps
1948 2718 2047 2771 more

621 2794 896 2868 Christianorum
923 2796 1108 2868 latinorum
1128 2795 1284 2869 fidelium
1308 2808 1537 2869 conversetur
1561 2810 1596 2868 et
1619 2800 1734 2883 vivat,
1763 2796 2046 2889 confiteaturque

622 2905 764 2986 peccata
785 2915 849 2965 sua
867 2893 912 2964 ad
936 2894 1050 2965 miuus
1073 2896 1181 2967 semei
1211 2898 1247 2966 in
1265 2916 1358 2966 anno
1380 2907 1462 2968 aute
1487 2896 1612 2966 festum
1633 2895 1777 2981 Pasche,
1804 2906 1840 2966 et
1864 2895 1901 2965 in
1919 2894 2045 2966 eodem

623 2992 712 3063 festo
740 2991 987 3087 communicet,
1019 2992 1085 3064 nisi
1111 2993 1321 3064 abstinuerit
1339 2993 1384 3063 de
1403 2993 1551 3066 consilio
1576 2993 1706 3086 proprii
1735 2992 1953 3077 sacerdotis,
1981 2992 2045 3063 ob·

618 3099 808 3181 servetque
835 3089 969 3180 jejunia
1001 3090 1047 3161 ab
1078 3090 1229 3161 Ecclesia
1261 3090 1440 3177 instituta,
1477 3091 1625 3182 siugulis
1656 3111 1741 3162 vero
1769 3091 1896 3161 diebus
1932 3089 2046 3161 domi-

618 3187 706 3257 nicis
735 3197 770 3256 et
798 3187 933 3257 festivis
959 3188 1100 3269 missam
1129 3188 1380 3281 parrochialem
1409 3188 1530 3259 audiat
1555 3199 1589 3258 et
1615 3209 1813 3260 sermonem
1840 3187 1899 3280 qui
1929 3185 1989 3258 fiet
2009 3187 2044 3256 in

616 3284 702 3356 iocis
727 3283 762 3353 iu
787 3283 915 3376 quibus
939 3285 1062 3368 fuerit,
1091 3284 1159 3355 nisi
1183 3285 1337 3376 legitime
1361 3299 1422 3357 aut
1450 3286 1703 3357 rationabiliter
1722 3286 1838 3357 valeat
1857 3288 2040 3371 excusari3

617 3392 653 3452 et
673 3381 719 3452 ab
743 3382 838 3452 omni
863 3403 970 3475 opere
995 3382 1114 3453 servili
1144 3384 1317 3453 abstineat
1341 3383 1466 3455 diebus
1490 3383 1676 3455 dominicis
1699 3394 1734 3453 et
1765 3381 1900 3454 ies'tivis
1927 3383 2045 3453 coien-

617 3479 691 3567 dis3
721 3478 957 3551 divinationes
980 3492 1015 3551 et
1038 3479 1215 3570 sortilegia
1240 3502 1309 3552 uon
1330 3479 1513 3569 observet;
1537 3480 1713 3573 fidemque
1736 3479 1943 3552 catholicam
1960 3501 2044 3551 con·

616 3574 755 3647 fiteatur
783 3585 818 3647 el
849 3587 967 3648 teneat
994 3598 1100 3670 quam
1126 3589 1246 3647 sancta
1278 3578 1431 3650 Romana
1461 3578 1614 3649 Ecclesia
1648 3575 1855 3663 confitetur,
1888 3577 2044 3669 predicat

616 3685 652 3745 et
677 3675 862 3764 observet;
887 3675 1080 3747 orationem
1106 3673 1317 3746 dominicam
1338 3697 1379 3746 ac
1404 3676 1602 3770 symbolum
1632 3674 1714 3747 lidei
1737 3688 1773 3746 et
1797 3674 2043 3746 salutationem

614 3770 721 3843 Beate
739 3771 847 3843 Marie
865 3771 1040 3865 Virginis,
1064 3772 1131 3843 uisi
1148 3793 1188 3843 ea
1203 3774 1276 3864 jam
1292 3773 1450 3859 sciverit,
1468 3773 1677 3865 quantocius
1693 3772 1875 3844 addiscere
1890 3766 1931 3867 [p
1944 3769 1991 3843 26
2006 3767 2040 3868 a]

616 3891 687 3941 non
713 3869 895 3956 obmittat,
917 3879 952 3941 el
970 3869 1118 3962 siugulis
1140 3870 1267 3940 diebos
1286 3891 1383 3941 more
1402 3869 1558 3941 fidelium
1585 3870 1715 3942 devote
1738 3882 1774 3940 et
1799 3867 1948 3940 fideliter
1967 3869 2042 3939 Deo

616 3966 723 4039 dicat.
746 3966 916 4040 Volumus
935 3968 1039 4038 etiam
1060 3978 1096 4037 et
1113 3966 1321 4039 mandamus
1341 3970 1548 4039 auctoritate
1565 3968 1719 4062 predicta
1734 3968 1898 4039 omuibus
1913 3965 2041 4036 Christi

616 4062 781 4136 fidelihus
808 4075 845 4134 ut
871 4064 1021 4136 eundem
1044 4085 1254 4136 conversum
1283 4064 1328 4136 ad
1355 4067 1636 4138 communionem
1658 4066 1879 4160 suscipiant;
1904 4064 2040 4134 nuilus·

615 4183 685 4254 que
717 4184 797 4233 eum
833 4162 1018 4234 molestare
1047 4174 1249 4256 presumat,
1277 4163 1476 4256 graciisque
1494 4175 1529 4235 et
1556 4163 1735 4236 favoribus
1755 4163 2041 4256 quibuscumque

614 4258 888 4330 Christianorum
914 4259 1099 4330 latinorum
1130 4259 1259 4351 ubique
1283 4260 1435 4352 gaudeat
1452 4262 1620 4354 quamdiu
1645 4281 1709 4332 sua
1735 4261 1805 4331 vita
1830 4271 1865 4330 et
1889 4280 2039 4330 couver-

613 4356 704 4428 satio
728 4355 842 4428 fidelis
866 4368 902 4427 et
928 4356 1098 4428 catholica
1118 4359 1319 4450 apparuerit
1341 4371 1376 4429 et
1399 4360 1444 4431 de
1467 4360 1643 4432 contrario
1663 4379 1732 4429 nou
1754 4357 1942 4429 constabit.
1959 4354 2044 4427 Con·

614 4454 780 4526 cedentes
810 4453 924 4526 eidem
964 4455 1023 4525 tali
1053 4454 1095 4526 N.
1132 4467 1314 4547 presentes
1351 4455 1483 4527 litteras
1516 4457 1631 4548 sigillo
1667 4468 1786 4527 nostro
1823 4454 2039 4547 impendenti

580 4591 583 4597 ·
613 4551 781 4644 sigillatas
807 4552 843 4622 in
868 4552 1104 4624 testimonium
1129 4551 1393 4645 premissorum.
1414 4555 1560 4642 Datum,
1583 4566 1649 4625 etc.

612 4749 670 4815 10.
694 4751 828 4816 Forma
840 4752 963 4815 littere
980 4752 1027 4815 ad
1042 4752 1304 4832 imponendum
1319 4753 1566 4833 penitentiam
1586 4753 1825 4818 arbitrariam
1847 4751 1960 4817 alicui
1981 4768 2042 4816 ex-

900 4865 961 4923 tra
974 4874 1181 4923 sermonem
1198 4859 1379 4939 exaliqua
1394 4876 1507 4924 causa
1522 4859 1746 4925 rationabili.

659 5044 794 5119 Tenore
819 5048 1032 5140 presentium
1060 5060 1175 5141 pateat
1202 5046 1327 5120 Christi
1356 5046 1520 5120 fidelibus
1547 5049 1723 5121 universis
1748 5048 1843 5141 quod
1869 5067 1933 5120 uos
1960 5046 2039 5118 talis
