4612 6404
827 684 954 751 ournrn
980 686 1077 738 nius.
1605 665 1674 735 525

239 870 315 920 rum
339 847 511 939 prelatum
537 842 690 916 officium
718 845 845 937 exequi
869 850 971 936 juxta
993 846 1139 916 formam
1159 843 1194 912 in
1216 843 1300 936 ipsis
1323 843 1447 914 litteris
1467 862 1673 934 expressam

243 968 283 1018 ac
302 947 397 1038 ipsos
419 944 513 1014 illam
537 952 742 1035 potestatem
760 943 1050 1014 etauctoritatem
1068 942 1259 1034 plenariam
1278 940 1409 1011 habere
1426 941 1675 1031 volumusque

241 1045 276 1114 in
297 1044 432 1114 eisdem
454 1041 578 1110 litteris
598 1041 809 1111 continetur.

288 1141 322 1211 Si
347 1161 435 1211 vero
459 1139 610 1229 aliquem
642 1138 886 1230 inquisitorum
913 1138 1113 1228 hujusmodi
1135 1159 1180 1207 ex
1204 1135 1322 1227 aliqua
1347 1137 1435 1207 sorte
1457 1157 1561 1206 causa
1583 1156 1672 1205 non·

241 1259 420 1329 nunquam
448 1238 522 1307 lore
549 1236 681 1305 videris
703 1237 962 1319 amovendum,
985 1237 1099 1328 ipsum
1125 1255 1291 1305 amoveas
1318 1246 1353 1305 et
1378 1234 1572 1304 substituas
1596 1232 1674 1305 loco

243 1337 318 1427 ejus
344 1337 451 1405 alium
478 1355 582 1426 quem
607 1333 756 1403 similem
782 1334 1022 1404 auctoritatem
1050 1345 1085 1403 et
1111 1344 1315 1425 potestatem
1337 1332 1467 1402 habere
1489 1333 1674 1415 volumus,

243 1433 411 1526 quociens
436 1433 517 1517 tibi,
540 1431 794 1503 deliberatione
813 1454 890 1502 curn
912 1432 1089 1523 aliquibus
1108 1431 1268 1500 discretis
1289 1431 1454 1500 iratribus
1474 1430 1556 1499 dicti
1577 1429 1676 1499 ordi-

242 1531 297 1602 nis
325 1530 529 1623 prehabita,
551 1528 618 1598 boo
639 1531 713 1599 fore
733 1529 910 1600 videbitur
934 1529 1160 1615 laciendum3
1183 1541 1218 1598 et
1237 1528 1266 1597 si
1286 1528 1438 1619 aliquem
1462 1527 1515 1597 uel
1536 1526 1674 1618 aliquos

244 1629 490 1721 inquisitorum
523 1627 676 1718 ipsorum
711 1627 883 1697 decedere
915 1629 1003 1697 lorte
1032 1629 1239 1717 contigerit,
1269 1647 1332 1695 nos
1364 1624 1599 1695 substituendi
1630 1625 1675 1695 de

244 1727 391 1798 consilio
416 1726 613 1817 aliquorum
635 1725 865 1795 discretorum
888 1725 1030 1794 lratrum
1051 1725 1208 1814 ejusdcm
1230 1724 1364 1794 ordinis
1382 1723 1489 1792 alium
1511 1722 1567 1793 vel
1588 1722 1677 1794 alios

244 1825 321 1895 loco
349 1824 442 1892 illius
471 1823 525 1892 rel
553 1824 692 1892 illorum
718 1825 780 1915 qui
807 1823 1040 1908 decesserint,
1069 1823 1114 1891 ita
1141 1822 1235 1913 quod
1266 1821 1468 1910 hujusmodi
1497 1820 1677 1889 substituti

247 1922 378 1993 eisdem
401 1921 546 1992 omnino
565 1923 772 1992 auctoritate
793 1931 828 1990 el
848 1931 1019 2012 potestate
1036 1922 1224 2010 iungantur
1240 1914 1281 2015 [l0
1299 1919 1367 1987 ⁴75
1385 1915 1438 2016 b],
1457 1920 1519 1988 tibi
1540 1918 1677 2009 plenam

246 2031 280 2090 et
304 2019 447 2089 liberam
473 2019 699 2088 concedimus
725 2028 846 2088 tenore
871 2020 1085 2110 presentium
1113 2017 1326 2087 facultatem.
1349 2017 1473 2086 Datum
1500 2016 1595 2108 apud
1614 2016 1677 2086 Ur·

245 2118 326 2188 bern
350 2129 517 2200 veterem,
537 2117 583 2185 X⁰
596 2116 764 2186 kalendas
779 2116 873 2206 julii,
895 2114 1116 2208 pontificatus
1137 2115 1245 2185 nostri
1262 2117 1488 2202 annotarem,
1506 2114 1678 2184 subanno

247 2215 428 2285 Dominice
448 2215 702 2284 incarnationis
722 2214 770 2282 Μο
788 2212 852 2282 CC⁰
872 2217 1100 2304 nonagesimo
1119 2211 1183 2306 (l).

227 2452 229 2456 ¹
318 2510 323 2518 ·
385 2469 445 2532 20.
470 2469 605 2532 Forma
627 2485 693 2532 seu
714 2469 845 2532 modus
866 2469 1064 2547 abjurandi
1085 2469 1244 2532 heresim
1265 2468 1460 2547 injudicio
1482 2469 1538 2550 (t).

298 2708 352 2808 [F0
381 2712 450 2781 t75
479 2708 512 2808 c]
541 2712 614 2781 Hec
645 2724 698 2782 est
731 2714 841 2782 lorma
872 2733 934 2781 seu
965 2711 1090 2781 modus
1116 2711 1302 2801 abjurandi
1322 2710 1472 2782 heresim
1492 2714 1526 2780 in
1551 2714 1681 2803 juditio

247 2832 364 2882 coram
389 2810 666 2902 inquisitoribus
684 2823 718 2879 et
735 2809 926 2901 recipiendi
942 2809 1197 2898 abjurationem
1218 2809 1263 2877 ab
1279 2809 1417 2901 illisqui
1430 2813 1682 2880 commiserunt

248 2912 282 2979 in
304 2909 417 2979 heresi
438 2908 578 2999 seu'qui
597 2907 827 2977 vehementer
846 2909 891 2977 dc
912 2907 1026 2977 heresi
1046 2920 1131 2976 sunt
1145 2908 1312 2998 suspecti,
1332 2919 1514 2999 postquam
1531 2909 1681 2979 confessi

248 3008 432 3097 fuerintlin
458 3005 589 3099 juditio
620 3005 816 3075 veritatem.
837 3005 1002 3074 Volentes
1028 3007 1148 3096 itaque
1175 3005 1339 3074 recedere
1363 3006 1407 3075 ab
1435 3006 1548 3076 heresi
1571 3028 1634 3077 seu
1662 3028 1682 3076 a

248 3106 426 3175 credentia
447 3104 681 3173 hereticorum
703 3104 737 3171 in
764 3123 832 3194 qua
855 3102 1106 3173 commiserunt
1131 3115 1165 3172 et
1192 3102 1307 3172 redire
1333 3104 1680 3175 ad=ecclesiasticam

248 3203 436 3285 unitatem,
463 3200 628 3295 abjurent
655 3199 806 3270 heresim
838 3199 904 3270 isto
932 3201 1055 3286 modo,
1083 3212 1117 3271 et
1146 3200 1320 3290 abjuratio
1347 3203 1521 3272 scribatur
1548 3205 1584 3271 in
1612 3201 1683 3273 fine

248 3299 477 3372 conlassionis
494 3299 681 3388 cujuslibet
698 3297 917 3383 confitentis3
936 3311 971 3366 et
991 3298 1239 3367 nichilominus
1262 3299 1386 3369 modus
1405 3301 1590 3390 abjurandi
1613 3300 1681 3370 bu-

244 3398 400 3488 jusmodi
424 3401 573 3490 scriptus
594 3396 765 3483 habeatur
785 3398 819 3464 in
841 3397 1013 3487 principio
1034 3397 1111 3466 libri
1134 3397 1168 3465 in
1188 3418 1260 3487 quo
1279 3397 1518 3469 conlessioncs
1543 3410 1578 3469 et
1602 3421 1682 3492 pro·

249 3517 368 3566 cessus
388 3493 629 3565 confitentium
651 3494 889 3564 continentur.

297 3593 369 3684 Ego
401 3593 532 3661 lalisio
554 3592 684 3681 juditio
710 3591 921 3661 constitutus
941 3612 1057 3661 coram
1087 3592 1188 3662 vobis
1217 3592 1275 3662 tali
1301 3593 1528 3684 inquisitore,
1559 3615 1678 3665 sacro-

249 3693 378 3761 sanctis
397 3690 459 3760 Dei
480 3689 680 3778 Evangeliis
698 3708 813 3759 coram
835 3710 890 3758 me
909 3689 1044 3781 positis,
1064 3690 1188 3778 abjuro
1209 3690 1348 3781 penitus
1367 3712 1507 3761 omnem
1530 3691 1680 3762 heresim

250 3789 474 3860 extollentem
503 3808 542 3856 se
567 3787 739 3857 adversus
766 3784 870 3855 fidem
900 3786 1032 3856 domini
1056 3786 1161 3856 lhesu
1181 3785 1306 3857 Christi
1332 3801 1366 3858 et
1385 3802 1504 3858 sancte
1526 3789 1681 3860 Romane

249 3885 402 3957 Ecclesia
416 3902 451 3955 et
465 3906 604 3956 ornnem
623 3885 838 3955 credentiam
858 3883 1091 3954 hereticorum
1108 3884 1362 3977 cujuscumque
1379 3896 1473 3956 secte
1491 3886 1680 3980 dampnate

249 4005 312 4078 per
320 3984 508 4053 Ecclesiam
520 3983 769 4065 Romanam‚et
784 3981 983 4073 specialiter
999 3995 1093 4051 secte
1108 3983 1186 4050 talis
1196 3982 1251 4052 vel
1273 3979 1682 4076 talis(aucprimolur)‚et

250 4079 1172 4172 omnemlavoremetreceptatiouemetdelensionem
1183 4092 1218 4148 el
1229 4081 1529 4172 participationem
1541 4104 1679 4167 eorum,

250 4176 1678 4274 subpenaquedejuredebeturrelapsisinheresiminjuditioabjuratam.ltem,

247 4276 328 4366 juro
342 4289 448 4368 atque
470 4277 632 4368 promitto
650 4296 705 4344 me
725 4294 908 4367 proposse
929 4295 1007 4344 meo
1026 4276 1189 4366 persequi
1208 4287 1243 4345 et
1263 4276 1428 4366 detegere
1443 4298 1505 4347 seu
1523 4279 1683 4349 revelare

252 4385 285 4444 et
301 4375 415 4444 lacere
434 4376 512 4466 capi
527 4385 561 4442 et
578 4373 676 4442 reddi
698 4371 968 4462 inquisitoribus
984 4373 1142 4443 heretice
1164 4375 1347 4464 pravitatis
1372 4374 1544 4445 hereticos
1563 4377 1683 4466 cujus-

251 4492 401 4563 cumque
418 4484 514 4540 secte
533 4471 721 4561 dampnate
740 4463 780 4564 [lJ
801 4470 869 4537 l75
888 4466 925 4567 d]
943 4480 977 4538 et
996 4470 1195 4562 specialiter
1214 4472 1292 4541 talis
1311 4472 1365 4542 vel
1396 4473 1473 4542 talis
1492 4484 1588 4543 secte
1604 4470 1684 4565 (eoo-

247 4569 475 4660 primalur),
509 4581 543 4638 el
571 4567 754 4637 credentes
785 4577 820 4637 et
841 4568 1025 4655 salitores,
1056 4581 1089 4637 et
1120 4580 1378 4660 receptatores,
1409 4584 1444 4639 et
1475 4570 1680 4641 defensores

251 4686 371 4738 eorum
390 4721 399 4754 ,
418 4679 453 4736 et
472 4666 577 4736 etiam
596 4666 674 4736 illos
693 4686 782 4756 quos
800 4665 926 4734 scirem
944 4665 999 4734 vel
1020 4666 1200 4735 crederem
1222 4687 1285 4758 pru
1306 4668 1395 4736 lactu
1423 4667 1555 4760 heresis
1577 4669 1681 4759 lugit-

288 4976 325 5044 (l)
342 4974 380 5029 be
397 4981 473 5029 reste
488 4973 523 5027 de
539 4975 564 5028 la
579 4974 699 5029 colunne
716 4978 762 5028 est
775 4989 809 5026 en
830 4973 913 5028 blanc
928 4971 1000 5026 dans
1014 4973 1040 5026 le
1057 4988 1110 5027 ms.

287 5071 323 5143 (l)
338 5070 377 5126 Ge
392 5068 458 5128 lilro
473 5072 547 5127 n’est
560 5088 612 5142 pas
627 5070 697 5126 dans
711 5071 737 5124 le
753 5086 809 5126 ms.
