4574 6404
424 655 497 726 290
712 667 876 721 suecrius
902 669 1143 736 rnamsrrrntus
1170 670 1334 724 nsnssrns
1359 669 1572 723 enavtrsrts.

422 851 509 902 suos
527 840 563 901 et
581 829 683 900 aliter
707 826 929 907 christianos,
951 826 1028 899 sive
1046 849 1175 922 pueros
1194 828 1272 898 sive
1290 828 1444 911 adultos,
1466 827 1549 918 quia
1568 828 1857 902 circumcidendo

422 926 636 999 christianos
658 924 798 996 adultos
815 946 878 995 seu
906 945 1054 1018 parvos,
1075 925 1241 997 scindunt
1260 926 1312 996 eis
1339 924 1464 1018 pellem
1487 925 1641 1018 desuper
1665 927 1863 1020 semiplene

426 1037 462 1096 et
481 1046 551 1097 uon
572 1035 680 1095 totum
701 1022 892 1108 circulum,
914 1022 1005 1092 sicut
1023 1023 1155 1094 iaciunt
1173 1023 1209 1092 in
1227 1025 1346 1116 pneris
1365 1024 1440 1093 suis
1459 1023 1592 1094 Iudeis.
1615 1023 1723 1111 ltem,
1749 1023 1864 1096 chris·

428 1123 553 1208 tinnis,
575 1119 718 1214 quando
735 1119 824 1189 liunt
842 1119 942 1190 ludei
964 1121 1019 1191 vel
1039 1121 1169 1206 Judee,
1193 1122 1334 1191 tradunt
1357 1140 1461 1191 unam
1484 1133 1615 1191 curtam
1643 1142 1707 1192 sue
1730 1122 1864 1216 ludnp·

424 1218 572 1292 sationis
590 1239 695 1312 quam
721 1217 852 1288 debent
872 1237 1013 1310 semper
1032 1229 1171 1310 portare
1193 1239 1334 1303 secum,
1356 1218 1458 1289 aliter
1475 1217 1578 1289 Judei
1599 1240 1669 1289 non
1694 1219 1863 1290 biberent

425 1329 486 1388 aut
500 1316 819 1388 comederentcum
839 1315 992 1401 eisdem,
1009 1327 1043 1387 et
1063 1316 1169 1387 debet
1184 1316 1366 1387 continere
1386 1316 1527 1387 nomina
1547 1316 1767 1407 singulorum
1789 1337 1865 1387 ma·

424 1418 614 1505 gistrorum
635 1416 776 1504 quiens
796 1413 1104 1505 rebaptizaverunt
1124 1413 1180 1484 vel
1201 1414 1521 1508 rejudayznverunt
1536 1410 1605 1507 (l).

464 1691 500 1756 4.
523 1695 574 1757 De
586 1694 813 1759 intolerabili
825 1693 1019 1759 blasfemia
1033 1697 1053 1758 J
1057 1696 1234 1759 ndeorum
1252 1703 1382 1759 contra
1397 1696 1585 1760 Christum
1603 1703 1640 1760 et
1657 1694 1764 1760 lldem
1779 1697 1865 1775 slus

779 1848 781 1851 ψ
893 1802 1117 1882 etpopnlum
1134 1802 1390 1866 christianum.

475 2068 673 2140 Notandum
692 2080 808 2140 autem
830 2071 925 2162 quod
945 2069 1048 2141 Judei
1069 2071 1104 2140 in
1124 2069 1345 2143 orationibus
1363 2091 1453 2162 quas
1474 2070 1607 2141 laniunt
1626 2083 1661 2141 et
1681 2071 1866 2142 decentet

428 2167 559 2238 habent
572 2167 758 2260 inscriptis
771 2168 1203 2260 interceterasesteaque
1215 2168 1390 2259 sequitur,
1404 2162 1635 2264 exempla[ta]
1648 2190 1693 2239 ex
1705 2168 1861 2239 hebreo:

427 2264 637 2335 Benedictus
653 2276 703 2351 tu,
720 2263 812 2335 Dens
826 2263 1000 2336 Dominus
1020 2278 1152 2351 noster,
1174 2286 1238 2335 rex
1255 2268 1291 2334 in
1309 2265 1483 2348 seculum,
1500 2269 1562 2358 qui
1582 2288 1651 2336 non
1673 2266 1785 2336 iecisti
1808 2287 1867 2337 me

427 2352 655 2433 christianum
673 2363 728 2432 vel
745 2363 925 2453 gentilem.
941 2363 1025 2434 item
1042 2389 1050 2434 z
1065 2363 1257 2434 Destructis
1271 2384 1336 2433 seu
1350 2366 1533 2433 conversis
1548 2363 1592 2432 ad
1611 2362 1716 2434 iidem
1732 2362 1865 2435 Christi

429 2459 522 2529 nulla
543 2462 589 2529 sit
606 2480 710 2552 spes,
732 2471 767 2529 et
786 2461 950 2531 omnibus
969 2460 1132 2532 hereticis
1149 2460 1206 2531 vel
1233 2482 1302 2531 non
1321 2462 1570 2544 credentibus,
1594 2461 1865 2532 accusatoribus

426 2557 481 2626 vel
501 2557 683 2649 bilinguis,
703 2557 738 2627 id
760 2571 813 2628 est
833 2559 1060 2630 traditoribus
1079 2558 1245 2630 omuibus
1265 2558 1351 2628 illud
1374 2571 1589 2629 momentum
1607 2559 1673 2642 sit,
1695 2558 1731 2629 id
1751 2570 1806 2630 est
1828 2559 1867 2628 in

426 2666 603 2725 momento
622 2657 693 2726 sint
712 2655 861 2748 perditi‚'
875 2667 911 2727 et
929 2677 1052 2727 omnes
1070 2655 1200 2727 inimici
1223 2657 1344 2749 populi
1364 2658 1416 2727 tui
1434 2656 1538 2728 lsrael
1561 2656 1736 2728 velociter
1754 2657 1865 2727 occisi

424 2753 515 2838 sint,
540 2763 576 2823 et
602 2773 746 2844 regnum
774 2753 968 2845 iniquitatis
993 2754 1161 2825 velociter
1187 2754 1233 2824 sit
1259 2774 1402 2838 amens,
1432 2753 1468 2822 id
1495 2765 1548 2824 est
1575 2755 1795 2825 contractum
1828 2763 1867 2824 et

425 2850 669 2921 [rectissimum
700 2851 744 2920 ad
770 2851 1019 2921 declinandum
1048 2852 1103 2922 vel
1125 2852 1203 2946 plus
1230 2873 1335 2943 quam
1369 2852 1414 2922 ad
1436 2852 1683 2922 declinandum
1708 2853 1779 2923 cito
1804 2850 1867 2922 vel

424 2948 592 3019 velociter
613 2948 647 3017 in
673 2947 799 3018 diebus
820 2950 960 3019 nostris.
986 2949 1195 3020 Benedictus
1216 2960 1273 3033 tu,
1295 2949 1409 3036 Deus,
1431 2962 1617 3020 conterens
1644 2950 1806 3021 inimicos
1830 2959 1869 3019 et

424 3045 604 3115 declinans
627 3066 825 3137 perversos.
846 3047 1003 3117 Predicta
1033 3048 1150 3119 omnin
1171 3047 1206 3116 in
1232 3045 1365 3119 hebreo
1391 3048 1559 3138 loquutur
1587 3058 1623 3117 et
1646 3069 1708 3140 per
1728 3068 1769 3118 ea
1792 3046 1867 3117 cir-

423 3143 673 3234 cumloquntnr
691 3154 726 3213 et
752 3144 952 3236 intelligunt
973 3146 1018 3215 de
1043 3144 1174 3237 populo
1196 3157 1231 3215 et
1260 3146 1305 3215 de
1331 3165 1441 3235 regno
1467 3145 1743 3215 christianorum
1771 3164 1867 3238 quos

424 3239 625 3330 intelligunt
643 3261 722 3311 esse
739 3239 912 3313 hereticos
933 3236 974 3338 [p
996 3239 1065 3312 t5t
1083 3240 1146 3342 d],
1168 3243 1392 3324 incredulos,
1414 3255 1449 3313 et
1470 3243 1653 3325 inimicos,
1674 3263 1716 3314 ac
1735 3263 1867 3335 perse-

425 3350 565 3409 cutores
583 3359 681 3409 suos.
704 3338 810 3426 ltem,
829 3342 865 3409 in
884 3340 1036 3432 quadam
1060 3341 1220 3412 oratione
1243 3362 1306 3411 sua
1327 3339 1395 3409 alia
1415 3340 1462 3410 ita
1489 3340 1639 3411 dicunt:
1661 3340 1776 3435 Super
1796 3359 1865 3412 nos

425 3447 479 3507 est
497 3435 734 3506 adlevandum
755 3436 864 3507 Deum
884 3459 991 3530 super
1009 3439 1125 3510 omnia
1143 3439 1189 3511 ud
1213 3437 1365 3509 dandam
1387 3437 1664 3530 magnitudinem
1684 3437 1864 3509 creatoris

427 3532 590 3626 principii
603 3536 664 3624 qui
683 3555 752 3605 non
771 3535 853 3605 lecit
868 3557 932 3607 nos
950 3536 1041 3607 sicut
1059 3546 1142 3607 sunt
1160 3546 1283 3629 gentes
1302 3535 1356 3606 vel
1373 3535 1523 3626 gentiles
1540 3547 1712 3606 terrarum
1733 3547 1769 3606 et
1787 3556 1863 3608 nnn

427 3631 544 3723 posuit
561 3652 625 3702 nos
646 3644 782 3724 partem
798 3646 950 3704 nostram
970 3634 1030 3725 qui
1049 3634 1097 3703 illi
1116 3646 1152 3705 et
1168 3646 1301 3704 sortem
1317 3646 1473 3704 nostram
1493 3655 1573 3704 oum
1594 3635 1761 3705 omnibus
1780 3654 1869 3704 con·

427 3728 692 3820 gregationibus
707 3729 864 3820 gentium
880 3732 940 3823 qui
958 3731 1007 3800 illi
1028 3731 1238 3802 inclinantes
1253 3732 1297 3801 ad
1319 3731 1492 3802 vanitates
1510 3731 1705 3802 vanitatum
1723 3742 1759 3802 et
1779 3731 1869 3803 ado·

429 3841 506 3897 rant
524 3826 569 3896 ad
586 3827 694 3896 Deum
717 3848 786 3898 non
807 3828 983 3900 valentem
1005 3851 1119 3922 neque
1137 3829 1351 3918 salvantem3
1370 3850 1478 3922 super
1496 3828 1564 3900 hoc
1582 3850 1766 3922 speramns
1786 3828 1867 3918 tihi,

427 3924 540 4009 Deus,
562 3924 732 3995 Dominus
751 3937 890 4010 noster,
911 3927 955 3997 ad
976 3928 1189 3999 vincendum
1204 3927 1275 3998 cito
1293 3947 1357 3997 seu
1379 3927 1548 3998 velociter
1569 3928 1604 3997 in
1625 3925 1873 4019 pulcritudine

427 4024 569 4092 virtutis
587 4035 645 4092 tue
660 4022 706 4093 ad
722 4025 975 4095 transeundum
994 4024 1047 4095 vel
1066 4024 1315 4119 expellendum
1336 4025 1536 4117 sculptilia,
1555 4025 1590 4095 id
1610 4036 1664 4095 est
1680 4025 1870 4118 ymagines

426 4139 514 4212 quas
534 4119 714 4190 christiani
735 4120 780 4192 de
804 4133 896 4193 terra
916 4122 1064 4194 adorant
1089 4125 1133 4193 ad
1155 4122 1325 4193 bonorem
1351 4121 1493 4208 Christi,
1517 4133 1553 4192 et
1573 4122 1755 4217 ymagines
1781 4122 1869 4192 des-

428 4227 589 4286 truantur
607 4228 642 4288 et
662 4217 840 4289 destructe
865 4231 968 4290 erunt
986 4218 1031 4290 ad
1054 4220 1246 4312 aptandum
1274 4221 1433 4291 seculum
1455 4223 1490 4289 in
1522 4242 1669 4311 regnum
1690 4218 1867 4313 Omnipo-

426 4315 552 4399 lentis,
574 4327 609 4385 et
628 4336 751 4387 omnes
770 4315 834 4385 lilii
852 4319 969 4387 carnis
989 4320 1156 4388 invocant
1175 4319 1211 4386 in
1233 4318 1378 4389 nomine
1398 4334 1458 4389 tuo
1478 4317 1523 4387 ad
1545 4318 1797 4389 revertendum
1819 4317 1868 4388 ad

428 4422 474 4494 te,
496 4433 618 4483 omnes
640 4434 807 4506 perverse
826 4426 917 4486 terre
936 4415 1152 4487 invocabunt
1166 4427 1201 4486 et
1219 4426 1435 4507 cognoscent
1449 4415 1511 4508 qui
1531 4414 1692 4486 habitant
1710 4417 1749 4485 in
1771 4426 1868 4485 terra

427 4509 483 4579 vel
503 4509 538 4578 in
563 4510 744 4595 seculum,
764 4513 930 4604 quoniam
952 4513 1013 4583 tihi
1035 4512 1194 4585 flectetur
1212 4534 1318 4584 omne
1347 4535 1439 4604 genu
1468 4525 1503 4583 et
1528 4514 1644 4584 omnis
1662 4513 1759 4604 linga
1778 4534 1867 4584 con·

421 4606 555 4696 jurabit
573 4628 690 4679 coram
712 4619 746 4680 te
766 4610 822 4681 vel
846 4611 933 4680 lacis
952 4622 1033 4692 tua,
1055 4611 1147 4681 Deus
1168 4623 1306 4696 noster,
1330 4609 1475 4681 flectent
1494 4622 1530 4681 et
1548 4610 1700 4695 cadent,
1718 4611 1869 4701 gloriam

428 4702 561 4774 nomini
581 4716 642 4777 tuo
661 4705 847 4779 karissimo
864 4707 913 4802 (l)
941 4708 1094 4794 dabunt,
1116 4709 1281 4779 restitues
1300 4708 1466 4780 omnibus
1483 4729 1606 4779 eorum
1621 4709 1745 4800 jugum
1768 4709 1869 4800 regni

429 4802 479 4869 tui
500 4813 535 4871 et
555 4803 719 4895 regnabis
737 4826 844 4898 super
863 4826 926 4877 eos
942 4807 1130 4892 velociter,
1147 4807 1273 4898 jugum
1299 4809 1335 4876 in
1360 4817 1582 4899 perpetuum,
1609 4807 1693 4899 quia
1716 4827 1867 4898 regnum

466 5054 502 5120 tl)
523 5055 564 5110 Vel
579 5058 831 5127 rsjvdopsnosrunt
845 5059 918 5116 dans
931 5061 956 5115 le
972 5062 1135 5118 manuscrit
1152 5062 1218 5118 388.

1090 6052 1094 6057 .
1194 5760 1423 6000 fx
