4612 6404
434 656 504 728 258
721 670 883 725 rnrcrtcl
909 672 1149 738 rnoursrrrorus
1177 675 1339 727 asnarius
1366 674 1576 729 emvtrnrts.

432 834 576 918 Parma,
594 831 654 901 ubi
675 833 814 901 tandem
835 831 899 900 luit
918 843 1082 924 tanquam
1103 833 1326 904 heresiarcha
1346 854 1408 926 per
1425 833 1590 925 juditium
1607 831 1762 905 Ecclesie
1780 853 1861 903 con·

340 946 344 954 ·
433 932 644 1022 dempnatus
668 929 797 1021 pariter
823 940 858 999 et
881 930 1105 1017 combustus3
1135 933 1234 1022 cujus
1258 952 1440 1003 successor
1464 932 1498 1000 in
1526 930 1685 1003 doctrina
1709 946 1745 1001 et
1769 940 1862 1002 secta

433 1029 549 1100 extitit
568 1028 711 1120 quidam
738 1028 879 1097 nomine
903 1028 1069 1099 Dulcinns
1095 1029 1341 1116 Novariensis,
1363 1028 1504 1122 spurius
1526 1027 1619 1099 iilius
1647 1028 1861 1113 sacerdotis,

352 1141 356 1153 ’
431 1130 494 1218 qui
519 1136 613 1196 secte
638 1146 702 1195 sue
727 1146 896 1216 sequaces
920 1125 1089 1218 plurimos
1116 1128 1364 1220 congregavit,
1392 1128 1451 1218 qui
1483 1126 1621 1197 tandem
1647 1137 1771 1218 captus
1800 1126 1865 1196 luit

433 1246 511 1295 cum
533 1223 682 1316 quadam
706 1224 847 1293 nomine
871 1222 1059 1315 ¹Margarita
1078 1239 1241 1295 consorte
1260 1247 1323 1296 sua
1344 1226 1378 1295 in
1399 1224 1532 1296 scelere
1555 1238 1589 1295 et
1615 1224 1756 1308 heresi,
1780 1225 1863 1293 luit-

431 1343 501 1414 que
522 1343 583 1413 per
602 1320 765 1410 juditium
786 1321 939 1392 Ecclesie
960 1334 1123 1413 tanquam
1143 1322 1318 1394 hereticus
1338 1344 1416 1393 cum
1439 1322 1593 1416 predicta
1611 1322 1765 1409 heretica
1780 1342 1864 1393 con·

433 1421 642 1512 dempuatus
674 1429 709 1488 et
736 1420 966 1504 combustus,
996 1421 1086 1490 sicut
1112 1423 1147 1488 in
1175 1422 1328 1511 quodam
1357 1431 1503 1491 tractatu
1534 1442 1640 1512 super
1671 1419 1738 1492 hoc
1773 1420 1864 1492 lacto

433 1517 571 1610 plenius
592 1527 788 1586 enarratur.

549 1799 582 1862 2.
607 1800 658 1863 De
681 1800 787 1863 modo
810 1815 880 1879 quo
902 1799 1134 1879 recipiuntur
1155 1802 1202 1864 ad
1224 1809 1362 1865 sectam
1385 1809 1421 1865 st
1443 1802 1608 1866 ordinem
1630 1801 1747 1865 illum.

424 2099 429 2110 ·
483 2071 606 2143 Modus
630 2080 747 2140 autem
769 2070 978 2163 receptionis
998 2093 1069 2162 quo
1096 2071 1297 2162 hujusmodi
1319 2071 1620 2163 pseudoapostoli
1645 2071 1865 2165 recipiuntur

434 2172 478 2243 ad
499 2180 629 2240 sectam
654 2178 688 2238 et
706 2169 866 2238 ordinem
888 2169 984 2237 illum
1007 2170 1084 2239 talis
1108 2191 1187 2240 esse
1206 2170 1352 2257 dicitur,
1371 2173 1462 2239 sicut
1482 2169 1639 2239 habitum
1660 2181 1713 2240 est
1731 2171 1778 2241 ab
1796 2171 1866 2242 ali-

434 2269 563 2363 quibus
582 2265 785 2336 eorumdem
805 2266 839 2334 in
856 2267 985 2357 juditio
1004 2267 1254 2360 deprehensis,
1278 2267 1464 2356 videlicet,
1483 2267 1578 2359 quod
1600 2267 1658 2339 ille
1676 2268 1736 2359 qui
1758 2269 1868 2340 debet

435 2367 622 2459 recipiant
642 2362 797 2456 profiteri
813 2365 909 2432 illum
930 2366 1111 2447 ordinem,
1129 2364 1224 2457 prius
1244 2366 1451 2435 informatur
1467 2387 1529 2458 per
1548 2366 1702 2456 aliquem
1722 2366 1781 2436 vel
1801 2367 1867 2437 ali-

433 2486 522 2557 quos
542 2464 629 2533 alios
649 2461 807 2550 ejusdem
828 2473 922 2531 secte
942 2464 998 2532 vel
1020 2462 1153 2532 ordinis
1170 2464 1215 2532 de
1229 2462 1333 2533 modo
1353 2474 1388 2532 et
1407 2464 1474 2532 ritu
1494 2463 1640 2532 vivendi
1657 2465 1816 2556 ipsorum
1832 2477 1867 2536 et

432 2564 477 2633 de
498 2560 712 2653 perfectione
735 2559 827 2628 illius
847 2559 920 2628 vite
943 2582 1047 2652 quam
1068 2560 1190 2630 dicunt
1217 2583 1294 2631 esse
1312 2560 1560 2654 apostolicam,
1584 2573 1619 2631 et
1639 2563 1868 2654 postmodum

431 2663 466 2729 in
484 2658 601 2749 aliqua
615 2656 762 2726 ecclesia
775 2677 891 2726 coram
905 2656 1023 2750 aliquo
1039 2658 1138 2728 altari
1156 2659 1211 2727 vel
1228 2659 1333 2729 etiam
1351 2659 1385 2727 in
1401 2658 1519 2750 aliqua
1537 2659 1649 2751 platea
1666 2661 1866 2751 cummuni,

432 2755 654 2851 presentibus
674 2754 850 2845 aliquibus
866 2756 1024 2845 ejusdem
1045 2768 1140 2826 secte
1162 2758 1217 2827 vel
1238 2756 1373 2826 ordinis
1392 2756 1448 2825 vel
1472 2751 1512 2853 [p
1531 2756 1598 2824 l39
1614 2752 1651 2853 d]
1669 2758 1775 2828 etiam
1795 2758 1865 2828 ali·

431 2855 560 2948 quibus
582 2852 677 2938 aliis,
701 2851 759 2921 ille
779 2853 878 2922 exuit
897 2874 935 2921 se
954 2854 1118 2925 omnibus
1138 2853 1357 2926 vestimentis
1377 2856 1450 2923 suis
1471 2855 1505 2924 in
1531 2855 1670 2945 signum
1697 2856 1865 2949 expolia-

433 2952 559 3036 tionis,
581 2960 615 3021 et
634 2949 817 3019 renunciat
839 2950 1002 3022 omnibus
1022 2952 1268 3044 que-possidet
1287 2954 1322 3021 in
1348 2954 1486 3041 signum
1508 2953 1735 3044 perfectionis
1751 2973 1869 3023 evan-

431 3051 543 3141 gelice
563 3050 797 3142 paupertatis,
816 3059 851 3118 et
871 3048 905 3116 in
923 3049 1029 3119 corde
1048 3070 1113 3119 suo
1133 3049 1214 3119 lacit
1230 3060 1350 3119 votum
1371 3049 1443 3120 Deo
1462 3049 1557 3140 quod
1578 3050 1745 3143 deinceps
1766 3051 1872 3122 vivet

432 3150 466 3216 in
486 3156 691 3239 paupertate
711 3147 936 3237 evangelica3
954 3159 1052 3222 etex
1075 3158 1156 3216 tunc
1172 3168 1242 3217 non
1263 3146 1370 3217 debet
1390 3148 1546 3240 recipere
1562 3149 1782 3240 peccuniam,
1801 3169 1871 3219 nec

432 3244 585 3329 habere,
609 3263 673 3313 nec
692 3253 853 3335 portare,
871 3255 925 3312 set
948 3245 1055 3314 debet
1077 3249 1201 3314 vivere
1221 3246 1265 3314 de
1289 3245 1582 3336 elemosinisque
1606 3245 1672 3315 sibi
1693 3249 1804 3337 gratis
1832 3256 1873 3317 et

432 3352 559 3434 sponte
588 3341 632 3412 ab
660 3341 738 3411 aliis
767 3342 980 3425 offerentur,
1009 3341 1115 3412 nichil
1136 3342 1171 3411 in
1200 3342 1392 3412 crastinum
1414 3344 1644 3414 reservando.
1667 3343 1772 3425 item,
1797 3365 1870 3415 nou
1898 3375 1902 3386 ·

433 3439 605 3534 promittit
624 3438 861 3509 obedientiam
881 3438 985 3509 alicui
1007 3437 1140 3510 homini
1163 3439 1299 3510 mortali
1320 3452 1374 3510 set
1393 3441 1457 3510 soli
1478 3441 1572 3524 Deo,
1594 3452 1691 3511 etex
1712 3453 1797 3512 tunc
1814 3463 1872 3512 re·

434 3548 535 3631 putat
555 3558 595 3607 se
614 3556 694 3607 esse
713 3537 748 3604 in
769 3546 861 3605 statu
877 3537 1066 3629 apostolice
1084 3547 1119 3607 et
1138 3536 1340 3628 evangelice
1356 3538 1569 3631 paupertatis
1589 3550 1624 3608 et
1640 3538 1871 3631 perfectionis

434 3646 470 3706 et
485 3635 549 3707 soli
569 3636 642 3704 Deo
668 3646 701 3703 et
727 3634 812 3702 nulli
832 3634 964 3704 homini
985 3657 1063 3705 esse
1081 3636 1300 3725 subjectum,
1322 3635 1412 3705 sicut
1435 3633 1578 3705 luerunt
1600 3635 1752 3729 apostoli
1773 3638 1865 3709 sub-

432 3733 514 3823 jecti
532 3731 690 3818 Christo,
715 3742 749 3801 et
769 3731 856 3801 nulli
877 3731 950 3801 alii.

772 4013 806 4076 3.
831 4014 1005 4093 Sequitur
1026 4013 1070 4077 do
1091 4015 1276 4078 erroribus
1297 4015 1392 4079 dicte
1415 4026 1527 4113 secta

483 4279 685 4373 Apostolice
710 4303 772 4352 seu
801 4282 910 4372 magis
929 4284 1120 4375 apostatice
1140 4295 1175 4352 et
1193 4282 1345 4354 heretice
1367 4296 1462 4355 secte
1481 4286 1639 4378 predicte
1666 4286 1764 4356 devii
1785 4309 1868 4359 sec-

436 4389 566 4448 tatores
587 4379 622 4447 in
643 4380 763 4472 primis
783 4380 931 4449 latenter
951 4380 1299 4470 dogmatizaverunt,
1320 4394 1354 4451 et
1377 4381 1494 4452 adhuc
1513 4384 1641 4475 quibus
1670 4394 1705 4453 ct
1724 4385 1871 4476 quando

435 4486 470 4546 et
497 4476 554 4545 ubi
576 4489 722 4569 possunt
748 4478 914 4547 latentius
933 4490 968 4547 ct
994 4476 1162 4548 secretius
1195 4477 1432 4567 dogmatizant
1457 4480 1552 4571 quod
1583 4492 1654 4552 tota
1676 4483 1871 4554 auctoritas

434 4594 455 4643 a
475 4573 623 4644 Domino
641 4574 747 4644 ihesu
762 4574 898 4645 Christo
912 4575 1036 4645 collata
1052 4574 1186 4643 dudum
1203 4574 1356 4646 Ecclesie
1371 4577 1526 4647 Romane
1544 4590 1598 4648 est
1617 4580 1763 4650 omnino
1783 4601 1870 4652 eva·

436 4681 537 4740 cuata
557 4672 675 4761 etjam
696 4672 848 4742 cessavit
865 4684 1008 4764 propter
1028 4671 1200 4742 maliciam
1223 4675 1446 4764 prelatorum.
1466 4674 1574 4760 item,
1595 4677 1691 4767 quod
1712 4676 1870 4750 Ecclesia

435 4767 605 4857 Romana,
623 4790 727 4860 quam
744 4780 864 4839 tenent
880 4789 967 4860 papa
988 4781 1023 4838 et
1039 4769 1235 4840 cardinales
1255 4782 1291 4840 et
1307 4771 1431 4862 prelati
1449 4782 1484 4843 et
1503 4772 1622 4843 clerici
1640 4786 1675 4844 et
1695 4775 1869 4866 religiosi,

437 4884 508 4932 non
525 4877 578 4935 est
594 4865 740 4936 ecclesia
759 4866 842 4945 Dei,
860 4876 914 4934 set
934 4866 1119 4958 reprobata
1138 4866 1284 4935 ecclesia
1303 4868 1379 4936 sine
1399 4868 1527 4938 lructu.
1550 4870 1656 4954 item,
1683 4873 1781 4963 quod
1808 4872 1870 4944 Ec·
1945 4953 1954 4966 ,

439 4959 545 5029 clesia
564 4962 716 5033 Romana
734 4974 787 5033 est
806 4961 864 5030 illa
883 4961 1028 5031 Babilon
1055 4964 1222 5031 meretrix
1241 4982 1367 5051 magua
1385 4963 1431 5032 de
1449 4986 1519 5056 qua
1544 4968 1668 5038 scribit
1687 4969 1870 5041 Iohannes
1946 5041 1948 5045 .

437 5077 459 5122 n
481 5056 708 5151 Apocalipsi,
730 5080 799 5150 que
815 5057 1062 5150 apostatavita
1082 5055 1151 5125 lide
1168 5056 1307 5125 Christi.
1328 5057 1435 5143 Item,
1454 5063 1550 5153 quod
1571 5075 1643 5135 tota
1663 5067 1724 5137 illa
1744 5081 1868 5160 potes·
