4574 6404
432 647 498 717 tta
714 665 877 719 annerici
904 668 1145 733 iuoursrrrours
1172 669 1335 723 usuarios
1361 671 1573 723 anavirarrs.

429 827 501 897 lare
527 824 756 910 demonibus,
786 824 846 893 uni
875 825 930 894 vel
959 826 1119 919 pluribus
1129 881 1138 916 ,
1172 849 1235 898 seu
1263 828 1314 899 eis
1340 828 1510 898 bonorem
1540 840 1600 898 ant
1625 830 1866 917 reverentiam

428 922 643 995 adorationis
664 920 722 990 uni
742 920 807 992 soli
828 942 915 992 vero
935 922 1007 994 Deo
1026 925 1181 995 debitam
1203 923 1387 1012 exhibere,
1410 937 1496 1012 etc,
1515 938 1688 1019 utsupra.
1712 927 1864 1014 Idcirco,

428 1043 493 1092 nos
513 1019 635 1113 prelati
657 1019 883 1110 inquisitores
901 1030 936 1089 et
951 1021 1074 1091 vicarii
1094 1022 1288 1114 predictum
1306 1022 1409 1093 talem
1429 1023 1472 1095 N.
1494 1044 1589 1093 nunc
1608 1023 1738 1094 saniori
1756 1035 1863 1095 uten-

429 1130 497 1189 tem
518 1116 665 1188 consilio
691 1116 905 1209 penitentem
924 1129 959 1187 et
980 1119 1097 1191 redire
1114 1120 1311 1204 volentem,
1332 1130 1436 1212 prout
1464 1121 1611 1208 asserit,
1638 1122 1682 1191 ad
1706 1120 1865 1194 Ecclesia

428 1215 612 1299 unitatem,
628 1225 713 1302 etc,
730 1224 766 1282 nt
785 1235 905 1309 supra,
924 1237 1031 1309 usquc
1047 1215 1096 1285 ibi
1115 1242 1126 1285 :
1145 1217 1179 1286 in
1198 1217 1349 1287 eundem
1369 1218 1471 1288 talem
1490 1219 1531 1287 N.
1551 1219 1761 1288 sententiam
1782 1220 1866 1289 leri·

428 1334 505 1382 mus
526 1312 560 1381 in
582 1311 650 1381 biis
669 1312 826 1405 scriptis,
848 1318 880 1381 et
898 1310 1041 1383 dicotur
1059 1314 1111 1384 sic
1131 1342 1142 1383 .·
1163 1314 1312 1384 dicimus
1332 1325 1367 1385 et
1387 1337 1448 1408 per
1473 1313 1696 1386 diffinitivam
1721 1328 1865 1387 senten·

428 1411 510 1480 tiam
542 1410 576 1478 in
605 1408 675 1479 biis
707 1410 929 1501 presentibus
963 1412 1101 1504 scriptis
1126 1413 1399 1505 pronunciamus
1427 1433 1468 1483 ac
1494 1414 1749 1484 sententialiter
1775 1435 1864 1485 con-

428 1508 660 1601 dempnemus
680 1507 794 1599 ipsum
817 1506 919 1577 talem
940 1509 981 1577 N.
1003 1509 1048 1579 ad
1069 1522 1276 1602 perpetuum
1297 1510 1386 1578 muri
1412 1531 1586 1580 carcerem
1614 1512 1659 1580 ad
1684 1511 1863 1601 agendum

428 1605 557 1675 ibidem
579 1606 645 1676 sub
664 1605 816 1674 vinculis
835 1606 958 1676 ferreis
974 1606 1009 1675 in
1026 1627 1117 1698 pane
1134 1606 1267 1678 doloris
1286 1618 1322 1676 et
1340 1627 1430 1699 aqua
1450 1608 1611 1699 angustie
1631 1608 1863 1701 penitentiam

428 1723 491 1796 pro
508 1703 718 1789 commissis,
737 1702 957 1774 declarantes
970 1715 1005 1773 et
1024 1705 1297 1797 pronunciantes
1316 1704 1579 1788 nichilominus,
1599 1717 1770 1796 quantum
1784 1727 1864 1777 nos·

429 1812 480 1870 tra
501 1801 647 1872 interest
662 1803 696 1870 iu
717 1799 782 1872 bac
801 1813 912 1894 parte,
932 1813 1053 1873 contra
1073 1803 1225 1872 eundem
1242 1802 1346 1873 talem
1366 1803 1408 1871 Ν.
1430 1806 1508 1873 esse
1524 1803 1787 1895 procedendum
1808 1803 1863 1873 ul·

430 1899 538 1969 terius
560 1919 623 1992 per
643 1899 846 1992 episcopum
866 1899 1052 1970 habentem
1073 1921 1180 1993 snper
1206 1900 1272 1971 boc
1291 1910 1498 1992 potestatem
1529 1902 1573 1970 ad
1602 1899 1862 1992 depositionem

428 2007 462 2065 et
482 1995 769 2088 degradationem
798 1998 955 2087 ejusdem
982 2018 1002 2067 a
1030 1998 1239 2068 sacerdotali
1265 2008 1300 2067 et
1328 1997 1580 2089 alioquolibet
1606 1998 1730 2068 ordine
1754 2008 1790 2068 et
1815 1998 1864 2069 ad

428 2095 663 2185 privationem
685 2097 731 2165 ab
751 2095 846 2166 omni
866 2096 1043 2183 clericali,
1063 2096 1211 2181 bonore,
1235 2095 1354 2165 babitu
1375 2107 1411 2165 et
1431 2095 1614 2187 privilegio
1633 2115 1673 2164 ac
1693 2107 1861 2184 tonsura,

431 2189 471 2289 [l0
493 2192 539 2260 85
558 2188 591 2290 c]
613 2193 649 2263 in
670 2194 781 2263 lorma
797 2216 815 2264 a
827 2193 909 2282 jure
929 2193 1054 2264 tradita
1072 2192 1266 2264 secundum
1287 2192 1473 2263 canonicas
1488 2192 1706 2280 sanctiones3
1729 2203 1863 2284 portet·

427 2311 497 2382 que
524 2303 694 2384 perpetuo
717 2294 753 2359 in
776 2292 870 2362 omni
902 2302 1001 2362 veste
1030 2312 1093 2362 sua
1122 2290 1295 2384 superiori
1322 2289 1410 2361 duas
1439 2290 1622 2383 ymagines
1645 2310 1708 2359 seu
1728 2287 1863 2379 figuras

426 2391 630 2482 ymaginum
651 2388 696 2458 de
715 2388 807 2460 filtro
825 2390 939 2460 crocei
961 2390 1089 2461 coloris
1109 2399 1190 2459 ante
1210 2401 1332 2482 pectus
1351 2399 1387 2458 et
1406 2388 1494 2458 duas
1514 2400 1608 2458 retro
1626 2388 1717 2456 inter
1735 2397 1858 2479 spatu-

425 2487 477 2558 las
502 2486 763 2579 dependentes,
799 2490 877 2558 sine
901 2488 1030 2579 quibus
1066 2487 1319 2580 apparentibus
1351 2486 1442 2556 iutra
1475 2484 1531 2555 vel
1554 2497 1654 2556 extra
1682 2505 1861 2555 carcerem

426 2584 593 2677 deinceps
613 2604 683 2654 non
705 2585 864 2672 incedat,
897 2584 932 2655 in
952 2585 1222 2655 detestationem
1250 2583 1413 2653 factionis
1434 2583 1556 2653 talium
1576 2583 1804 2677 ymaginum,
1827 2592 1862 2653 et

426 2693 463 2751 nt
480 2682 525 2751 sit
544 2681 575 2752 ei
601 2683 636 2751 in
657 2682 818 2753 velamen
839 2692 874 2752 et
890 2682 1132 2753 conlusionem
1152 2682 1379 2765 occulorum,
1407 2695 1442 2750 et
1467 2680 1546 2750 aliis
1580 2680 1614 2749 in
1638 2680 1859 2772 exemplum.

424 2778 606 2850 Monemus
626 2788 741 2850 autem
763 2779 877 2873 ipsum
898 2780 1001 2850 talem
1024 2780 1065 2852 N.
1088 2791 1173 2867 etc,
1194 2790 1371 2870 utsupra,
1397 2799 1508 2870 usque
1531 2780 1567 2846 in
1588 2776 1707 2846 finem.

423 3032 483 3096 41.
509 3034 641 3098 Forma
656 3035 838 3098 sententie
853 3034 1131 3110 degradationis
1146 3032 1456 3127 etinmurationis
1476 3039 1605 3096 contra
1622 3031 1782 3112 aliquem
1801 3048 1861 3095 sa-

465 3142 648 3204 cerdotem
663 3141 953 3221 rebaptizantem
969 3141 1138 3205 homines
1155 3142 1225 3204 rite
1247 3142 1349 3220 prius
1365 3140 1404 3203 in
1425 3138 1542 3203 forma
1560 3139 1725 3203 Ecclesia
1740 3138 1861 3218 bapti·

464 3256 576 3311 zatos.

475 3467 510 3535 ln
532 3469 674 3537 nomine
700 3465 862 3552 Domini,
894 3486 1011 3536 amen.
1035 3465 1208 3548 Quoniam
1228 3484 1292 3535 nos
1315 3463 1393 3532 talis
1420 3462 1605 3556 episcopus
1627 3483 1688 3554 per
1707 3461 1860 3552 inquisi-

427 3565 556 3635 tionem
586 3565 710 3634 lactam
739 3585 802 3657 per
829 3583 893 3633 nos
918 3563 1130 3654 generaliter
1156 3572 1276 3633 contra
1304 3581 1426 3631 omues
1451 3557 1650 3646 maleficos,
1671 3558 1860 3650 sortilegos
1919 3638 1922 3644 ,

430 3674 464 3731 et
484 3662 647 3747 divinos,
667 3675 703 3730 et
722 3671 843 3732 contra
860 3661 1078 3753 baptizantes
1095 3660 1276 3754 ymagines
1291 3679 1353 3728 sou
1370 3678 1425 3727 res
1441 3659 1670 3742 inanimatas,
1692 3677 1755 3726 seu
1774 3676 1862 3727 con·

427 3770 476 3828 tra
499 3759 755 3851 rebaptizantes
775 3758 936 3828 homines
953 3759 1164 3851 baptizatos,
1182 3757 1402 3840 invenimus,
1420 3775 1557 3824 necnon
1577 3774 1640 3846 per
1660 3753 1858 3825 confessio·

426 3878 505 3927 nem
524 3857 602 3927 talis
615 3857 657 3926 N·.
672 3856 858 3950 presbiteri
877 3868 911 3927 et
932 3856 1078 3927 rectoris
1097 3855 1175 3924 talis
1195 3853 1343 3924 ecclesie
1358 3853 1484 3923 laetam
1500 3856 1536 3920 in
1553 3851 1684 3942 juditio
1702 3851 1860 3941 legitime

425 3952 687 4040 nobisconstat,
703 3953 799 4045 quod
814 3955 928 4024 dictus
944 3954 1076 4025 talisN.
1088 3951 1320 4044 rebaptizavit
1335 3949 1455 4043 plures
1470 3949 1631 4019 homines
1642 3959 1678 4018 et
1691 3948 1860 4020 mulieres

424 4052 522 4145 prius
540 4055 605 4124 rite
621 4054 657 4122 in
673 4053 783 4124 forma
799 4051 952 4122 Ecclesie
970 4053 1185 4144 baptizatos,
1206 4049 1242 4118 in
1258 4048 1413 4118 diversis
1429 4047 1568 4118 vicibus
1583 4057 1619 4116 et
1637 4045 1860 4137 temporibus

424 4150 583 4241 pluribus
602 4151 761 4243 personis
785 4149 1053 4235 assistentibus;
1074 4148 1108 4217 in
1130 4145 1383 4240 rebaptizando
1403 4156 1522 4215 autem
1547 4143 1690 4213 modum
1717 4145 1780 4234 qui
1798 4164 1859 4214 se-

423 4247 543 4336 quitur
560 4249 771 4319 observabat
786 4246 841 4338 (in
855 4247 917 4316 isto
931 4246 1003 4318 loco
1016 4245 1248 4340 exprimatur
1266 4242 1410 4329 rituset
1429 4241 1554 4311 cardus
1571 4240 1630 4309 sub
1649 4239 1860 4334 compendio

426 4339 466 4439 [l⁰
486 4345 531 4412 85
551 4342 588 4442 d]
609 4345 845 4439 singillatim).
865 4344 935 4416 Nos
958 4364 1044 4415 vero
1063 4344 1249 4436 episcopus
1274 4339 1474 4410 antedictus
1493 4359 1601 4430 snper
1622 4337 1778 4430 predicta
1800 4359 1860 4408 re·

412 4443 656 4536 baptizatione
674 4443 857 4514 bominum
877 4443 966 4513 lacta
987 4462 1049 4533 per
1068 4438 1219 4510 eundem
1235 4438 1471 4532 presbiterum
1493 4445 1528 4506 et
1547 4444 1721 4505 rectorem
1742 4434 1860 4507 multo

422 4551 580 4632 tempore
599 4563 678 4611 cum
697 4544 767 4611 ritu
789 4560 882 4611 novo
899 4560 940 4609 ac
957 4538 1227 4630 supersticioso,
1249 4535 1340 4605 sicut
1361 4533 1596 4627 premittitur,
1622 4531 1861 4621 castigatione

421 4650 456 4708 et
475 4638 576 4730 penis
591 4660 632 4709 ac
654 4639 767 4710 modis
786 4637 914 4708 debitis
933 4635 1111 4729 punienda
1134 4646 1208 4706 eta
1235 4629 1365 4702 linibus
1392 4629 1551 4701 fidelium
1581 4630 1721 4722 penitus
1742 4632 1858 4707 extir-

422 4737 550 4827 panda,
572 4738 671 4830 plura
691 4747 726 4808 et
743 4736 874 4830 pluries
894 4733 1081 4804 habuimus
1101 4743 1235 4802 matura
1255 4729 1402 4801 consilia
1418 4750 1503 4810 ,cum
1526 4727 1644 4797 multis
1662 4725 1750 4796 viris
1770 4725 1858 4796 reli-

422 4834 529 4923 giosis
550 4835 584 4903 io
601 4855 699 4907 sacra
714 4834 843 4928 pagina
862 4831 1009 4903 eruditis
1024 4850 1065 4901 ac
1084 4829 1188 4900 etiam
1207 4850 1286 4898 cum
1299 4827 1521 4919 sapientibus
1537 4835 1572 4896 et
1587 4823 1709 4916 peritis
1724 4825 1760 4890 in
1773 4823 1859 4914 Jure

422 4932 592 5002 canonico
611 4943 646 5003 et
672 4933 783 5002 civili.
814 4930 948 5013 Quibus
974 4929 1009 4998 in
1035 4948 1144 4997 unum
1170 4924 1415 5018 congregatis,
1444 4923 1632 4994 collatione
1659 4940 1767 5011 snper
1788 4919 1859 4993 boo

422 5027 540 5098 babila
558 5029 718 5120 diligenti
728 5058 743 5116 ,·
760 5028 877 5098 multis
897 5048 943 5098 ex
963 5026 1013 5097 eis
1037 5026 1153 5097 visum
1171 5022 1338 5116 estquod
1362 5022 1580 5115 rebaptizare
1600 5017 1780 5089 bominem
1801 5039 1859 5089 se·

1115 5844 1348 6028 A
