4612 6404
431 657 502 726 538
716 670 878 724 runcum
903 670 1145 737 mumsrrrorns
1171 672 1334 726 marren
1359 672 1573 725 nmrrrnrrs.

434 835 581 905 latorum
614 831 767 901 suntad
800 828 881 901 fidei
920 830 1092 902 catholice
1123 832 1386 902 detrimentum.
1421 831 1521 913 Item,
1553 834 1652 924 quod
1680 833 1772 926 layci
1800 854 1865 906 non

433 943 625 1011 tenentur,
670 950 734 998 nec
776 929 906 998 debent
942 928 1027 999 dare
1064 930 1219 1000 decimas
1253 930 1359 999 alicui
1401 929 1575 999 sacerdoti
1622 952 1687 1000 seu
1738 931 1874 1024 prelato.

436 1026 478 1124 [p
500 1026 568 1098 482
587 1024 623 1124 d]
645 1027 799 1098 Romane
817 1025 991 1113 Ecclesie,
1018 1029 1077 1119 qni
1096 1049 1165 1098 non
1184 1028 1228 1097 sit
1250 1029 1283 1095 in
1304 1038 1398 1096 tanta
1423 1026 1640 1118 perfectione
1659 1040 1696 1099 et
1717 1029 1754 1096 in
1776 1040 1868 1100 tanta

433 1137 637 1221 paupertate
659 1126 693 1194 in
720 1136 849 1214 quanta
874 1126 1016 1195 luerunt
1039 1126 1141 1220 primi
1167 1126 1339 1218 apostoli;
1366 1137 1402 1195 et
1424 1123 1504 1196 ideo
1529 1125 1655 1195 dicunt
1681 1127 1782 1218 quud
1809 1129 1868 1198 de·

431 1229 522 1295 cirne
547 1246 615 1293 non
649 1224 780 1293 debent
805 1222 879 1290 dari
913 1223 979 1292 nisi
1007 1224 1106 1316 ipsis,
1135 1224 1195 1315 qui
1223 1224 1388 1294 dicuutur
1411 1221 1570 1313 Apostoli
1597 1236 1634 1293 et
1667 1235 1755 1294 sunt
1785 1245 1869 1319 pan·

432 1343 533 1415 peres
553 1321 692 1391 Christi.
726 1320 832 1399 Item,
864 1322 958 1412 quod
994 1322 1142 1412 quilibet
1175 1321 1280 1414 bnjns
1305 1334 1342 1391 et
1365 1321 1521 1412 quelibet
1551 1322 1680 1390 mulier
1708 1323 1797 1392 nudi
1824 1322 1871 1392 si·

432 1420 503 1490 mul
534 1420 668 1511 possint
692 1419 784 1487 licite
805 1419 924 1506 jacere
952 1422 988 1488 in
1013 1420 1139 1489 eodem
1166 1421 1256 1489 lecto
1282 1431 1318 1488 et
1342 1419 1435 1488 licite
1462 1431 1606 1510 tangere
1631 1433 1760 1490 mutuo
1781 1442 1872 1493 unos

430 1519 577 1589 alterum
601 1518 635 1585 in
656 1517 751 1588 omni
772 1526 870 1609 parte
888 1518 943 1586 sni
963 1529 1000 1586 et
1018 1516 1169 1587 osculari
1194 1517 1404 1587 seinvicem
1425 1517 1503 1586 sine
1522 1517 1619 1588 omni
1641 1530 1815 1610 peccato;
1835 1529 1872 1589 et

431 1617 525 1709 quod
543 1617 757 1706 conjungere
777 1626 936 1684 ventrem
956 1637 1059 1684 sunm
1080 1637 1159 1685 cum
1181 1626 1306 1685 ventre
1326 1614 1483 1684 molieris
1500 1614 1545 1683 ad
1565 1615 1718 1699 nudum,
1741 1617 1772 1687 si
1793 1618 1873 1710 quis

303 1716 306 1721 '
430 1715 629 1784 stimuletur
647 1712 847 1795 carnaliter,
868 1724 905 1782 ut
923 1724 1037 1783 cesset
1046 1713 1242 1804 temptatio,
1263 1735 1331 1783 non
1351 1725 1405 1782 est
1422 1725 1626 1804 peccatum
1649 1715 1753 1798 item,
1771 1715 1873 1807 qnod

426 1814 545 1903 jacere
571 1832 649 1880 cnm
678 1810 825 1880 muliere
847 1822 882 1879 et
909 1833 979 1880 nou
1001 1811 1219 1880 commisceri
1248 1833 1293 1881 ex
1318 1810 1524 1881 carnalitate
1546 1812 1659 1899 majus
1680 1824 1737 1882 est
1762 1833 1872 1906 quarn

431 1910 643 1979 resuscitare
655 1919 844 1977 mortuum.
859 1909 957 1992 bem,
973 1911 1067 2001 quod
1083 1908 1349 2002 perlectiorvita
1365 1908 1553 1978 estvivere
1568 1909 1646 1979 sine
1663 1921 1751 1981 voto
1764 1932 1874 2002 quam

430 2030 509 2078 cum
538 2019 636 2078 voto.
663 2007 762 2088 ltem,
792 2005 886 2096 quod
915 2007 1062 2076 ecclesia
1089 2018 1291 2076 consecrata
1311 2028 1380 2076 non
1402 2006 1479 2099 plus
1505 2006 1599 2076 valet
1620 2009 1665 2075 ad
1693 2009 1873 2082 orandum

431 2107 541 2176 Deum
563 2126 667 2196 quam
688 2104 865 2174 stabulum
886 2125 1057 2196 equorum
1080 2104 1136 2172 vel
1157 2125 1357 2194 porcorum.
1380 2105 1486 2183 ltem.
1506 2105 1600 2196 quod
1621 2105 1668 2174 ita
1691 2107 1786 2176 bene
1807 2127 1874 2200 po·

432 2215 500 2274 test
525 2202 664 2273 adorari
694 2202 850 2271 Christus
871 2203 905 2270 in
930 2203 1155 2289 nemoribus,
1177 2206 1268 2271 sicut
1288 2203 1322 2270 in
1344 2202 1501 2272 ecclesiis
1521 2203 1577 2271 vel
1601 2204 1744 2274 melius.
1768 2204 1874 2293 Item,

430 2302 526 2395 qnod
548 2322 611 2392 pro
632 2300 727 2369 nulla
747 2320 851 2369 cansa
874 2321 938 2370 nec
957 2301 991 2369 in
1010 2301 1129 2391 aliquo
1148 2320 1232 2370 casu
1252 2299 1358 2370 debet
1379 2299 1483 2370 bomo
1496 2301 1618 2389 jurare
1636 2301 1703 2371 nisi
1728 2323 1796 2394 pro
1814 2324 1876 2372 ar-

433 2400 547 2469 ticulis
567 2396 648 2468 fidei
669 2398 725 2468 vel
747 2398 920 2489 preceptis
939 2398 1023 2481 Dei,
1047 2410 1083 2467 et
1101 2399 1219 2467 omnia
1238 2398 1307 2467 alia
1328 2410 1442 2489 potest
1460 2398 1596 2484 celare;
1619 2411 1655 2467 et
1674 2412 1875 2491 qnantum·

432 2518 585 2588 cumque
604 2497 725 2586 jurent
751 2496 870 2565 dicere
895 2499 1080 2565 veritatem
1102 2516 1219 2565 coram
1246 2495 1388 2587 prelatis
1414 2517 1477 2565 sen
1503 2496 1779 2587 inquisitoribus
1803 2520 1876 2570 non

435 2607 598 2667 tenentur
618 2593 833 2686 respondere
853 2593 897 2663 de
913 2596 1032 2685 aliquo
1051 2594 1121 2663 alio
1137 2614 1202 2662 nec
1221 2594 1380 2663 revelare
1395 2594 1589 2663 doctrinam
1608 2614 1709 2663 suam
1731 2617 1800 2666 seu
1820 2617 1877 2668 er·

431 2715 529 2765 rores
548 2714 655 2784 snos,
677 2713 741 2777 nec
762 2702 926 2761 tenentur
944 2691 1136 2762 defendere
1157 2690 1291 2775 verbo,
1313 2702 1367 2761 set
1385 2713 1525 2783 semper
1543 2691 1650 2762 corde
1672 2704 1814 2765 tenere.
1838 2693 1879 2764 Si

431 2803 549 2861 tamen
566 2792 741 2881 coguntur
752 2791 873 2879 jurare
892 2802 986 2860 metu
1006 2791 1150 2875 mortis,
1172 2792 1208 2857 in
1225 2809 1269 2859 en
1284 2810 1367 2858 casu
1388 2790 1519 2859 debent
1535 2792 1656 2880 jurare
1676 2791 1793 2862 verbo
1810 2813 1877 2863 seu

430 2911 520 2959 voce
537 2889 649 2957 solum
668 2901 703 2958 et
722 2889 757 2955 in
780 2898 896 2958 mente
915 2889 1066 2957 retinere
1086 2886 1181 2978 qnod
1203 2887 1236 2954 in
1255 2887 1352 2957 nullo
1373 2898 1559 2957 teneantur
1576 2889 1798 2978 respondere
1815 2911 1877 2962 ve·

431 2988 568 3057 ritatem
591 2986 657 3054 nisi
677 2986 721 3055 de
743 2985 811 3054 biis
831 3006 900 3077 que
920 2985 1111 3054 verbaliter
1128 2984 1356 3054 continentur
1376 2985 1412 3054 in
1432 2986 1589 3055 articulis
1608 2983 1692 3056 fidei
1711 2988 1773 3056 vel
1795 3011 1877 3081 pre·

429 3086 558 3176 ceptis;
577 3086 654 3151 etsi
670 3083 808 3152 dealiis
826 3083 1050 3173 requirantur
1072 3076 1112 3177 [l0
1134 3081 1202 3149 taa
1220 3078 1272 3179 a]‚
1296 3082 1376 3153 licet
1395 3087 1446 3153 eis
1464 3083 1541 3152 sine
1562 3096 1708 3174 peccato
1729 3086 1877 3157 mentiri

432 3195 467 3252 ει
494 3181 677 3250 veritatem
702 3201 767 3250 sue
798 3191 895 3250 secte
923 3200 1052 3271 negare
1078 3201 1159 3262 ore,
1190 3181 1273 3248 dnm
1306 3181 1529 3251 solummodo
1553 3192 1699 3251 teneant
1724 3204 1809 3253 earn
1840 3185 1878 3257 in

429 3279 557 3363 corde,
578 3279 622 3347 ad
649 3278 716 3347 boc
741 3288 779 3346 ut
797 3278 951 3347 evadant
977 3288 1182 3369 potestatem
1202 3277 1471 3368 inquisitorum
1494 3290 1549 3347 set
1568 3279 1702 3349 debent
1722 3303 1878 3376 respon·

432 3377 516 3446 dere
537 3375 744 3460 inficiando,
768 3377 823 3444 vel
850 3376 1013 3467 negando
1037 3397 1100 3444 seu
1126 3374 1325 3467 palliando,
1356 3397 1580 3468 quocumque
1607 3377 1715 3449 modo
1737 3381 1880 3471 possint

431 3476 657 3568 pertransire.
679 3473 713 3542 Si
741 3485 856 3543 tamen
885 3495 954 3544 nnn
985 3485 1131 3566 possunt
1161 3484 1306 3542 mortem
1338 3474 1512 3558 evadere,
1537 3487 1619 3543 tunc
1639 3475 1675 3543 in
1700 3477 1763 3546 tali
1791 3500 1879 3550 casu

431 3583 551 3660 aperte
569 3571 700 3641 debent
719 3570 874 3663 profiteri
893 3586 927 3642 et
946 3572 1139 3641 defendere
1158 3573 1193 3639 in
1214 3572 1379 3640 omnibus
1399 3583 1435 3642 et
1454 3592 1516 3663 per
1535 3573 1653 3643 omnia
1675 3575 1878 3665 predictam

431 3670 625 3740 doctrinam
646 3690 746 3738 suam
768 3681 802 3739 et
823 3671 909 3741 mori
933 3672 967 3738 in
989 3691 1028 3739 ea
1049 3670 1228 3761 pacienter
1246 3681 1281 3738 et
1299 3681 1502 3740 constanter
1524 3683 1560 3741 et
1581 3670 1793 3743 nullatenus
1810 3675 1880 3744 ali·

433 3789 522 3859 quos
543 3767 587 3835 de
606 3766 711 3836 sociis
729 3768 802 3837 suis
824 3768 879 3837 vel
899 3768 1126 3838 credentibus
1146 3766 1317 3837 revelare.

481 3864 658 3933 Prodictos
678 3885 814 3935 errores
841 3880 876 3934 et
900 3866 1072 3958 quosdam
1101 3866 1188 3935 alios
1208 3865 1269 3956 qui
1288 3885 1334 3934 ex
1351 3865 1402 3934 eis
1424 3865 1623 3935 necessario
1643 3868 1880 3938 concludun-

434 3972 508 4045 tur,
534 3973 652 4031 tenent
670 3974 705 4031 et
722 3962 960 4053 dogmatizant
979 3962 1205 4034 credentibus
1222 3963 1321 4046 suiS,
1343 3983 1413 4032 non
1435 3974 1552 4032 tamen
1573 3963 1714 4056 publice
1734 3977 1793 4036 set
1822 3987 1881 4038 se·

430 4073 542 4148 crete3
562 4081 625 4129 nec
639 4080 761 4129 omnes
777 4061 917 4128 insimul
934 4061 1061 4130 docent
1074 4061 1329 4151 setpaulative‚
1349 4060 1454 4130 modo
1471 4083 1595 4146 unum,
1615 4061 1722 4132 modo
1740 4063 1876 4154 alium,

432 4158 537 4228 modo
559 4158 694 4250 plures,
717 4157 808 4227 sicut
832 4157 943 4247 magis
963 4157 1116 4226 viderint
1135 4169 1361 4248 oportunum,
1384 4169 1419 4228 et
1443 4160 1678 4229 communiter
1702 4181 1786 4229 cum
1811 4162 1880 4232 ali·

431 4278 498 4348 qua
515 4255 745 4326 similitudine
762 4255 927 4324 bonitatis
940 4254 1156 4346 velpietatis,
1173 4267 1210 4322 ut
1227 4257 1337 4346 magis
1348 4256 1539 4326 reddantur
1553 4257 1738 4327 credibilia
1758 4259 1879 4331 verba

431 4353 607 4446 ipsorum;
626 4366 661 4424 et
681 4354 834 4423 maxime
855 4353 1060 4444 premittunt
1074 4355 1109 4420 in
1132 4354 1423 4444 persuasionibus
1439 4357 1514 4424 suis
1532 4357 1627 4446 apud
1646 4355 1767 4448 laycos
1788 4379 1878 4451 que·

430 4473 582 4543 cumque
601 4461 747 4543 possunt
767 4451 884 4521 dicere
904 4463 939 4520 et
957 4450 1170 4542 persuadere
1189 4449 1234 4518 de
1255 4451 1343 4518 mala
1365 4452 1436 4520 vita
1459 4453 1673 4543 prelatorum
1693 4463 1730 4521 et
1751 4456 1877 4548 layco-

432 4573 506 4619 rum
528 4561 563 4620 et
581 4537 844 4640 religiosorum,
870 4560 904 4618 et
929 4549 1053 4618 dicunt
1072 4548 1167 4640 quod
1186 4546 1309 4639 prelati
1334 4559 1369 4616 et
1395 4549 1512 4618 clerici
1544 4561 1579 4619 et
1607 4549 1763 4639 religiosi
1794 4572 1878 4644 per·
1940 4571 1947 4582 ·

431 4661 598 4719 secuntur
621 4669 682 4718 eos
701 4669 747 4718 ex
770 4647 903 4716 invidia
923 4669 969 4716 ex
988 4667 1030 4716 eo
1051 4645 1132 4738 qnia
1153 4645 1276 4714 dicunt
1294 4655 1329 4713 et
1348 4644 1477 4715 docent
1494 4647 1697 4716 veritatem.

479 4746 604 4816 Modus
637 4757 753 4816 autem
788 4744 1023 4838 persuadendi
1061 4754 1097 4814 et
1125 4741 1336 4813 informandi
1366 4742 1523 4833 ipsorum
1556 4744 1591 4814 in
1623 4745 1801 4837 principio
1838 4757 1877 4818 et

432 4845 585 4914 maxime
611 4843 771 4936 publice,
792 4842 1025 4914 communiter
1044 4842 1123 4911 talis
1145 4853 1211 4912 est.
1235 4840 1362 4910 Dicunt
1387 4843 1508 4909 enim:
1538 4839 1691 4934 Vipilate
1716 4848 1751 4912 et
1770 4849 1875 4914 orata

430 4940 513 5033 quia
530 4943 592 5011 troc
605 4948 654 5010 est
670 4939 797 5011 bonum
812 4963 886 5034 pro
904 4939 1040 5011 ocimo.
1062 4939 1162 5023 ltem,
1184 4939 1308 5009 dicunt
1325 4935 1442 5007 Pater
1459 4945 1588 5023 noster,
1611 4951 1645 5010 et
1663 4939 1764 5033 Ave,
1785 4941 1873 5013 Ma·

430 5037 509 5130 riu,
527 5051 561 5108 et
578 5036 695 5109 Credo
708 5040 746 5108 in
764 5037 903 5122 Deum5
921 5051 955 5108 et
970 5048 1112 5108 cantant
1125 5037 1243 5107 eundo
1258 5056 1321 5129 per
1338 5029 1380 5137 [p
1397 5032 1464 5103 t83
1481 5032 1518 5134 b]
1536 5037 1652 5124 villas,
1669 5038 1870 5130 aliqnando
