4574 6404
796 570 922 636 quiam
947 570 1042 624 raas.
1566 557 1636 629 505

204 731 428 828 presentibus
447 733 481 799 in
499 733 629 800 vestris
644 730 749 800 scribi
770 730 1022 823 capitularibus
1043 730 1176 799 laciatis
1192 730 1297 799 nullis
1313 730 1396 801 inde
1418 735 1639 825 temporibus·

204 829 396 902 abolendas
412 882 420 913 ,
446 828 607 898 civitates
628 830 682 897 vel
701 827 775 899 loca
795 828 925 919 quibus
942 829 1102 921 preestis,
1125 827 1304 897 districtus
1321 849 1463 920 quoque
1479 851 1541 900 seu
1566 842 1634 901 ter·

205 948 260 999 ras
279 937 399 1013 vestre
419 926 542 997 ditioni
563 926 739 1016 subjectas
756 925 950 996 secundum
966 947 1026 996 eas
1046 926 1091 995 ab
1109 924 1261 995 heretica
1281 919 1321 1021 [l0
1343 924 1411 994 tol
1432 923 1468 1024 b]
1492 928 1636 1000 feditate

204 1025 352 1097 sollicite
375 1025 570 1117 purgaturi.
593 1023 746 1094 Teuores
766 1036 883 1094 autem
904 1024 1021 1115 legum
1043 1023 1195 1116 ipsarum
1217 1023 1266 1092 hii
1287 1036 1369 1092 suot
1388 1023 1454 1115 (l).

251 1121 474 1193 Fredera'cats
499 1122 562 1191 Dei
586 1124 696 1212 gratia
723 1121 959 1192 Romanorum
995 1123 1184 1213 imperator
1208 1131 1243 1191 et
1269 1142 1408 1214 semper
1425 1121 1631 1214 Augustus,

206 1220 420 1292 iherusalem
461 1230 496 1289 et
531 1217 650 1288 Cicilie
687 1240 773 1302 rex,
814 1219 953 1289 dilectis
993 1218 1208 1311 principibus
1243 1218 1335 1302 suis,
1370 1222 1634 1294 venerabilibus

205 1317 477 1411 archiepiscopis
497 1329 531 1386 et
551 1317 726 1409 episcopis
745 1317 895 1407 aliisque
916 1317 1059 1409 prelatis
1076 1317 1323 1401 ecclesiarum,
1351 1316 1520 1405 ducibus,
1544 1340 1634 1389 mar-

205 1414 413 1500 chionibus,
451 1414 661 1500 comitibus,
692 1414 905 1499 baronibus,
942 1414 1195 1506 potestatibus,
1223 1415 1405 1498 sculteris,
1429 1415 1631 1508 baugariis,

205 1513 406 1598 advocatis,
420 1511 620 1603 judicibus,
639 1511 947 1596 ministerialibus,
970 1510 1178 1583 officialibus
1199 1522 1233 1581 el
1252 1513 1416 1583 omuibus
1437 1535 1499 1605 per
1518 1523 1629 1585 totum

205 1610 388 1704 imperium
409 1610 609 1680 constitutis
639 1620 819 1702 presentes
839 1610 971 1679 litteras
993 1609 1223 1703 inspecturis,
1246 1608 1410 1680 fidelibus
1430 1612 1523 1697 suis,
1555 1635 1633 1704 gra·

206 1707 287 1778 liam
308 1728 407 1777 suam
429 1717 464 1776 et
480 1728 585 1778 omne
603 1708 750 1777 bonum.

251 1804 432 1877 Commissi
445 1805 546 1875 uobis
558 1805 682 1875 celitus
700 1826 783 1874 cura
796 1805 977 1896 regiminis
991 1817 1026 1875 et
1042 1805 1247 1898 imperialis,
1267 1807 1337 1890 cui,
1351 1806 1457 1877 dante
1468 1808 1630 1895 Domino,

205 1903 444 1997 presidemus,
468 1903 644 1994 fastigium
669 1903 871 1993 diguitatis,
897 1904 1134 1984 materialem,
1152 1924 1223 1995 quo
1239 1903 1392 1972 divisum
1414 1902 1465 1998 (2)
1482 1927 1501 1974 a
1518 1927 1632 1977 sacer·

206 2001 300 2072 dotio
319 2002 509 2093 fungimur,
532 2001 686 2092 gladium
709 2000 881 2071 adversus
903 1999 1021 2071 bostes
1041 1998 1123 2070 fidei
1144 2012 1179 2071 et
1208 2003 1242 2069 in
1263 2002 1511 2072 exterminium
1534 2004 1633 2075 here-

205 2099 271 2169 tice
289 2100 471 2192 pravitatis
486 2100 634 2188 exigunt
650 2098 888 2171 exercendum
908 2095 976 2192 (3),
998 2109 1037 2168 ut
1055 2097 1201 2192 perfidie
1217 2099 1381 2191 vipereos
1401 2098 1491 2171 lilius
1509 2113 1631 2173 contra

204 2195 312 2268 oeum
340 2206 375 2266 et
403 2195 592 2266 Ecclesiam
623 2196 850 2283 insultantes,
881 2207 1045 2288 tauquam
1071 2197 1225 2267 materni
1251 2197 1340 2266 uteri
1366 2218 1566 2270 corrosores
1596 2201 1630 2271 io

134 2335 137 2338 ⁴
200 2293 330 2383 juditio
350 2306 385 2363 et
395 2292 533 2386 justitia
556 2314 826 2386 persequamur,
848 2292 1025 2366 maleficos
1044 2298 1168 2365 vivere
1186 2315 1255 2366 uon
1280 2295 1437 2387 passuri,
1460 2319 1522 2390 per
1541 2320 1632 2391 quo-

204 2412 279 2461 rum
299 2391 482 2462 scientiam
503 2388 559 2483 (l)
578 2391 805 2461 seducentem
827 2392 980 2462 mundus
1000 2393 1181 2463 seducitur
1198 2391 1274 2489 (5),
1297 2405 1332 2463 et
1353 2395 1450 2486 gregi
1474 2393 1630 2467 fidelium

206 2509 269 2582 per
288 2510 377 2560 oves
399 2488 577 2559 morbidas
597 2489 737 2579 gravior
756 2487 925 2579 inlligitur
943 2490 1155 2583 corruptela.

155 2667 168 2679 ,
251 2585 448 2657 Statuimus
473 2587 615 2678 itaque,
649 2589 862 2657 sanctientes
891 2597 929 2655 ut
953 2587 1118 2671 heretici,
1147 2609 1370 2680 quocumque
1390 2594 1532 2662 nomine
1551 2613 1632 2663 ceu·

205 2694 349 2755 scantur
362 2683 377 2770 ,'
394 2685 609 2775 ubicumque
625 2706 687 2776 per
705 2684 888 2778 imperium
905 2684 1083 2778 dampnati
1107 2680 1148 2780 [ll
1170 2683 1238 2754 tol
1258 2682 1297 2854 cp)
1313 2687 1441 2756 luerint
1457 2689 1502 2758 ab
1521 2690 1635 2761 Eccle-

205 2781 256 2852 sia
284 2796 320 2852 et
346 2782 494 2852 seculari
522 2781 651 2871 juditio
675 2782 862 2872 assignati,
893 2781 1203 2854 animadversione
1229 2784 1273 2854 de
1301 2785 1347 2854 ita
1372 2785 1575 2877 puniantur.
1597 2788 1632 2857 Si

204 2879 263 2971 qui
281 2900 368 2951 vero
382 2883 427 2949 de
444 2880 611 2971 predictis
627 2936 634 2961 ,
653 2891 837 2972 postquam
857 2880 1229 2972 luerintdeprebeusi,
1251 2883 1361 2952 territi
1381 2895 1474 2953 metu
1496 2887 1630 2972 mortis,

204 2977 320 3048 redire
340 2977 519 3048 voluerint
534 2977 578 3046 ad
596 2975 679 3047 fidei
700 2979 891 3060 unitatem,
909 2978 1011 3066 juxta
1031 2979 1218 3049 canonicas
1238 2981 1456 3068 sanctiones,
1474 2982 1518 3052 ad
1530 3004 1634 3074 ageo-

204 3073 283 3145 dam
306 3075 535 3168 penitentiam
558 3075 592 3142 iu
616 3086 822 3167 perpetuum
844 3097 1020 3146 carcerem
1041 3076 1286 3147 detrudantur.

249 3171 431 3260 Preterea‚
454 3173 669 3264 quicumque
685 3171 829 3243 heretici
849 3174 977 3266 reperti
994 3175 1122 3244 luerint
1138 3175 1170 3242 io
1191 3176 1416 3261 civilatibus,
1435 3179 1551 3270 opidis
1569 3202 1632 3251 seu

202 3268 281 3341 aliis
307 3270 393 3342 locis
421 3271 579 3363 imperii,
609 3292 671 3362 per
695 3270 920 3362 inquisitores
953 3272 998 3341 ab
1026 3273 1216 3364 apostolica
1240 3273 1325 3344 sede
1346 3275 1465 3362 datos,
1491 3288 1525 3346 et
1544 3277 1633 3349 alins

203 3366 402 3439 orthodoxe
422 3366 504 3437 fidei
526 3368 717 3450 zelatores,
743 3367 792 3437 bii
820 3369 880 3460 qui
903 3369 1166 3458 juridictionem
1197 3369 1326 3440 ibidem
1352 3373 1561 3466 habuerint,
1586 3376 1630 3445 ad

202 3465 451 3557 inquisitorum
469 3466 662 3536 etaliorum
677 3466 927 3537 catholicorum
944 3469 1099 3536 virorum
1112 3467 1404 3563 insinuationem,
1425 3492 1486 3541 eos
1506 3491 1632 3562 capere

203 3573 410 3649 teneantur,
431 3574 467 3633 et
486 3584 547 3634 eos
567 3575 688 3656 captos
708 3564 838 3633 arctius
866 3562 1063 3649 custodire,
1094 3565 1207 3635 donec
1231 3587 1493 3658 percensuram
1519 3568 1632 3639 eccle-

201 3660 377 3732 siasticam
391 3661 617 3754 dampnatos,
635 3661 851 3752 dampnabili
866 3671 979 3731 morte
992 3661 1138 3753 puniant
1150 3662 1223 3756 (6),
1238 3664 1298 3754 qui
1318 3662 1399 3735 fidei
1413 3677 1629 3737 sacramenta

200 3768 235 3830 et
255 3757 331 3829 vite
350 3759 603 3851 dampnabunt.

245 3855 355 3926 Simili
376 3878 519 3949 quoque
538 3876 627 3950 pena
649 3856 755 3948 plecti
775 3877 961 3926 censemus
980 3877 1117 3942 omnes,
1139 3878 1229 3948 quos
1247 3858 1290 3927 ad
1315 3859 1504 3929 lovendum
1523 3860 1627 3931 bere-

199 3952 347 4024 lioorum
369 3975 525 4026 errorem
555 3954 704 4024 callidus
728 3953 841 4026 hostis
860 3953 1005 4025 suscitat
1037 3953 1253 4041 advocatos,
1278 3957 1335 4026 vel
1367 3969 1465 4049 parat
1491 3958 1630 4031 illicitos

198 4049 423 4140 defensores,
463 4052 616 4122 maxime
650 4074 728 4122 cum
770 4053 904 4122 lacinus
940 4074 1029 4144 quus
1061 4053 1222 4144 inquinat
1259 4065 1382 4145 equat,
1412 4055 1477 4125 nisi
1514 4057 1628 4128 moui-

236 4360 271 4427 tl)
287 4358 326 4414 Le
341 4366 431 4414 statut
446 4359 482 4414 de
498 4358 633 4415 Frederic
648 4359 691 4427 ΙΙ,
708 4360 773 4431 deja
789 4360 900 4431 public,
923 4376 955 4415 se
971 4369 1072 4416 trouve
1092 4362 1164 4416 dans
1188 4360 1288 4428 Perta,
1312 4365 1433 4420 Murrum.
1457 4366 1628 4436 dornoniae,

195 4458 272 4526 nep,
288 4465 307 4511 t.
326 4455 371 4526 ll,
387 4457 520 4513 aaa-3⁴29.

230 4554 271 4625 (i)
286 4557 417 4620 divisim,
435 4554 507 4609 dans
523 4554 615 4610 Pertz.

231 4651 269 4720 (3)
284 4652 464 4708 Bcerendum.
490 4653 560 4707 loid.

231 4750 268 4813 (ll
283 4748 461 4806 Sententiam.
482 4750 551 4806 loto.

234 4848 267 4914 til
284 4848 421 4914 Inficitur.
443 4848 511 4902 ibid.

231 4945 268 5014 (6)
284 4942 439 5002 Perimam.
460 4944 529 5000 loto.
