4574 6404
438 631 483 701 δι
724 651 888 705 annones
914 653 1153 719 ruoursmtuuts
1180 649 1343 707 unnnrtcn
1368 650 1579 704 rasvrrlrts

439 832 503 904 pro
515 815 643 904 primo,
658 812 851 882 secundnm
866 833 950 882 vero
964 833 1024 904 pro
1039 814 1195 883 secundo
1209 824 1244 883 et
1259 813 1419 882 ultimum
1438 831 1500 903 pro
1519 813 1626 881 tercio
1637 823 1673 882 et
1687 813 1871 909 perhemp-

439 911 529 980 torio
561 911 710 979 termino
736 930 776 979 ac
808 912 1000 980 monitione
1030 914 1196 981 canonica
1228 913 1467 1001 assignamus,
1493 911 1528 976 in
1556 908 1703 980 ecclesia
1738 924 1866 1000 vestra,

441 1007 580 1099 publice
597 1006 691 1077 clero
715 1019 751 1076 et
776 1007 906 1099 populo
930 1020 1143 1099 congregato
1166 1008 1298 1078 ibidem
1317 1007 1361 1077 ad
1391 1006 1607 1076 audiendum
1634 1006 1779 1095 divina,
1802 1032 1867 1080 ex-

369 1178 372 1184 ,
439 1106 586 1196 pressim
608 1116 642 1173 et
662 1107 867 1175 nominatim
891 1105 993 1175 talem
1014 1105 1056 1176 N.
1085 1119 1119 1176 et
1149 1106 1251 1176 talem
1273 1105 1313 1176 N.
1341 1103 1504 1174 consules
1525 1104 1813 1200 (exprimantur)
1833 1121 1869 1180 ot

439 1202 650 1292 generaliter
665 1223 787 1272 omues
808 1216 843 1273 et
859 1204 1018 1293 singulos
1039 1205 1083 1273 de
1099 1204 1193 1274 dicto
1208 1203 1286 1273 loco
1306 1202 1367 1272 tali
1386 1223 1447 1272 seu
1469 1201 1650 1294 parrochia
1669 1217 1785 1274 vestra
1806 1209 1866 1298 qui

440 1302 475 1368 in
495 1300 661 1391 predictis
676 1300 868 1393 culpabiles
886 1304 1098 1372 exstiterunt
1111 1313 1172 1372 aut
1190 1313 1285 1384 sunt,
1306 1312 1367 1370 aut
1381 1299 1603 1391 aliquatenus
1616 1304 1867 1373 commiserunt

439 1418 502 1467 sen
521 1397 754 1489 culpabilibus
774 1411 834 1466 aut
853 1399 1152 1470 committentibus
1172 1419 1294 1491 opem,
1317 1399 1493 1483 favorem,
1515 1410 1576 1467 ant
1595 1399 1779 1468 consilium
1805 1404 1867 1470 im-

441 1496 652 1587 penderunt,
670 1497 835 1587 quatinus
855 1497 944 1567 inlra
965 1497 1054 1568 blas.
1074 1498 1152 1568 talis
1172 1499 1303 1566 mensis
1319 1499 1480 1588 proximo
1502 1498 1678 1566 venientis
1699 1519 1864 1590 persona·

439 1593 518 1663 liter
537 1603 572 1661 et
592 1595 826 1686 peremptorie
846 1607 1069 1688 compareant
1086 1617 1202 1667 coram
1223 1595 1339 1671 nobis.
1360 1593 1523 1678 Tholose,
1542 1597 1577 1663 in
1596 1594 1702 1666 domo
1721 1598 1868 1688 inquisi-

439 1693 545 1761 tionis
571 1701 632 1760 nut
663 1691 874 1781 ubicumque
904 1693 1091 1777 luerimus,
1123 1693 1177 1763 vel
1212 1713 1327 1762 coram
1366 1703 1506 1762 tenente
1537 1692 1649 1764 locum
1685 1708 1863 1782 nostrum,

439 1789 724 1878 recognoscendo
742 1801 777 1859 et
794 1787 995 1861 confitendo
1012 1794 1046 1860 iu
1065 1811 1169 1860 causa
1189 1788 1271 1859 fidei
1292 1802 1361 1859 tam
1377 1790 1422 1859 de
1440 1811 1479 1859 se
1496 1811 1600 1881 quam
1618 1791 1662 1862 de
1678 1792 1756 1861 aliis
1773 1795 1865 1864 vivis

438 1905 478 1955 ao
498 1887 672 1956 defunctis
689 1908 796 1979 super
812 1886 1093 1980 quibuscumque
1112 1890 1322 1970 commissis,
1340 1898 1400 1957 aut
1418 1891 1642 1979 perpetratis,
1661 1900 1722 1958 aut
1742 1912 1864 1983 prosn-

438 1986 537 2068 ratis‚
559 1996 619 2053 aut
640 1983 847 2054 machinalis
866 1987 901 2055 iu
923 1987 1162 2079 dispendium,
1184 1986 1474 2077 impedimentum
1494 2007 1557 2055 seu
1577 1981 1617 2083 [l0
1635 1987 1678 2055 t7
1693 1983 1725 2084 c]
1749 1990 1865 2080 preju-

440 2081 569 2151 dicium
599 2084 845 2174 iuquisitorum
871 2106 933 2154 sen
962 2083 1068 2155 ollicii
1095 2087 1334 2175 inquisitionis
1363 2084 1450 2153 labis
1474 2081 1644 2167 heretice,
1672 2085 1862 2176 plenariam

438 2182 645 2265 veritatem,
668 2201 804 2250 necnon
824 2181 869 2249 ad
889 2181 1087 2251 laciendum
1105 2183 1192 2253 alias
1206 2204 1313 2274 super
1327 2183 1508 2274 premissis
1524 2193 1617 2252 et'ea
1639 2185 1864 2274 tangentibus

438 2277 474 2345 in
492 2299 597 2348 causa
616 2276 699 2348 fidei
714 2279 808 2369 quod
825 2279 929 2349 luerit
940 2282 1105 2366 rationis;
1123 2280 1329 2371 alioquinin
1346 2279 1522 2372 predictos
1534 2280 1636 2351 talem
1652 2280 1694 2349 N.
1710 2292 1745 2352 et
1759 2282 1861 2353 talem

437 2373 478 2443 N.
491 2380 655 2468 superius
666 2379 876 2460 nominatos,
888 2400 928 2448 ac
942 2381 1046 2448 etiam
1059 2378 1316 2469 generaliterin
1327 2379 1660 2469 omnesetsingulos
1670 2379 1864 2472 culpabiles

437 2475 473 2542 in
494 2475 661 2566 predictis
678 2496 740 2545 seu
761 2475 880 2568 aliquo
898 2477 1149 2569 predictorum,
1168 2479 1230 2567 qui
1244 2476 1333 2546 inira
1351 2486 1569 2569 pretaxatum
1588 2480 1775 2547 terminum
1792 2500 1862 2551 non

437 2577 600 2644 venerint
614 2596 676 2645 sen
692 2577 954 2666 comparuerint
967 2596 1084 2645 coram
1102 2576 1216 2661 nobis,
1235 2585 1399 2665 tanquam
1417 2577 1690 2647 incontumaces
1705 2579 1742 2646 in
1757 2598 1862 2649 causa

437 2669 520 2742 fidei
542 2685 658 2766 preter
678 2694 786 2765 penas
806 2673 893 2742 alias
911 2685 1032 2744 contra
1050 2673 1172 2744 talasa
1188 2674 1268 2763 jure
1284 2673 1495 2762 generaliter
1510 2674 1762 2768 promulgatas,
1780 2695 1862 2746 nos·

437 2781 489 2839 tra
503 2773 717 2865 competenti
733 2773 925 2842 monitione
941 2774 1124 2865 premissa,
1142 2791 1296 2842 exnunc
1312 2789 1374 2861 pro
1390 2782 1472 2841 tunc
1487 2775 1862 2845 excommunicationis

434 2872 643 2939 sententiam
665 2869 809 2939 ierimus
828 2871 865 2938 in
885 2868 953 2940 biis
980 2871 1140 2963 scriptis,
1159 2869 1355 2939 indicentes
1374 2890 1415 2939 ac
1444 2868 1698 2941 denunciantes
1722 2870 1861 2963 publica

434 2984 480 3034 ex
501 2978 598 3059 parte
619 2977 736 3039 nostra
756 2968 850 3059 quod
868 2968 1097 3060 procedemus
1116 2967 1365 3038 nichilominus
1382 2967 1529 3039 ulterius
1545 2977 1666 3038 contra
1683 2967 1860 3059 predictos

433 3069 597 3156 superius
616 3067 815 3137 nominatos
837 3078 873 3135 et
891 3078 1011 3136 contra
1032 3084 1273 3157 quoscumque
1292 3086 1380 3155 qnos
1404 3064 1598 3157 culpabiles
1617 3068 1860 3138 invenerimus

433 3162 468 3228 in
482 3164 648 3253 predictis
658 3175 821 3254 tauquam
838 3175 958 3234 contra
977 3175 1200 3234 contumaces
1218 3165 1254 3232 in
1272 3183 1376 3233 causa
1394 3160 1491 3249 lidei,
1512 3162 1707 3234 secundnm
1722 3165 1856 3251 stilum,

433 3269 468 3329 st
486 3282 603 3349 usum,
617 3282 658 3331 ac
678 3262 863 3354 privilegia
883 3259 989 3333 officii
1005 3263 1258 3353 inquisitionis,
1282 3275 1385 3353 prout
1403 3272 1438 3331 et
1452 3273 1621 3351 quantum
1635 3262 1696 3351 jus
1716 3273 1752 3333 et
1769 3266 1858 3335 ratio

430 3359 630 3432 suadebunt
641 3358 1042 3453 (vulpotcritmioinssic
1053 3358 1234 3431 concludi:
1248 3359 1405 3450 alioquin
1420 3369 1540 3430 contra
1559 3360 1735 3453 predictos
1752 3360 1856 3431 talem

429 3456 471 3527 N.
493 3470 528 3528 et
548 3458 650 3528 talem
670 3456 712 3526 N.
734 3460 897 3551 superius
917 3461 1134 3544 nominatos,
1156 3478 1197 3527 ac
1221 3460 1326 3528 etiam
1354 3468 1474 3527 contra
1498 3478 1621 3528 omnes
1646 3468 1682 3529 et
1700 3459 1858 3549 singulos

430 3576 673 3648 quoscumque
691 3555 884 3649 culpabiles
906 3559 1147 3627 invenerimus
1165 3558 1200 3624 in
1220 3555 1387 3649 predictis
1404 3566 1465 3625 aut
1480 3556 1599 3646 aliquo
1619 3555 1857 3648 predictorum

429 3657 491 3747 qui
518 3655 608 3724 inira
629 3665 850 3748 pretaxatum
879 3657 1065 3724 terminum
1087 3675 1157 3724 non
1185 3656 1349 3723 venerint
1374 3675 1437 3724 seu
1455 3657 1717 3745 comparuerint
1739 3676 1855 3725 coram

430 3753 532 3822 nobis
552 3752 783 3845 procedemus
814 3752 960 3822 ulterius
989 3764 1152 3846 tanquam
1177 3763 1298 3822 contra
1330 3763 1555 3822 contumaces
1577 3754 1614 3820 in
1641 3772 1746 3822 causa
1774 3751 1857 3825 lidei

430 3872 492 3943 per
511 3851 885 3922 excommunicationis
903 3853 1112 3919 sententiam
1133 3860 1169 3919 et
1189 3869 1297 3942 penus
1316 3848 1423 3934 alias,
1445 3850 1639 3920 secundnm
1660 3850 1798 3935 stilum,
1820 3864 1856 3922 et

400 4038 401 4042 Ἰ
429 3971 550 4035 usum,
572 3969 613 4019 ac
632 3947 817 4042 privilegia
837 3945 944 4018 oliicii
964 3949 1223 4039 inquisitionis,
1246 3959 1348 4039 prout
1367 3957 1401 4016 et
1420 3958 1589 4038 quantum
1613 3941 1653 4042 [p
1677 3947 1720 4015 l7
1741 3944 1778 4045 d]
1796 3949 1856 4040 jus

426 4060 461 4117 et
479 4050 568 4118 ratio
586 4046 816 4135 suadebunt),
836 4056 871 4115 et
889 4048 925 4114 in
946 4047 1085 4136 siguum
1102 4066 1143 4115 ac
1162 4047 1400 4115 testimonium
1415 4048 1545 4137 recepti
1556 4055 1591 4116 et
1607 4045 1772 4137 completi
1793 4067 1855 4138 per

426 4166 487 4216 vos
508 4144 666 4215 mandati
686 4145 795 4213 nostri
817 4142 971 4233 sigillum
994 4154 1149 4213 vestrum
1173 4142 1393 4235 presentibus
1411 4145 1610 4234 apponatis.
1631 4143 1758 4212 Datum
1783 4144 1850 4215 sub

423 4242 540 4334 sigillo
561 4254 695 4327 nostro,
715 4240 877 4325 Tholose,
900 4261 993 4311 anno
1013 4253 1048 4310 et
1067 4240 1125 4310 die
1146 4240 1219 4310 tali.
1241 4240 1390 4310 Reddite
1411 4239 1544 4311 litteras
1566 4243 1739 4333 portitori.

421 4442 480 4507 38.
512 4443 647 4509 Forma
675 4443 862 4507 sentencie
885 4441 1273 4506 excommunicationis
1293 4448 1423 4504 eontra
1442 4456 1618 4521 personas
1636 4457 1724 4521 que,
1741 4458 1852 4507 cano·

459 4552 541 4616 nice
568 4559 603 4614 at
628 4551 870 4631 peremptorie
897 4551 1008 4613 citato
1034 4547 1132 4612 intra
1161 4555 1299 4611 certam
1324 4547 1421 4611 diem
1449 4556 1703 4627 comparerent
1728 4564 1851 4613 coram

458 4658 678 4738 inquisitore
699 4658 746 4722 ad
772 4656 1020 4722 confitendum
1043 4664 1120 4719 tam
1145 4656 1190 4718 de
1213 4670 1251 4717 se
1274 4656 1444 4736 quamde
1462 4655 1548 4718 aliis
1569 4670 1679 4734 snper
1696 4656 1850 4738 impedi-

456 4766 592 4830 mentis
619 4765 733 4829 offloio
762 4765 1017 4845 inquisitionis
1039 4763 1205 4843 prestitis
1229 4763 1433 4842 plenariam
1457 4762 1670 4836 veritatem,
1699 4763 1851 4828 minime

456 4880 759 4953 comparuerunt,
778 4888 845 4937 nec
860 4889 898 4937 se
913 4872 1078 4948 legitime
1096 4881 1376 4934 excusaverunt.

463 5033 582 5106 Frater
619 5035 718 5123 Ber.,
754 5038 941 5128 inquisitor
981 5035 1133 5107 heretice
1172 5037 1377 5127 pravitatis,
1418 5046 1485 5106 etc.
1528 5073 1572 5089 -
1608 5035 1741 5106 Dilecto
1780 5033 1850 5106 sibi
