<?xml version="1.0" encoding="UTF-8"?>
<!DOCTYPE html PUBLIC "-//W3C//DTD XHTML 1.0 Transitional//EN"
    "http://www.w3.org/TR/xhtml1/DTD/xhtml1-transitional.dtd">
<html xmlns="http://www.w3.org/1999/xhtml" xml:lang="en" lang="en">
 <head>
  <title>
</title>
<meta http-equiv="Content-Type" content="text/html;charset=utf-8" />
  <meta name='ocr-system' content='tesseract 3.04.00' />
  <meta name='ocr-capabilities' content='ocr_page ocr_carea ocr_par ocr_line ocrx_word'/>
</head>
<body>
  <div class='ocr_page' id='page_1' title='image "./practicainquisi00douagoog_0276.png"; bbox 0 0 4612 6404; ppageno 0'>
   <div class='ocr_carea' id='block_1_1' title="bbox 429 660 1571 738">
    <p class='ocr_par' dir='ltr' id='par_1_1' title="bbox 429 660 1571 738">
     <span class='ocr_line' id='line_1_1' title="bbox 429 660 1571 738; baseline -0.01 -7"><span class='ocrx_word' id='word_1_1' title='bbox 429 660 500 731; x_wconf 72' lang='lat'><strong>320</strong></span> <span class='ocrx_word' id='word_1_2' title='bbox 717 672 880 726; x_wconf 76' lang='lat' dir='ltr'><strong>rusnrrei</strong></span> <span class='ocrx_word' id='word_1_3' title='bbox 906 671 1145 738; x_wconf 81' lang='lat' dir='ltr'><strong>rnansrrroms</strong></span> <span class='ocrx_word' id='word_1_4' title='bbox 1171 670 1334 722; x_wconf 82' lang='lat' dir='ltr'><strong>unnmrcu</strong></span> <span class='ocrx_word' id='word_1_5' title='bbox 1359 670 1571 722; x_wconf 79' lang='lat' dir='ltr'><strong>rnrvrrarrs.</strong></span> 
     </span>
    </p>
   </div>
   <div class='ocr_carea' id='block_1_2' title="bbox 430 829 1876 5131">
    <p class='ocr_par' dir='ltr' id='par_1_2' title="bbox 433 829 1871 3150">
     <span class='ocr_line' id='line_1_2' title="bbox 433 829 1864 927; baseline -0.006 -20"><span class='ocrx_word' id='word_1_6' title='bbox 433 846 668 927; x_wconf 91' lang='lat' dir='ltr'><strong>oportunum,</strong></span> <span class='ocrx_word' id='word_1_7' title='bbox 687 832 721 900; x_wconf 94' lang='lat' dir='ltr'><strong>in</strong></span> <span class='ocrx_word' id='word_1_8' title='bbox 737 831 1029 902; x_wconf 89' lang='lat' dir='ltr'><strong>christianissimo</strong></span> <span class='ocrx_word' id='word_1_9' title='bbox 1047 843 1161 899; x_wconf 90' lang='lat' dir='ltr'><strong>tamen</strong></span> <span class='ocrx_word' id='word_1_10' title='bbox 1181 851 1289 919; x_wconf 89' lang='lat' dir='ltr'><strong>regno</strong></span> <span class='ocrx_word' id='word_1_11' title='bbox 1304 829 1532 912; x_wconf 83' lang='lat' dir='ltr'><strong>Francorum,</strong></span> <span class='ocrx_word' id='word_1_12' title='bbox 1553 829 1587 897; x_wconf 94' lang='lat' dir='ltr'><strong>in</strong></span> <span class='ocrx_word' id='word_1_13' title='bbox 1606 851 1678 921; x_wconf 94' lang='lat' dir='ltr'><strong>quo</strong></span> <span class='ocrx_word' id='word_1_14' title='bbox 1696 829 1864 922; x_wconf 83' lang='lat' dir='ltr'>precipue</span> 
     </span>
     <span class='ocr_line' id='line_1_3' title="bbox 436 925 1863 1022; baseline -0.006 -20"><span class='ocrx_word' id='word_1_15' title='bbox 436 932 526 1002; x_wconf 89' lang='lat' dir='ltr'><strong>fides</strong></span> <span class='ocrx_word' id='word_1_16' title='bbox 546 930 716 1001; x_wconf 91' lang='lat' dir='ltr'><strong>catholica</strong></span> <span class='ocrx_word' id='word_1_17' title='bbox 737 929 859 1019; x_wconf 90' lang='lat' dir='ltr'><strong>vigere</strong></span> <span class='ocrx_word' id='word_1_18' title='bbox 877 929 1083 1022; x_wconf 77' lang='lat' dir='ltr'><strong>dinoscitur,</strong></span> <span class='ocrx_word' id='word_1_19' title='bbox 1104 929 1285 1019; x_wconf 83' lang='lat' dir='ltr'><strong>cupientes</strong></span> <span class='ocrx_word' id='word_1_20' title='bbox 1305 926 1410 996; x_wconf 82' lang='lat' dir='ltr'><strong>anxie</strong></span> <span class='ocrx_word' id='word_1_21' title='bbox 1428 938 1465 995; x_wconf 93' lang='lat' dir='ltr'><strong>ut</strong></span> <span class='ocrx_word' id='word_1_22' title='bbox 1482 931 1666 1017; x_wconf 80' lang='lat' dir='ltr'>negocium</span> <span class='ocrx_word' id='word_1_23' title='bbox 1687 925 1768 996; x_wconf 87' lang='lat' dir='ltr'><strong>fidei</strong></span> <span class='ocrx_word' id='word_1_24' title='bbox 1786 926 1863 1017; x_wconf 83' lang='lat' dir='ltr'><strong>jugi</strong></span> 
     </span>
     <span class='ocr_line' id='line_1_4' title="bbox 437 1025 1865 1124; baseline -0.005 -24"><span class='ocrx_word' id='word_1_25' title='bbox 437 1040 652 1124; x_wconf 89' lang='lat' dir='ltr'><strong>protectum,</strong></span> <span class='ocrx_word' id='word_1_26' title='bbox 676 1025 772 1097; x_wconf 92' lang='lat' dir='ltr'><strong>elisis</strong></span> <span class='ocrx_word' id='word_1_27' title='bbox 790 1029 935 1096; x_wconf 93' lang='lat' dir='ltr'><strong>omnino</strong></span> <span class='ocrx_word' id='word_1_28' title='bbox 954 1026 1170 1118; x_wconf 78' lang='lat' dir='ltr'><strong>quibuslibet</strong></span> <span class='ocrx_word' id='word_1_29' title='bbox 1186 1025 1378 1110; x_wconf 89' lang='lat' dir='ltr'><strong>erroribus,</strong></span> <span class='ocrx_word' id='word_1_30' title='bbox 1397 1025 1520 1095; x_wconf 89' lang='lat' dir='ltr'><strong>lortius</strong></span> <span class='ocrx_word' id='word_1_31' title='bbox 1538 1027 1763 1095; x_wconf 82' lang='lat' dir='ltr'><strong>convalescat</strong></span> <span class='ocrx_word' id='word_1_32' title='bbox 1775 1025 1865 1116; x_wconf 93' lang='lat' dir='ltr'><strong>vigi·</strong></span> 
     </span>
     <span class='ocr_line' id='line_1_5' title="bbox 435 1123 1863 1217; baseline -0.006 -19"><span class='ocrx_word' id='word_1_33' title='bbox 435 1130 522 1210; x_wconf 91' lang='lat' dir='ltr'><strong>lare,</strong></span> <span class='ocrx_word' id='word_1_34' title='bbox 545 1127 588 1195; x_wconf 90' lang='lat' dir='ltr'><strong>ad</strong></span> <span class='ocrx_word' id='word_1_35' title='bbox 611 1124 677 1195; x_wconf 90' lang='lat' dir='ltr'><strong>boc</strong></span> <span class='ocrx_word' id='word_1_36' title='bbox 696 1146 758 1217; x_wconf 92' lang='lat' dir='ltr'><strong>per</strong></span> <span class='ocrx_word' id='word_1_37' title='bbox 780 1146 844 1194; x_wconf 94' lang='lat' dir='ltr'><strong>nos</strong></span> <span class='ocrx_word' id='word_1_38' title='bbox 864 1135 898 1193; x_wconf 92' lang='lat' dir='ltr'><strong>et</strong></span> <span class='ocrx_word' id='word_1_39' title='bbox 917 1124 1005 1194; x_wconf 92' lang='lat' dir='ltr'><strong>alios</strong></span> <span class='ocrx_word' id='word_1_40' title='bbox 1030 1147 1072 1194; x_wconf 90' lang='lat' dir='ltr'><strong>eo</strong></span> <span class='ocrx_word' id='word_1_41' title='bbox 1092 1124 1276 1194; x_wconf 77' lang='lat' dir='ltr'><strong>studemus</strong></span> <span class='ocrx_word' id='word_1_42' title='bbox 1295 1123 1467 1191; x_wconf 88' lang='lat' dir='ltr'><strong>attencius</strong></span> <span class='ocrx_word' id='word_1_43' title='bbox 1485 1145 1556 1213; x_wconf 89' lang='lat' dir='ltr'><strong>qno</strong></span> <span class='ocrx_word' id='word_1_44' title='bbox 1582 1123 1807 1192; x_wconf 87' lang='lat' dir='ltr'><strong>karissimum</strong></span> <span class='ocrx_word' id='word_1_45' title='bbox 1829 1125 1863 1190; x_wconf 93' lang='lat' dir='ltr'><strong>iu</strong></span> 
     </span>
     <span class='ocr_line' id='line_1_6' title="bbox 436 1219 1864 1313; baseline -0.005 -18"><span class='ocrx_word' id='word_1_46' title='bbox 436 1224 572 1295; x_wconf 90' lang='lat' dir='ltr'><strong>Christo</strong></span> <span class='ocrx_word' id='word_1_47' title='bbox 589 1222 699 1293; x_wconf 88' lang='lat' dir='ltr'><strong>filium</strong></span> <span class='ocrx_word' id='word_1_48' title='bbox 720 1232 876 1292; x_wconf 90' lang='lat' dir='ltr'><strong>nostrum</strong></span> <span class='ocrx_word' id='word_1_49' title='bbox 896 1221 1114 1313; x_wconf 82' lang='lat' dir='ltr'><strong>Philippum,</strong></span> <span class='ocrx_word' id='word_1_50' title='bbox 1136 1221 1305 1290; x_wconf 81' lang='lat' dir='ltr'><strong>illustrem</strong></span> <span class='ocrx_word' id='word_1_51' title='bbox 1328 1219 1536 1290; x_wconf 87' lang='lat' dir='ltr'><strong>Francorum</strong></span> <span class='ocrx_word' id='word_1_52' title='bbox 1559 1241 1698 1311; x_wconf 89' lang='lat' dir='ltr'><strong>regem,</strong></span> <span class='ocrx_word' id='word_1_53' title='bbox 1723 1221 1864 1290; x_wconf 91' lang='lat' dir='ltr'><strong>lerven·</strong></span> 
     </span>
     <span class='ocr_line' id='line_1_7' title="bbox 440 1316 1866 1411; baseline -0.004 -18"><span class='ocrx_word' id='word_1_54' title='bbox 440 1324 563 1393; x_wconf 82' lang='lat' dir='ltr'><strong>liorem</strong></span> <span class='ocrx_word' id='word_1_55' title='bbox 590 1321 761 1390; x_wconf 93' lang='lat' dir='ltr'><strong>sentimus</strong></span> <span class='ocrx_word' id='word_1_56' title='bbox 778 1320 821 1388; x_wconf 94' lang='lat' dir='ltr'><strong>ad</strong></span> <span class='ocrx_word' id='word_1_57' title='bbox 844 1321 879 1389; x_wconf 94' lang='lat' dir='ltr'><strong>id</strong></span> <span class='ocrx_word' id='word_1_58' title='bbox 900 1322 1082 1410; x_wconf 84' lang='lat' dir='ltr'><strong>negocium</strong></span> <span class='ocrx_word' id='word_1_59' title='bbox 1104 1316 1291 1388; x_wconf 86' lang='lat' dir='ltr'><strong>efficaciter</strong></span> <span class='ocrx_word' id='word_1_60' title='bbox 1310 1319 1587 1409; x_wconf 89' lang='lat' dir='ltr'><strong>promovendum</strong></span> <span class='ocrx_word' id='word_1_61' title='bbox 1613 1343 1621 1402; x_wconf 90' lang='lat'>;</span> <span class='ocrx_word' id='word_1_62' title='bbox 1644 1319 1866 1411; x_wconf 84' lang='lat' dir='ltr'><strong>providimus</strong></span> 
     </span>
     <span class='ocr_line' id='line_1_8' title="bbox 439 1411 1867 1511; baseline -0.001 -22"><span class='ocrx_word' id='word_1_63' title='bbox 439 1421 546 1511; x_wconf 89' lang='lat' dir='ltr'><strong>igitur</strong></span> <span class='ocrx_word' id='word_1_64' title='bbox 566 1418 696 1488; x_wconf 88' lang='lat' dir='ltr'><strong>ibidem</strong></span> <span class='ocrx_word' id='word_1_65' title='bbox 719 1419 762 1488; x_wconf 94' lang='lat' dir='ltr'><strong>ad</strong></span> <span class='ocrx_word' id='word_1_66' title='bbox 785 1439 928 1510; x_wconf 89' lang='lat' dir='ltr'><strong>presens</strong></span> <span class='ocrx_word' id='word_1_67' title='bbox 956 1438 1122 1509; x_wconf 92' lang='lat' dir='ltr'><strong>personas</strong></span> <span class='ocrx_word' id='word_1_68' title='bbox 1146 1412 1187 1510; x_wconf 88' lang='lat' dir='ltr'><strong>[l0</strong></span> <span class='ocrx_word' id='word_1_69' title='bbox 1209 1412 1277 1485; x_wconf 78' lang='lat' dir='ltr'><strong>t72</strong></span> <span class='ocrx_word' id='word_1_70' title='bbox 1299 1411 1334 1511; x_wconf 90' lang='lat' dir='ltr'><strong>b]</strong></span> <span class='ocrx_word' id='word_1_71' title='bbox 1356 1416 1492 1507; x_wconf 90' lang='lat' dir='ltr'><strong>aliquas</strong></span> <span class='ocrx_word' id='word_1_72' title='bbox 1510 1417 1781 1506; x_wconf 83' lang='lat' dir='ltr'><strong>circumspectas</strong></span> <span class='ocrx_word' id='word_1_73' title='bbox 1803 1438 1867 1508; x_wconf 92' lang='lat' dir='ltr'><strong>pro</strong></span> 
     </span>
     <span class='ocr_line' id='line_1_9' title="bbox 441 1513 1868 1608; baseline -0.004 -21"><span class='ocrx_word' id='word_1_74' title='bbox 441 1531 537 1587; x_wconf 92' lang='lat' dir='ltr'><strong>tanto</strong></span> <span class='ocrx_word' id='word_1_75' title='bbox 559 1518 705 1608; x_wconf 89' lang='lat' dir='ltr'><strong>negocio</strong></span> <span class='ocrx_word' id='word_1_76' title='bbox 724 1515 884 1607; x_wconf 88' lang='lat' dir='ltr'><strong>deputari</strong></span> <span class='ocrx_word' id='word_1_77' title='bbox 903 1569 911 1598; x_wconf 93' lang='lat'><strong>,</strong></span> <span class='ocrx_word' id='word_1_78' title='bbox 932 1536 1078 1606; x_wconf 90' lang='lat' dir='ltr'><strong>quarum</strong></span> <span class='ocrx_word' id='word_1_79' title='bbox 1101 1514 1247 1585; x_wconf 81' lang='lat' dir='ltr'><strong>honesta</strong></span> <span class='ocrx_word' id='word_1_80' title='bbox 1267 1513 1490 1583; x_wconf 88' lang='lat' dir='ltr'><strong>conversatio</strong></span> <span class='ocrx_word' id='word_1_81' title='bbox 1513 1514 1714 1605; x_wconf 83' lang='lat' dir='ltr'><strong>exemplum</strong></span> <span class='ocrx_word' id='word_1_82' title='bbox 1735 1514 1868 1583; x_wconf 91' lang='lat' dir='ltr'><strong>tribuat</strong></span> 
     </span>
     <span class='ocr_line' id='line_1_10' title="bbox 440 1610 1865 1708; baseline -0.001 -25"><span class='ocrx_word' id='word_1_83' title='bbox 440 1615 615 1708; x_wconf 88' lang='lat' dir='ltr'><strong>puritatis,</strong></span> <span class='ocrx_word' id='word_1_84' title='bbox 638 1614 874 1685; x_wconf 91' lang='lat' dir='ltr'><strong>etdoetrinam</strong></span> <span class='ocrx_word' id='word_1_85' title='bbox 897 1613 1045 1683; x_wconf 82' lang='lat' dir='ltr'><strong>fundant</strong></span> <span class='ocrx_word' id='word_1_86' title='bbox 1063 1613 1199 1684; x_wconf 89' lang='lat' dir='ltr'><strong>erudita</strong></span> <span class='ocrx_word' id='word_1_87' title='bbox 1220 1611 1310 1680; x_wconf 88' lang='lat' dir='ltr'><strong>labia</strong></span> <span class='ocrx_word' id='word_1_88' title='bbox 1322 1611 1525 1698; x_wconf 88' lang='lat' dir='ltr'><strong>salutarem,</strong></span> <span class='ocrx_word' id='word_1_89' title='bbox 1547 1624 1583 1679; x_wconf 87' lang='lat' dir='ltr'><strong>ut</strong></span> <span class='ocrx_word' id='word_1_90' title='bbox 1597 1631 1696 1682; x_wconf 91' lang='lat' dir='ltr'><strong>sacro</strong></span> <span class='ocrx_word' id='word_1_91' title='bbox 1710 1610 1865 1702; x_wconf 90' lang='lat' dir='ltr'><strong>ipsarum</strong></span> 
     </span>
     <span class='ocr_line' id='line_1_11' title="bbox 442 1707 1868 1804; baseline -0.002 -22"><span class='ocrx_word' id='word_1_92' title='bbox 442 1713 635 1783; x_wconf 88' lang='lat' dir='ltr'><strong>ministerio</strong></span> <span class='ocrx_word' id='word_1_93' title='bbox 648 1715 817 1804; x_wconf 88' lang='lat' dir='ltr'><strong>prelatum</strong></span> <span class='ocrx_word' id='word_1_94' title='bbox 831 1732 976 1800; x_wconf 87' lang='lat' dir='ltr'><strong>reguum</strong></span> <span class='ocrx_word' id='word_1_95' title='bbox 992 1712 1146 1780; x_wconf 92' lang='lat' dir='ltr'><strong>immune</strong></span> <span class='ocrx_word' id='word_1_96' title='bbox 1159 1730 1301 1802; x_wconf 89' lang='lat' dir='ltr'><strong>prorsus</strong></span> <span class='ocrx_word' id='word_1_97' title='bbox 1314 1709 1358 1778; x_wconf 93' lang='lat' dir='ltr'><strong>ab</strong></span> <span class='ocrx_word' id='word_1_98' title='bbox 1379 1707 1483 1798; x_wconf 90' lang='lat' dir='ltr'><strong>hujus</strong></span> <span class='ocrx_word' id='word_1_99' title='bbox 1503 1711 1674 1798; x_wconf 77' lang='lat' dir='ltr'><strong>contagiis</strong></span> <span class='ocrx_word' id='word_1_100' title='bbox 1686 1729 1868 1801; x_wconf 90' lang='lat' dir='ltr'><strong>preserve·</strong></span> 
     </span>
     <span class='ocr_line' id='line_1_12' title="bbox 441 1806 1868 1899; baseline -0.003 -19"><span class='ocrx_word' id='word_1_101' title='bbox 441 1824 510 1880; x_wconf 92' lang='lat' dir='ltr'><strong>tur.</strong></span> <span class='ocrx_word' id='word_1_102' title='bbox 524 1809 692 1880; x_wconf 89' lang='lat' dir='ltr'><strong>Utantem</strong></span> <span class='ocrx_word' id='word_1_103' title='bbox 706 1808 944 1899; x_wconf 84' lang='lat' dir='ltr'><strong>inquisitionis</strong></span> <span class='ocrx_word' id='word_1_104' title='bbox 961 1807 1113 1878; x_wconf 89' lang='lat' dir='ltr'><strong>olfioium</strong></span> <span class='ocrx_word' id='word_1_105' title='bbox 1134 1818 1254 1878; x_wconf 90' lang='lat' dir='ltr'><strong>contra</strong></span> <span class='ocrx_word' id='word_1_106' title='bbox 1272 1806 1445 1876; x_wconf 90' lang='lat' dir='ltr'><strong>hereticos</strong></span> <span class='ocrx_word' id='word_1_107' title='bbox 1461 1807 1494 1875; x_wconf 92' lang='lat' dir='ltr'><strong>iu</strong></span> <span class='ocrx_word' id='word_1_108' title='bbox 1507 1808 1641 1899; x_wconf 90' lang='lat' dir='ltr'><strong>prelato</strong></span> <span class='ocrx_word' id='word_1_109' title='bbox 1657 1828 1767 1896; x_wconf 89' lang='lat' dir='ltr'><strong>regno</strong></span> <span class='ocrx_word' id='word_1_110' title='bbox 1786 1827 1868 1877; x_wconf 91' lang='lat' dir='ltr'><strong>auc·</strong></span> 
     </span>
     <span class='ocr_line' id='line_1_13' title="bbox 442 1904 1868 2000; baseline -0.003 -23"><span class='ocrx_word' id='word_1_111' title='bbox 442 1908 582 1980; x_wconf 89' lang='lat' dir='ltr'><strong>toritale</strong></span> <span class='ocrx_word' id='word_1_112' title='bbox 612 1908 802 2000; x_wconf 89' lang='lat' dir='ltr'><strong>apostolica</strong></span> <span class='ocrx_word' id='word_1_113' title='bbox 830 1908 939 1998; x_wconf 91' lang='lat' dir='ltr'><strong>possit</strong></span> <span class='ocrx_word' id='word_1_114' title='bbox 966 1905 1154 1977; x_wconf 84' lang='lat' dir='ltr'><strong>elliceciter</strong></span> <span class='ocrx_word' id='word_1_115' title='bbox 1188 1904 1390 1996; x_wconf 90' lang='lat' dir='ltr'><strong>adimpleri,</strong></span> <span class='ocrx_word' id='word_1_116' title='bbox 1421 1904 1622 1975; x_wconf 91' lang='lat' dir='ltr'><strong>discretioni</strong></span> <span class='ocrx_word' id='word_1_117' title='bbox 1652 1916 1772 1974; x_wconf 86' lang='lat' dir='ltr'><strong>vestre</strong></span> <span class='ocrx_word' id='word_1_118' title='bbox 1805 1926 1868 1996; x_wconf 91' lang='lat' dir='ltr'><strong>per</strong></span> 
     </span>
     <span class='ocr_line' id='line_1_14' title="bbox 441 2003 1867 2099; baseline -0.003 -24"><span class='ocrx_word' id='word_1_119' title='bbox 441 2007 631 2099; x_wconf 90' lang='lat' dir='ltr'><strong>apostolica</strong></span> <span class='ocrx_word' id='word_1_120' title='bbox 651 2006 778 2097; x_wconf 92' lang='lat' dir='ltr'><strong>scripta</strong></span> <span class='ocrx_word' id='word_1_121' title='bbox 797 2004 1026 2085; x_wconf 91' lang='lat' dir='ltr'><strong>mandamus,</strong></span> <span class='ocrx_word' id='word_1_122' title='bbox 1052 2005 1085 2073; x_wconf 91' lang='lat' dir='ltr'><strong>in</strong></span> <span class='ocrx_word' id='word_1_123' title='bbox 1107 2003 1347 2072; x_wconf 85' lang='lat' dir='ltr'><strong>remissionem</strong></span> <span class='ocrx_word' id='word_1_124' title='bbox 1370 2003 1471 2072; x_wconf 90' lang='lat' dir='ltr'><strong>vobis</strong></span> <span class='ocrx_word' id='word_1_125' title='bbox 1491 2003 1728 2093; x_wconf 91' lang='lat' dir='ltr'><strong>peccaminum</strong></span> <span class='ocrx_word' id='word_1_126' title='bbox 1750 2003 1867 2092; x_wconf 91' lang='lat' dir='ltr'><strong>iujun-</strong></span> 
     </span>
     <span class='ocr_line' id='line_1_15' title="bbox 441 2101 1865 2195; baseline -0.003 -22"><span class='ocrx_word' id='word_1_127' title='bbox 441 2113 586 2195; x_wconf 89' lang='lat' dir='ltr'><strong>gentes,</strong></span> <span class='ocrx_word' id='word_1_128' title='bbox 604 2106 769 2193; x_wconf 90' lang='lat' dir='ltr'><strong>quatinus</strong></span> <span class='ocrx_word' id='word_1_129' title='bbox 788 2103 820 2171; x_wconf 91' lang='lat' dir='ltr'><strong>in</strong></span> <span class='ocrx_word' id='word_1_130' title='bbox 839 2102 984 2171; x_wconf 87' lang='lat' dir='ltr'><strong>caritate</strong></span> <span class='ocrx_word' id='word_1_131' title='bbox 1003 2102 1084 2185; x_wconf 90' lang='lat' dir='ltr'><strong>llei,</strong></span> <span class='ocrx_word' id='word_1_132' title='bbox 1107 2101 1287 2171; x_wconf 88' lang='lat' dir='ltr'><strong>hominum</strong></span> <span class='ocrx_word' id='word_1_133' title='bbox 1312 2101 1434 2169; x_wconf 91' lang='lat' dir='ltr'><strong>timore</strong></span> <span class='ocrx_word' id='word_1_134' title='bbox 1455 2101 1673 2192; x_wconf 83' lang='lat' dir='ltr'><strong>postposito.</strong></span> <span class='ocrx_word' id='word_1_135' title='bbox 1697 2101 1865 2169; x_wconf 89' lang='lat' dir='ltr'><strong>virtutem</strong></span> 
     </span>
     <span class='ocr_line' id='line_1_16' title="bbox 442 2195 1868 2293; baseline -0.002 -22"><span class='ocrx_word' id='word_1_136' title='bbox 442 2203 585 2293; x_wconf 91' lang='lat' dir='ltr'><strong>spiritns</strong></span> <span class='ocrx_word' id='word_1_137' title='bbox 620 2201 806 2270; x_wconf 89' lang='lat' dir='ltr'><strong>induentes</strong></span> <span class='ocrx_word' id='word_1_138' title='bbox 834 2221 878 2269; x_wconf 82' lang='lat' dir='ltr'><strong>ex</strong></span> <span class='ocrx_word' id='word_1_139' title='bbox 907 2200 997 2282; x_wconf 89' lang='lat' dir='ltr'><strong>alto,</strong></span> <span class='ocrx_word' id='word_1_140' title='bbox 1022 2200 1213 2292; x_wconf 91' lang='lat' dir='ltr'><strong>predictum</strong></span> <span class='ocrx_word' id='word_1_141' title='bbox 1242 2195 1394 2268; x_wconf 86' lang='lat' dir='ltr'><strong>officium</strong></span> <span class='ocrx_word' id='word_1_142' title='bbox 1426 2200 1520 2286; x_wconf 89' lang='lat' dir='ltr'><strong>quod</strong></span> <span class='ocrx_word' id='word_1_143' title='bbox 1544 2198 1735 2290; x_wconf 90' lang='lat' dir='ltr'><strong>apostolica</strong></span> <span class='ocrx_word' id='word_1_144' title='bbox 1764 2198 1868 2269; x_wconf 91' lang='lat' dir='ltr'><strong>vobis</strong></span> 
     </span>
     <span class='ocr_line' id='line_1_17' title="bbox 442 2294 1868 2387; baseline -0.004 -19"><span class='ocrx_word' id='word_1_145' title='bbox 442 2299 649 2368; x_wconf 87' lang='lat' dir='ltr'><strong>auctoritate</strong></span> <span class='ocrx_word' id='word_1_146' title='bbox 667 2298 916 2367; x_wconf 87' lang='lat' dir='ltr'><strong>committimus</strong></span> <span class='ocrx_word' id='word_1_147' title='bbox 936 2298 969 2366; x_wconf 93' lang='lat' dir='ltr'><strong>in</strong></span> <span class='ocrx_word' id='word_1_148' title='bbox 991 2299 1085 2366; x_wconf 91' lang='lat' dir='ltr'><strong>dictu</strong></span> <span class='ocrx_word' id='word_1_149' title='bbox 1105 2319 1236 2387; x_wconf 87' lang='lat' dir='ltr'><strong>regno,</strong></span> <span class='ocrx_word' id='word_1_150' title='bbox 1264 2295 1487 2368; x_wconf 91' lang='lat' dir='ltr'><strong>comitatibus</strong></span> <span class='ocrx_word' id='word_1_151' title='bbox 1508 2308 1543 2366; x_wconf 89' lang='lat' dir='ltr'><strong>et</strong></span> <span class='ocrx_word' id='word_1_152' title='bbox 1570 2297 1670 2366; x_wconf 91' lang='lat' dir='ltr'><strong>terris</strong></span> <span class='ocrx_word' id='word_1_153' title='bbox 1690 2294 1868 2366; x_wconf 88' lang='lat' dir='ltr'><strong>karissimi</strong></span> 
     </span>
     <span class='ocr_line' id='line_1_18' title="bbox 444 2393 1864 2486; baseline 0 -22"><span class='ocrx_word' id='word_1_154' title='bbox 444 2397 477 2464; x_wconf 93' lang='lat' dir='ltr'><strong>iu</strong></span> <span class='ocrx_word' id='word_1_155' title='bbox 509 2394 645 2465; x_wconf 86' lang='lat' dir='ltr'><strong>Christo</strong></span> <span class='ocrx_word' id='word_1_156' title='bbox 672 2393 733 2464; x_wconf 89' lang='lat' dir='ltr'><strong>filii</strong></span> <span class='ocrx_word' id='word_1_157' title='bbox 766 2395 875 2465; x_wconf 90' lang='lat' dir='ltr'><strong>nostri</strong></span> <span class='ocrx_word' id='word_1_158' title='bbox 902 2394 955 2476; x_wconf 90' lang='lat' dir='ltr'><strong>C.,</strong></span> <span class='ocrx_word' id='word_1_159' title='bbox 987 2398 1078 2486; x_wconf 89' lang='lat' dir='ltr'><strong>regis</strong></span> <span class='ocrx_word' id='word_1_160' title='bbox 1110 2395 1227 2465; x_wconf 89' lang='lat' dir='ltr'><strong>Cicilie</strong></span> <span class='ocrx_word' id='word_1_161' title='bbox 1259 2395 1403 2463; x_wconf 90' lang='lat' dir='ltr'><strong>illustris</strong></span> <span class='ocrx_word' id='word_1_162' title='bbox 1433 2406 1467 2463; x_wconf 92' lang='lat' dir='ltr'><strong>et</strong></span> <span class='ocrx_word' id='word_1_163' title='bbox 1493 2394 1675 2465; x_wconf 89' lang='lat' dir='ltr'><strong>Provinoie</strong></span> <span class='ocrx_word' id='word_1_164' title='bbox 1701 2394 1864 2478; x_wconf 84' lang='lat' dir='ltr'><strong>comitis,</strong></span> 
     </span>
     <span class='ocr_line' id='line_1_19' title="bbox 443 2491 1869 2585; baseline -0.001 -22"><span class='ocrx_word' id='word_1_165' title='bbox 443 2494 629 2563; x_wconf 83' lang='lat' dir='ltr'><strong>dumtaxat</strong></span> <span class='ocrx_word' id='word_1_166' title='bbox 651 2493 829 2585; x_wconf 82' lang='lat' dir='ltr'><strong>exceptis,</strong></span> <span class='ocrx_word' id='word_1_167' title='bbox 856 2492 981 2578; x_wconf 90' lang='lat' dir='ltr'><strong>simul,</strong></span> <span class='ocrx_word' id='word_1_168' title='bbox 1005 2495 1059 2562; x_wconf 89' lang='lat' dir='ltr'><strong>vel</strong></span> <span class='ocrx_word' id='word_1_169' title='bbox 1079 2493 1287 2585; x_wconf 88' lang='lat' dir='ltr'><strong>separatim,</strong></span> <span class='ocrx_word' id='word_1_170' title='bbox 1304 2502 1365 2562; x_wconf 90' lang='lat' dir='ltr'><strong>not</strong></span> <span class='ocrx_word' id='word_1_171' title='bbox 1384 2491 1608 2581; x_wconf 84' lang='lat' dir='ltr'><strong>singulariter</strong></span> <span class='ocrx_word' id='word_1_172' title='bbox 1635 2503 1739 2583; x_wconf 91' lang='lat' dir='ltr'><strong>prout</strong></span> <span class='ocrx_word' id='word_1_173' title='bbox 1757 2512 1869 2582; x_wconf 83' lang='lat' dir='ltr'><strong>nego·</strong></span> 
     </span>
     <span class='ocr_line' id='line_1_20' title="bbox 445 2587 1869 2684; baseline -0.001 -24"><span class='ocrx_word' id='word_1_174' title='bbox 445 2593 487 2660; x_wconf 90' lang='lat' dir='ltr'><strong>cii</strong></span> <span class='ocrx_word' id='word_1_175' title='bbox 521 2590 650 2660; x_wconf 90' lang='lat' dir='ltr'><strong>utilitas</strong></span> <span class='ocrx_word' id='word_1_176' title='bbox 674 2590 860 2677; x_wconf 88' lang='lat' dir='ltr'><strong>suadebit,</strong></span> <span class='ocrx_word' id='word_1_177' title='bbox 891 2592 958 2660; x_wconf 90' lang='lat' dir='ltr'><strong>sub</strong></span> <span class='ocrx_word' id='word_1_178' title='bbox 986 2592 1102 2684; x_wconf 90' lang='lat' dir='ltr'><strong>specie</strong></span> <span class='ocrx_word' id='word_1_179' title='bbox 1130 2590 1301 2660; x_wconf 90' lang='lat' dir='ltr'><strong>mercedis</strong></span> <span class='ocrx_word' id='word_1_180' title='bbox 1327 2603 1467 2672; x_wconf 89' lang='lat' dir='ltr'><strong>eterne,</strong></span> <span class='ocrx_word' id='word_1_181' title='bbox 1497 2593 1548 2659; x_wconf 90' lang='lat' dir='ltr'><strong>sic</strong></span> <span class='ocrx_word' id='word_1_182' title='bbox 1572 2587 1760 2659; x_wconf 84' lang='lat' dir='ltr'><strong>efficaciter</strong></span> <span class='ocrx_word' id='word_1_183' title='bbox 1787 2610 1869 2681; x_wconf 91' lang='lat' dir='ltr'><strong>pro·</strong></span> 
     </span>
     <span class='ocr_line' id='line_1_21' title="bbox 445 2686 1871 2781; baseline -0.002 -22"><span class='ocrx_word' id='word_1_184' title='bbox 445 2688 544 2780; x_wconf 91' lang='lat' dir='ltr'><strong>sequi</strong></span> <span class='ocrx_word' id='word_1_185' title='bbox 573 2699 608 2756; x_wconf 92' lang='lat' dir='ltr'><strong>et</strong></span> <span class='ocrx_word' id='word_1_186' title='bbox 639 2690 767 2778; x_wconf 82' lang='lat' dir='ltr'><strong>exequi</strong></span> <span class='ocrx_word' id='word_1_187' title='bbox 798 2689 969 2760; x_wconf 90' lang='lat' dir='ltr'><strong>studeatis</strong></span> <span class='ocrx_word' id='word_1_188' title='bbox 996 2701 1032 2759; x_wconf 89' lang='lat' dir='ltr'><strong>ut</strong></span> <span class='ocrx_word' id='word_1_189' title='bbox 1064 2712 1126 2781; x_wconf 87' lang='lat' dir='ltr'><strong>per</strong></span> <span class='ocrx_word' id='word_1_190' title='bbox 1151 2689 1397 2759; x_wconf 84' lang='lat' dir='ltr'><strong>sollicitudinis</strong></span> <span class='ocrx_word' id='word_1_191' title='bbox 1427 2700 1543 2758; x_wconf 87' lang='lat' dir='ltr'><strong>vestre</strong></span> <span class='ocrx_word' id='word_1_192' title='bbox 1573 2687 1795 2779; x_wconf 89' lang='lat' dir='ltr'><strong>prudentiam</strong></span> <span class='ocrx_word' id='word_1_193' title='bbox 1822 2686 1871 2756; x_wconf 92' lang='lat' dir='ltr'><strong>de</strong></span> 
     </span>
     <span class='ocr_line' id='line_1_22' title="bbox 445 2784 1869 2878; baseline -0.001 -23"><span class='ocrx_word' id='word_1_194' title='bbox 445 2807 555 2876; x_wconf 89' lang='lat' dir='ltr'><strong>regno</strong></span> <span class='ocrx_word' id='word_1_195' title='bbox 575 2786 650 2877; x_wconf 93' lang='lat' dir='ltr'><strong>ipso</strong></span> <span class='ocrx_word' id='word_1_196' title='bbox 669 2786 769 2855; x_wconf 82' lang='lat' dir='ltr'><strong>radix</strong></span> <span class='ocrx_word' id='word_1_197' title='bbox 794 2786 986 2877; x_wconf 88' lang='lat' dir='ltr'><strong>iniquitatis</strong></span> <span class='ocrx_word' id='word_1_198' title='bbox 1005 2788 1175 2874; x_wconf 87' lang='lat' dir='ltr'><strong>heretice,</strong></span> <span class='ocrx_word' id='word_1_199' title='bbox 1197 2788 1226 2857; x_wconf 89' lang='lat' dir='ltr'><strong>si</strong></span> <span class='ocrx_word' id='word_1_200' title='bbox 1248 2807 1316 2878; x_wconf 91' lang='lat' dir='ltr'><strong>qua</strong></span> <span class='ocrx_word' id='word_1_201' title='bbox 1336 2798 1389 2856; x_wconf 87' lang='lat' dir='ltr'><strong>est</strong></span> <span class='ocrx_word' id='word_1_202' title='bbox 1411 2785 1445 2852; x_wconf 92' lang='lat' dir='ltr'><strong>in</strong></span> <span class='ocrx_word' id='word_1_203' title='bbox 1465 2785 1642 2877; x_wconf 90' lang='lat' dir='ltr'><strong>aliquibus</strong></span> <span class='ocrx_word' id='word_1_204' title='bbox 1664 2786 1740 2876; x_wconf 86' lang='lat' dir='ltr'><strong>ejus</strong></span> <span class='ocrx_word' id='word_1_205' title='bbox 1760 2784 1869 2877; x_wconf 87' lang='lat' dir='ltr'><strong>parti·</strong></span> 
     </span>
     <span class='ocr_line' id='line_1_23' title="bbox 444 2882 1870 2976; baseline -0.001 -23"><span class='ocrx_word' id='word_1_206' title='bbox 444 2883 531 2967; x_wconf 94' lang='lat' dir='ltr'><strong>bus,</strong></span> <span class='ocrx_word' id='word_1_207' title='bbox 558 2884 780 2970; x_wconf 84' lang='lat' dir='ltr'><strong>succidatur,</strong></span> <span class='ocrx_word' id='word_1_208' title='bbox 811 2897 845 2953; x_wconf 92' lang='lat' dir='ltr'><strong>et</strong></span> <span class='ocrx_word' id='word_1_209' title='bbox 875 2887 978 2956; x_wconf 92' lang='lat' dir='ltr'><strong>vinea</strong></span> <span class='ocrx_word' id='word_1_210' title='bbox 1003 2886 1164 2968; x_wconf 88' lang='lat' dir='ltr'><strong>Domini,</strong></span> <span class='ocrx_word' id='word_1_211' title='bbox 1193 2882 1435 2955; x_wconf 79' lang='lat' dir='ltr'><strong>exterrrriuatis</strong></span> <span class='ocrx_word' id='word_1_212' title='bbox 1460 2882 1656 2975; x_wconf 89' lang='lat' dir='ltr'><strong>vulpeculis</strong></span> <span class='ocrx_word' id='word_1_213' title='bbox 1687 2903 1757 2974; x_wconf 90' lang='lat' dir='ltr'><strong>que</strong></span> <span class='ocrx_word' id='word_1_214' title='bbox 1788 2903 1870 2976; x_wconf 90' lang='lat' dir='ltr'><strong>per·</strong></span> 
     </span>
     <span class='ocr_line' id='line_1_24' title="bbox 443 2979 1871 3074; baseline -0.001 -24"><span class='ocrx_word' id='word_1_215' title='bbox 443 2983 556 3051; x_wconf 89' lang='lat' dir='ltr'><strong>versis</strong></span> <span class='ocrx_word' id='word_1_216' title='bbox 584 2981 758 3051; x_wconf 90' lang='lat' dir='ltr'><strong>morsibus</strong></span> <span class='ocrx_word' id='word_1_217' title='bbox 787 2981 1026 3052; x_wconf 91' lang='lat' dir='ltr'><strong>demoliuntur</strong></span> <span class='ocrx_word' id='word_1_218' title='bbox 1058 2984 1225 3069; x_wconf 90' lang='lat' dir='ltr'><strong>eandem,</strong></span> <span class='ocrx_word' id='word_1_219' title='bbox 1258 2982 1389 3052; x_wconf 88' lang='lat' dir='ltr'><strong>lructus</strong></span> <span class='ocrx_word' id='word_1_220' title='bbox 1419 2981 1543 3050; x_wconf 81' lang='lat' dir='ltr'><strong>aflerat</strong></span> <span class='ocrx_word' id='word_1_221' title='bbox 1569 2979 1741 3052; x_wconf 89' lang='lat' dir='ltr'><strong>catholice</strong></span> <span class='ocrx_word' id='word_1_222' title='bbox 1770 2980 1871 3074; x_wconf 90' lang='lat' dir='ltr'><strong>puri-</strong></span> 
     </span>
     <span class='ocr_line' id='line_1_25' title="bbox 434 3079 528 3150; baseline -0.011 -1"><span class='ocrx_word' id='word_1_223' title='bbox 434 3079 528 3150; x_wconf 88' lang='lat' dir='ltr'><strong>tatis.</strong></span> 
     </span>
    </p>

    <p class='ocr_par' dir='ltr' id='par_1_3' title="bbox 432 3177 1876 4225">
     <span class='ocr_line' id='line_1_26' title="bbox 491 3177 1871 3271; baseline 0.001 -24"><span class='ocrx_word' id='word_1_224' title='bbox 491 3178 525 3247; x_wconf 90' lang='lat' dir='ltr'><strong>Si</strong></span> <span class='ocrx_word' id='word_1_225' title='bbox 547 3198 636 3267; x_wconf 92' lang='lat' dir='ltr'><strong>qnos</strong></span> <span class='ocrx_word' id='word_1_226' title='bbox 653 3191 770 3247; x_wconf 90' lang='lat' dir='ltr'><strong>autem</strong></span> <span class='ocrx_word' id='word_1_227' title='bbox 789 3179 834 3248; x_wconf 91' lang='lat' dir='ltr'><strong>de</strong></span> <span class='ocrx_word' id='word_1_228' title='bbox 846 3179 1018 3271; x_wconf 91' lang='lat' dir='ltr'><strong>pravitate</strong></span> <span class='ocrx_word' id='word_1_229' title='bbox 1029 3181 1183 3270; x_wconf 90' lang='lat' dir='ltr'><strong>predicta</strong></span> <span class='ocrx_word' id='word_1_230' title='bbox 1204 3180 1398 3270; x_wconf 91' lang='lat' dir='ltr'><strong>culpabiles</strong></span> <span class='ocrx_word' id='word_1_231' title='bbox 1419 3177 1627 3250; x_wconf 89' lang='lat' dir='ltr'><strong>inveneritis</strong></span> <span class='ocrx_word' id='word_1_232' title='bbox 1645 3177 1700 3247; x_wconf 92' lang='lat' dir='ltr'><strong>vel</strong></span> <span class='ocrx_word' id='word_1_233' title='bbox 1717 3177 1871 3248; x_wconf 85' lang='lat' dir='ltr'><strong>inlectos</strong></span> 
     </span>
     <span class='ocr_line' id='line_1_27' title="bbox 445 3267 1873 3372; baseline 0.003 -31"><span class='ocrx_word' id='word_1_234' title='bbox 445 3267 486 3368; x_wconf 80' lang='grc' dir='ltr'><strong>[Ιο</strong></span> <span class='ocrx_word' id='word_1_235' title='bbox 520 3272 589 3345; x_wconf 78' lang='lat'><strong>472</strong></span> <span class='ocrx_word' id='word_1_236' title='bbox 614 3270 647 3372; x_wconf 87' lang='lat' dir='ltr'><strong>c]</strong></span> <span class='ocrx_word' id='word_1_237' title='bbox 682 3297 743 3346; x_wconf 90' lang='lat' dir='ltr'><strong>seu</strong></span> <span class='ocrx_word' id='word_1_238' title='bbox 774 3276 877 3346; x_wconf 86' lang='lat' dir='ltr'><strong>etism</strong></span> <span class='ocrx_word' id='word_1_239' title='bbox 914 3276 1098 3347; x_wconf 80' lang='lat' dir='ltr'><strong>infamatos</strong></span> <span class='ocrx_word' id='word_1_240' title='bbox 1115 3288 1234 3346; x_wconf 91' lang='lat' dir='ltr'><strong>contra</strong></span> <span class='ocrx_word' id='word_1_241' title='bbox 1263 3278 1370 3369; x_wconf 90' lang='lat' dir='ltr'><strong>ipsos,</strong></span> <span class='ocrx_word' id='word_1_242' title='bbox 1401 3277 1466 3347; x_wconf 91' lang='lat' dir='ltr'><strong>nisi</strong></span> <span class='ocrx_word' id='word_1_243' title='bbox 1489 3274 1680 3348; x_wconf 82' lang='lat' dir='ltr'><strong>examinati</strong></span> <span class='ocrx_word' id='word_1_244' title='bbox 1704 3275 1873 3345; x_wconf 92' lang='lat' dir='ltr'><strong>absolute</strong></span> 
     </span>
     <span class='ocr_line' id='line_1_28' title="bbox 439 3373 1871 3463; baseline 0.001 -21"><span class='ocrx_word' id='word_1_245' title='bbox 439 3373 552 3442; x_wconf 91' lang='lat' dir='ltr'><strong>velint</strong></span> <span class='ocrx_word' id='word_1_246' title='bbox 583 3373 756 3442; x_wconf 91' lang='lat' dir='ltr'><strong>mandatis</strong></span> <span class='ocrx_word' id='word_1_247' title='bbox 796 3373 949 3444; x_wconf 83' lang='lat' dir='ltr'><strong>Ecclesie</strong></span> <span class='ocrx_word' id='word_1_248' title='bbox 985 3374 1152 3455; x_wconf 89' lang='lat' dir='ltr'><strong>obedire,</strong></span> <span class='ocrx_word' id='word_1_249' title='bbox 1193 3396 1329 3444; x_wconf 90' lang='lat' dir='ltr'><strong>necnon</strong></span> <span class='ocrx_word' id='word_1_250' title='bbox 1365 3387 1400 3444; x_wconf 91' lang='lat' dir='ltr'><strong>et</strong></span> <span class='ocrx_word' id='word_1_251' title='bbox 1444 3387 1565 3446; x_wconf 89' lang='lat' dir='ltr'><strong>contra</strong></span> <span class='ocrx_word' id='word_1_252' title='bbox 1607 3383 1871 3463; x_wconf 88' lang='lat' dir='ltr'><strong>receptatores,</strong></span> 
     </span>
     <span class='ocr_line' id='line_1_29' title="bbox 441 3469 1875 3562; baseline 0.002 -24"><span class='ocrx_word' id='word_1_253' title='bbox 441 3469 645 3541; x_wconf 81' lang='lat' dir='ltr'><strong>defensores</strong></span> <span class='ocrx_word' id='word_1_254' title='bbox 676 3482 711 3540; x_wconf 91' lang='lat' dir='ltr'><strong>et</strong></span> <span class='ocrx_word' id='word_1_255' title='bbox 740 3471 894 3541; x_wconf 89' lang='lat' dir='ltr'><strong>lautores</strong></span> <span class='ocrx_word' id='word_1_256' title='bbox 929 3492 1050 3543; x_wconf 93' lang='lat' dir='ltr'><strong>eorum</strong></span> <span class='ocrx_word' id='word_1_257' title='bbox 1078 3473 1178 3562; x_wconf 84' lang='lat' dir='ltr'><strong>juxta</strong></span> <span class='ocrx_word' id='word_1_258' title='bbox 1217 3472 1416 3542; x_wconf 89' lang='lat' dir='ltr'><strong>sanctiones</strong></span> <span class='ocrx_word' id='word_1_259' title='bbox 1443 3472 1629 3544; x_wconf 88' lang='lat' dir='ltr'><strong>canonicas</strong></span> <span class='ocrx_word' id='word_1_260' title='bbox 1658 3471 1875 3541; x_wconf 89' lang='lat' dir='ltr'><strong>auctoritate</strong></span> 
     </span>
     <span class='ocr_line' id='line_1_30' title="bbox 438 3567 1874 3664; baseline 0.003 -28"><span class='ocrx_word' id='word_1_261' title='bbox 438 3568 644 3660; x_wconf 90' lang='lat' dir='ltr'><strong>apostolica,</strong></span> <span class='ocrx_word' id='word_1_262' title='bbox 676 3568 857 3638; x_wconf 90' lang='lat' dir='ltr'><strong>bominum</strong></span> <span class='ocrx_word' id='word_1_263' title='bbox 884 3580 976 3638; x_wconf 89' lang='lat' dir='ltr'><strong>metu</strong></span> <span class='ocrx_word' id='word_1_264' title='bbox 1006 3570 1128 3640; x_wconf 91' lang='lat' dir='ltr'><strong>divino</strong></span> <span class='ocrx_word' id='word_1_265' title='bbox 1158 3570 1272 3638; x_wconf 89' lang='lat' dir='ltr'><strong>timori</strong></span> <span class='ocrx_word' id='word_1_266' title='bbox 1301 3572 1512 3663; x_wconf 85' lang='lat' dir='ltr'><strong>postposito,</strong></span> <span class='ocrx_word' id='word_1_267' title='bbox 1546 3567 1763 3664; x_wconf 87' lang='lat' dir='ltr'><strong>procedatis,</strong></span> <span class='ocrx_word' id='word_1_268' title='bbox 1797 3589 1874 3640; x_wconf 92' lang='lat' dir='ltr'><strong>non</strong></span> 
     </span>
     <span class='ocr_line' id='line_1_31' title="bbox 438 3665 1874 3760; baseline 0.001 -26"><span class='ocrx_word' id='word_1_269' title='bbox 438 3665 660 3736; x_wconf 89' lang='lat' dir='ltr'><strong>obstantibus</strong></span> <span class='ocrx_word' id='word_1_270' title='bbox 678 3666 856 3757; x_wconf 88' lang='lat' dir='ltr'><strong>aliquibus</strong></span> <span class='ocrx_word' id='word_1_271' title='bbox 871 3667 996 3737; x_wconf 89' lang='lat' dir='ltr'><strong>litteris</strong></span> <span class='ocrx_word' id='word_1_272' title='bbox 1010 3668 1054 3736; x_wconf 94' lang='lat' dir='ltr'><strong>ad</strong></span> <span class='ocrx_word' id='word_1_273' title='bbox 1070 3688 1311 3758; x_wconf 89' lang='lat' dir='ltr'><strong>quoscumque</strong></span> <span class='ocrx_word' id='word_1_274' title='bbox 1325 3666 1413 3738; x_wconf 86' lang='lat' dir='ltr'><strong>alios</strong></span> <span class='ocrx_word' id='word_1_275' title='bbox 1433 3669 1477 3739; x_wconf 91' lang='lat' dir='ltr'><strong>de</strong></span> <span class='ocrx_word' id='word_1_276' title='bbox 1493 3689 1601 3760; x_wconf 89' lang='lat' dir='ltr'><strong>regno</strong></span> <span class='ocrx_word' id='word_1_277' title='bbox 1617 3667 1711 3757; x_wconf 91' lang='lat' dir='ltr'><strong>ipso,</strong></span> <span class='ocrx_word' id='word_1_278' title='bbox 1732 3686 1874 3759; x_wconf 82' lang='lat' dir='ltr'><strong>exeep-</strong></span> 
     </span>
     <span class='ocr_line' id='line_1_32' title="bbox 439 3763 1874 3857; baseline 0.001 -27"><span class='ocrx_word' id='word_1_279' title='bbox 439 3765 484 3832; x_wconf 90' lang='lat' dir='ltr'><strong>tis</strong></span> <span class='ocrx_word' id='word_1_280' title='bbox 503 3764 658 3834; x_wconf 90' lang='lat' dir='ltr'><strong>locornm</strong></span> <span class='ocrx_word' id='word_1_281' title='bbox 680 3764 889 3857; x_wconf 73' lang='lat' dir='ltr'><strong>dyocesanis</strong></span> <span class='ocrx_word' id='word_1_282' title='bbox 909 3774 943 3833; x_wconf 88' lang='lat' dir='ltr'><strong>et</strong></span> <span class='ocrx_word' id='word_1_283' title='bbox 969 3765 1235 3857; x_wconf 89' lang='lat' dir='ltr'><strong>inquisitoribus</strong></span> <span class='ocrx_word' id='word_1_284' title='bbox 1256 3764 1437 3856; x_wconf 91' lang='lat' dir='ltr'><strong>pravitatis</strong></span> <span class='ocrx_word' id='word_1_285' title='bbox 1455 3767 1612 3857; x_wconf 91' lang='lat' dir='ltr'><strong>ejusdem</strong></span> <span class='ocrx_word' id='word_1_286' title='bbox 1634 3764 1669 3831; x_wconf 93' lang='lat' dir='ltr'><strong>iu</strong></span> <span class='ocrx_word' id='word_1_287' title='bbox 1689 3763 1874 3833; x_wconf 86' lang='lat' dir='ltr'><strong>comitati-</strong></span> 
     </span>
     <span class='ocr_line' id='line_1_33' title="bbox 436 3859 1875 3958; baseline 0.003 -29"><span class='ocrx_word' id='word_1_288' title='bbox 436 3859 504 3930; x_wconf 92' lang='lat' dir='ltr'><strong>bus</strong></span> <span class='ocrx_word' id='word_1_289' title='bbox 526 3874 561 3930; x_wconf 92' lang='lat' dir='ltr'><strong>et</strong></span> <span class='ocrx_word' id='word_1_290' title='bbox 588 3862 688 3931; x_wconf 89' lang='lat' dir='ltr'><strong>terris</strong></span> <span class='ocrx_word' id='word_1_291' title='bbox 709 3862 873 3954; x_wconf 90' lang='lat' dir='ltr'><strong>predictis</strong></span> <span class='ocrx_word' id='word_1_292' title='bbox 898 3883 918 3932; x_wconf 94' lang='lat' dir='ltr'><strong>a</strong></span> <span class='ocrx_word' id='word_1_293' title='bbox 945 3864 1030 3933; x_wconf 90' lang='lat' dir='ltr'><strong>sede</strong></span> <span class='ocrx_word' id='word_1_294' title='bbox 1049 3864 1225 3955; x_wconf 88' lang='lat' dir='ltr'><strong>deputatis</strong></span> <span class='ocrx_word' id='word_1_295' title='bbox 1250 3862 1373 3933; x_wconf 92' lang='lat' dir='ltr'><strong>eadem</strong></span> <span class='ocrx_word' id='word_1_296' title='bbox 1397 3885 1503 3958; x_wconf 91' lang='lat' dir='ltr'><strong>super</strong></span> <span class='ocrx_word' id='word_1_297' title='bbox 1522 3864 1627 3955; x_wconf 87' lang='lat' dir='ltr'><strong>hujus</strong></span> <span class='ocrx_word' id='word_1_298' title='bbox 1648 3861 1797 3955; x_wconf 90' lang='lat' dir='ltr'><strong>negocio</strong></span> <span class='ocrx_word' id='word_1_299' title='bbox 1821 3865 1875 3935; x_wconf 82' lang='lat' dir='ltr'><strong>ab</strong></span> 
     </span>
     <span class='ocr_line' id='line_1_34' title="bbox 437 3958 1876 4053; baseline 0.005 -28"><span class='ocrx_word' id='word_1_300' title='bbox 437 3960 512 4050; x_wconf 91' lang='lat' dir='ltr'><strong>ipsa</strong></span> <span class='ocrx_word' id='word_1_301' title='bbox 547 3960 633 4028; x_wconf 90' lang='lat' dir='ltr'><strong>sede</strong></span> <span class='ocrx_word' id='word_1_302' title='bbox 660 3958 820 4045; x_wconf 89' lang='lat' dir='ltr'><strong>directis,</strong></span> <span class='ocrx_word' id='word_1_303' title='bbox 848 3981 995 4051; x_wconf 90' lang='lat' dir='ltr'><strong>quarum</strong></span> <span class='ocrx_word' id='word_1_304' title='bbox 1023 3960 1189 4053; x_wconf 89' lang='lat' dir='ltr'><strong>deinceps</strong></span> <span class='ocrx_word' id='word_1_305' title='bbox 1208 3963 1252 4029; x_wconf 90' lang='lat' dir='ltr'><strong>ad</strong></span> <span class='ocrx_word' id='word_1_306' title='bbox 1280 3960 1525 4052; x_wconf 89' lang='lat' dir='ltr'><strong>inquisitiones</strong></span> <span class='ocrx_word' id='word_1_307' title='bbox 1554 3962 1659 4052; x_wconf 86' lang='lat' dir='ltr'><strong>hujus</strong></span> <span class='ocrx_word' id='word_1_308' title='bbox 1688 3959 1876 4032; x_wconf 85' lang='lat' dir='ltr'><strong>iaciendas</strong></span> 
     </span>
     <span class='ocr_line' id='line_1_35' title="bbox 436 4056 1876 4153; baseline 0.004 -29"><span class='ocrx_word' id='word_1_309' title='bbox 436 4057 601 4126; x_wconf 90' lang='lat' dir='ltr'><strong>nolumus</strong></span> <span class='ocrx_word' id='word_1_310' title='bbox 618 4056 826 4127; x_wconf 91' lang='lat' dir='ltr'><strong>auctoritate</strong></span> <span class='ocrx_word' id='word_1_311' title='bbox 848 4059 1005 4151; x_wconf 90' lang='lat' dir='ltr'><strong>procedi,</strong></span> <span class='ocrx_word' id='word_1_312' title='bbox 1022 4058 1192 4152; x_wconf 82' lang='lat' dir='ltr'><strong>quinymo</strong></span> <span class='ocrx_word' id='word_1_313' title='bbox 1210 4079 1254 4126; x_wconf 90' lang='lat' dir='ltr'><strong>ne</strong></span> <span class='ocrx_word' id='word_1_314' title='bbox 1276 4058 1484 4149; x_wconf 90' lang='lat' dir='ltr'><strong>procedatur</strong></span> <span class='ocrx_word' id='word_1_315' title='bbox 1497 4082 1559 4153; x_wconf 91' lang='lat' dir='ltr'><strong>per</strong></span> <span class='ocrx_word' id='word_1_316' title='bbox 1574 4060 1651 4130; x_wconf 90' lang='lat' dir='ltr'><strong>illns</strong></span> <span class='ocrx_word' id='word_1_317' title='bbox 1671 4056 1876 4130; x_wconf 88' lang='lat' dir='ltr'><strong>districtius</strong></span> 
     </span>
     <span class='ocr_line' id='line_1_36' title="bbox 432 4154 646 4225; baseline 0.014 -3"><span class='ocrx_word' id='word_1_318' title='bbox 432 4154 646 4225; x_wconf 89' lang='lat' dir='ltr'><strong>inhibemus.</strong></span> 
     </span>
    </p>

    <p class='ocr_par' dir='ltr' id='par_1_4' title="bbox 430 4252 1876 5131">
     <span class='ocr_line' id='line_1_37' title="bbox 482 4252 1876 4348; baseline 0.005 -26"><span class='ocrx_word' id='word_1_319' title='bbox 482 4252 552 4322; x_wconf 92' lang='lat' dir='ltr'><strong>Nec</strong></span> <span class='ocrx_word' id='word_1_320' title='bbox 579 4263 741 4344; x_wconf 81' lang='lat' dir='ltr'><strong>pretextu</strong></span> <span class='ocrx_word' id='word_1_321' title='bbox 769 4254 1026 4324; x_wconf 91' lang='lat' dir='ltr'><strong>commissionis</strong></span> <span class='ocrx_word' id='word_1_322' title='bbox 1055 4253 1252 4346; x_wconf 90' lang='lat' dir='ltr'><strong>specialiter</strong></span> <span class='ocrx_word' id='word_1_323' title='bbox 1278 4253 1410 4324; x_wconf 89' lang='lat' dir='ltr'><strong>eisdem</strong></span> <span class='ocrx_word' id='word_1_324' title='bbox 1437 4253 1646 4348; x_wconf 83' lang='lat' dir='ltr'><strong>dyocesanis</strong></span> <span class='ocrx_word' id='word_1_325' title='bbox 1669 4276 1776 4348; x_wconf 92' lang='lat' dir='ltr'><strong>super</strong></span> <span class='ocrx_word' id='word_1_326' title='bbox 1799 4254 1876 4329; x_wconf 88' lang='lat' dir='ltr'><strong>boc</strong></span> 
     </span>
     <span class='ocr_line' id='line_1_38' title="bbox 434 4350 1874 4445; baseline 0.006 -28"><span class='ocrx_word' id='word_1_327' title='bbox 434 4350 522 4419; x_wconf 90' lang='lat' dir='ltr'><strong>lacte</strong></span> <span class='ocrx_word' id='word_1_328' title='bbox 543 4362 680 4421; x_wconf 89' lang='lat' dir='ltr'><strong>vestros</strong></span> <span class='ocrx_word' id='word_1_329' title='bbox 700 4371 883 4441; x_wconf 89' lang='lat' dir='ltr'><strong>processus</strong></span> <span class='ocrx_word' id='word_1_330' title='bbox 909 4351 942 4419; x_wconf 95' lang='lat' dir='ltr'><strong>in</strong></span> <span class='ocrx_word' id='word_1_331' title='bbox 964 4352 1167 4421; x_wconf 92' lang='lat' dir='ltr'><strong>eorumdem</strong></span> <span class='ocrx_word' id='word_1_332' title='bbox 1194 4352 1471 4445; x_wconf 82' lang='lat' dir='ltr'><strong>dyocesauorum</strong></span> <span class='ocrx_word' id='word_1_333' title='bbox 1492 4353 1694 4423; x_wconf 89' lang='lat' dir='ltr'><strong>civitatibus</strong></span> <span class='ocrx_word' id='word_1_334' title='bbox 1720 4365 1756 4422; x_wconf 91' lang='lat' dir='ltr'><strong>et</strong></span> <span class='ocrx_word' id='word_1_335' title='bbox 1775 4353 1874 4445; x_wconf 68' lang='lat' dir='ltr'><strong>dyo-</strong></span> 
     </span>
     <span class='ocr_line' id='line_1_39' title="bbox 432 4447 1876 4542; baseline 0.005 -25"><span class='ocrx_word' id='word_1_336' title='bbox 432 4448 571 4519; x_wconf 90' lang='lat' dir='ltr'><strong>cesibus</strong></span> <span class='ocrx_word' id='word_1_337' title='bbox 589 4448 752 4518; x_wconf 90' lang='lat' dir='ltr'><strong>volumus</strong></span> <span class='ocrx_word' id='word_1_338' title='bbox 771 4449 957 4542; x_wconf 91' lang='lat' dir='ltr'><strong>impediri,</strong></span> <span class='ocrx_word' id='word_1_339' title='bbox 981 4471 1045 4519; x_wconf 90' lang='lat' dir='ltr'><strong>nec</strong></span> <span class='ocrx_word' id='word_1_340' title='bbox 1065 4470 1126 4542; x_wconf 90' lang='lat' dir='ltr'><strong>per</strong></span> <span class='ocrx_word' id='word_1_341' title='bbox 1145 4448 1212 4519; x_wconf 90' lang='lat' dir='ltr'><strong>hoo</strong></span> <span class='ocrx_word' id='word_1_342' title='bbox 1231 4449 1324 4541; x_wconf 93' lang='lat' dir='ltr'><strong>quod</strong></span> <span class='ocrx_word' id='word_1_343' title='bbox 1346 4447 1427 4520; x_wconf 86' lang='lat' dir='ltr'><strong>fidei</strong></span> <span class='ocrx_word' id='word_1_344' title='bbox 1447 4453 1632 4541; x_wconf 80' lang='lat' dir='ltr'><strong>negocium</strong></span> <span class='ocrx_word' id='word_1_345' title='bbox 1651 4451 1876 4541; x_wconf 86' lang='lat' dir='ltr'><strong>generaliter</strong></span> 
     </span>
     <span class='ocr_line' id='line_1_40' title="bbox 433 4547 1876 4643; baseline 0.005 -29"><span class='ocrx_word' id='word_1_346' title='bbox 433 4547 468 4615; x_wconf 93' lang='lat' dir='ltr'><strong>in</strong></span> <span class='ocrx_word' id='word_1_347' title='bbox 487 4548 565 4637; x_wconf 92' lang='lat' dir='ltr'><strong>ipso</strong></span> <span class='ocrx_word' id='word_1_348' title='bbox 584 4566 694 4636; x_wconf 87' lang='lat' dir='ltr'><strong>regno</strong></span> <span class='ocrx_word' id='word_1_349' title='bbox 722 4547 824 4616; x_wconf 91' lang='lat' dir='ltr'><strong>vobis</strong></span> <span class='ocrx_word' id='word_1_350' title='bbox 850 4547 1119 4629; x_wconf 89' lang='lat' dir='ltr'><strong>committimus,</strong></span> <span class='ocrx_word' id='word_1_351' title='bbox 1140 4549 1406 4618; x_wconf 89' lang='lat' dir='ltr'><strong>commissiones</strong></span> <span class='ocrx_word' id='word_1_352' title='bbox 1432 4569 1453 4617; x_wconf 91' lang='lat' dir='ltr'><strong>a</strong></span> <span class='ocrx_word' id='word_1_353' title='bbox 1474 4550 1606 4641; x_wconf 88' lang='lat' dir='ltr'><strong>prelata</strong></span> <span class='ocrx_word' id='word_1_354' title='bbox 1625 4549 1710 4618; x_wconf 92' lang='lat' dir='ltr'><strong>sede</strong></span> <span class='ocrx_word' id='word_1_355' title='bbox 1733 4549 1876 4643; x_wconf 75' lang='lat' dir='ltr'><strong>dyoce-</strong></span> 
     </span>
     <span class='ocr_line' id='line_1_41' title="bbox 432 4644 1870 4730; baseline 0.003 -16"><span class='ocrx_word' id='word_1_356' title='bbox 432 4644 527 4714; x_wconf 90' lang='lat' dir='ltr'><strong>sauis</strong></span> <span class='ocrx_word' id='word_1_357' title='bbox 546 4644 678 4714; x_wconf 88' lang='lat' dir='ltr'><strong>eisdem</strong></span> <span class='ocrx_word' id='word_1_358' title='bbox 706 4645 834 4730; x_wconf 89' lang='lat' dir='ltr'><strong>lactas,</strong></span> <span class='ocrx_word' id='word_1_359' title='bbox 858 4646 887 4715; x_wconf 88' lang='lat' dir='ltr'><strong>si</strong></span> <span class='ocrx_word' id='word_1_360' title='bbox 909 4646 1024 4714; x_wconf 90' lang='lat' dir='ltr'><strong>lorsan</strong></span> <span class='ocrx_word' id='word_1_361' title='bbox 1046 4646 1182 4714; x_wconf 91' lang='lat' dir='ltr'><strong>illarum</strong></span> <span class='ocrx_word' id='word_1_362' title='bbox 1203 4666 1265 4715; x_wconf 90' lang='lat' dir='ltr'><strong>seu</strong></span> <span class='ocrx_word' id='word_1_363' title='bbox 1286 4646 1389 4715; x_wconf 89' lang='lat' dir='ltr'><strong>etiam</strong></span> <span class='ocrx_word' id='word_1_364' title='bbox 1410 4646 1587 4717; x_wconf 90' lang='lat' dir='ltr'><strong>ordinaria</strong></span> <span class='ocrx_word' id='word_1_365' title='bbox 1609 4647 1719 4716; x_wconf 90' lang='lat' dir='ltr'><strong>velint</strong></span> <span class='ocrx_word' id='word_1_366' title='bbox 1737 4659 1870 4720; x_wconf 88' lang='lat' dir='ltr'><strong>aucto·</strong></span> 
     </span>
     <span class='ocr_line' id='line_1_42' title="bbox 431 4741 1875 4835; baseline 0.005 -25"><span class='ocrx_word' id='word_1_367' title='bbox 431 4741 534 4810; x_wconf 89' lang='lat' dir='ltr'><strong>ritate</strong></span> <span class='ocrx_word' id='word_1_368' title='bbox 558 4741 770 4833; x_wconf 89' lang='lat' dir='ltr'><strong>procedere,</strong></span> <span class='ocrx_word' id='word_1_369' title='bbox 794 4743 1010 4812; x_wconf 90' lang='lat' dir='ltr'><strong>intendimus</strong></span> <span class='ocrx_word' id='word_1_370' title='bbox 1037 4764 1223 4830; x_wconf 85' lang='lat' dir='ltr'><strong>revocare3</strong></span> <span class='ocrx_word' id='word_1_371' title='bbox 1250 4755 1539 4835; x_wconf 91' lang='lat' dir='ltr'><strong>verumptamen,</strong></span> <span class='ocrx_word' id='word_1_372' title='bbox 1560 4745 1637 4814; x_wconf 91' lang='lat' dir='ltr'><strong>sive</strong></span> <span class='ocrx_word' id='word_1_373' title='bbox 1655 4747 1875 4818; x_wconf 89' lang='lat' dir='ltr'><strong>auctoritate</strong></span> 
     </span>
     <span class='ocr_line' id='line_1_43' title="bbox 431 4837 1874 4935; baseline 0.004 -25"><span class='ocrx_word' id='word_1_374' title='bbox 431 4837 627 4925; x_wconf 92' lang='lat' dir='ltr'><strong>ordinaria,</strong></span> <span class='ocrx_word' id='word_1_375' title='bbox 648 4840 725 4909; x_wconf 93' lang='lat' dir='ltr'><strong>sive</strong></span> <span class='ocrx_word' id='word_1_376' title='bbox 746 4861 792 4910; x_wconf 86' lang='lat' dir='ltr'><strong>ex</strong></span> <span class='ocrx_word' id='word_1_377' title='bbox 811 4840 1034 4932; x_wconf 90' lang='lat' dir='ltr'><strong>delegatione</strong></span> <span class='ocrx_word' id='word_1_378' title='bbox 1054 4840 1210 4932; x_wconf 90' lang='lat' dir='ltr'><strong>predicte</strong></span> <span class='ocrx_word' id='word_1_379' title='bbox 1228 4842 1323 4910; x_wconf 91' lang='lat' dir='ltr'><strong>sedis</strong></span> <span class='ocrx_word' id='word_1_380' title='bbox 1352 4841 1457 4910; x_wconf 91' lang='lat' dir='ltr'><strong>iidem</strong></span> <span class='ocrx_word' id='word_1_381' title='bbox 1484 4841 1673 4935; x_wconf 81' lang='lat' dir='ltr'><strong>dyocesani</strong></span> <span class='ocrx_word' id='word_1_382' title='bbox 1694 4841 1729 4910; x_wconf 93' lang='lat' dir='ltr'><strong>in</strong></span> <span class='ocrx_word' id='word_1_383' title='bbox 1759 4841 1874 4934; x_wconf 89' lang='lat' dir='ltr'><strong>hujus</strong></span> 
     </span>
     <span class='ocr_line' id='line_1_44' title="bbox 431 4937 1873 5031; baseline 0.004 -24"><span class='ocrx_word' id='word_1_384' title='bbox 431 4937 577 5025; x_wconf 88' lang='lat' dir='ltr'><strong>negocio</strong></span> <span class='ocrx_word' id='word_1_385' title='bbox 598 4937 850 5029; x_wconf 89' lang='lat' dir='ltr'><strong>processerint,</strong></span> <span class='ocrx_word' id='word_1_386' title='bbox 873 4959 1094 5030; x_wconf 89' lang='lat' dir='ltr'><strong>nequaquam</strong></span> <span class='ocrx_word' id='word_1_387' title='bbox 1119 4938 1282 5009; x_wconf 91' lang='lat' dir='ltr'><strong>volumus</strong></span> <span class='ocrx_word' id='word_1_388' title='bbox 1302 4938 1359 5009; x_wconf 90' lang='lat' dir='ltr'><strong>vel</strong></span> <span class='ocrx_word' id='word_1_389' title='bbox 1387 4959 1449 5031; x_wconf 93' lang='lat' dir='ltr'><strong>per</strong></span> <span class='ocrx_word' id='word_1_390' title='bbox 1467 4959 1675 5010; x_wconf 90' lang='lat' dir='ltr'><strong>concursum</strong></span> <span class='ocrx_word' id='word_1_391' title='bbox 1697 4939 1756 5009; x_wconf 91' lang='lat' dir='ltr'><strong>vel</strong></span> <span class='ocrx_word' id='word_1_392' title='bbox 1776 4940 1873 5013; x_wconf 87' lang='lat' dir='ltr'><strong>alias</strong></span> 
     </span>
     <span class='ocr_line' id='line_1_45' title="bbox 430 5034 1870 5131; baseline 0.006 -29"><span class='ocrx_word' id='word_1_393' title='bbox 430 5034 696 5127; x_wconf 87' lang='lat' dir='ltr'><strong>quomodolibet</strong></span> <span class='ocrx_word' id='word_1_394' title='bbox 713 5047 851 5107; x_wconf 88' lang='lat' dir='ltr'><strong>vestros</strong></span> <span class='ocrx_word' id='word_1_395' title='bbox 877 5036 1038 5128; x_wconf 89' lang='lat' dir='ltr'><strong>impediri</strong></span> <span class='ocrx_word' id='word_1_396' title='bbox 1064 5057 1268 5129; x_wconf 87' lang='lat' dir='ltr'><strong>processus,</strong></span> <span class='ocrx_word' id='word_1_397' title='bbox 1291 5035 1376 5127; x_wconf 93' lang='lat' dir='ltr'><strong>quin</strong></span> <span class='ocrx_word' id='word_1_398' title='bbox 1403 5036 1683 5131; x_wconf 80' lang='lat' dir='ltr'><strong>dyocesanorum</strong></span> <span class='ocrx_word' id='word_1_399' title='bbox 1704 5035 1870 5129; x_wconf 89' lang='lat' dir='ltr'><strong>ipsorum</strong></span> 
     </span>
    </p>
   </div>
   <div class='ocr_carea' id='block_1_3' title="bbox 0 0 2321 6404">
    <p class='ocr_par' dir='ltr' id='par_1_5' title="bbox 0 0 2321 6404">
     <span class='ocr_line' id='line_1_46' title="bbox 0 0 2321 6404; baseline 0 0"><span class='ocrx_word' id='word_1_400' title='bbox 0 0 2321 6404; x_wconf 95' lang='lat' dir='ltr'><strong> </strong></span> 
     </span>
    </p>
   </div>
  </div>
 </body>
</html>
