<?xml version="1.0" encoding="UTF-8"?>
<!DOCTYPE html PUBLIC "-//W3C//DTD XHTML 1.0 Transitional//EN"
    "http://www.w3.org/TR/xhtml1/DTD/xhtml1-transitional.dtd">
<html xmlns="http://www.w3.org/1999/xhtml" xml:lang="en" lang="en">
 <head>
  <title>
</title>
<meta http-equiv="Content-Type" content="text/html;charset=utf-8" />
  <meta name='ocr-system' content='tesseract 3.04.00' />
  <meta name='ocr-capabilities' content='ocr_page ocr_carea ocr_par ocr_line ocrx_word'/>
</head>
<body>
  <div class='ocr_page' id='page_1' title='image "./practicainquisi00douagoog_0275.png"; bbox 0 0 4612 6404; ppageno 0'>
   <div class='ocr_carea' id='block_1_1' title="bbox 440 647 1585 728">
    <p class='ocr_par' dir='ltr' id='par_1_1' title="bbox 440 647 1585 728">
     <span class='ocr_line' id='line_1_1' title="bbox 440 647 1585 728; baseline -0.003 -12"><span class='ocrx_word' id='word_1_1' title='bbox 440 647 511 716; x_wconf 80' lang='lat'>318</span> <span class='ocrx_word' id='word_1_2' title='bbox 727 661 890 715; x_wconf 80' lang='lat' dir='ltr'>rmcrtcn</span> <span class='ocrx_word' id='word_1_3' title='bbox 916 661 1157 728; x_wconf 83' lang='lat' dir='ltr'>tuomstrtoins</span> <span class='ocrx_word' id='word_1_4' title='bbox 1185 661 1347 714; x_wconf 74' lang='lat' dir='ltr'>umbrica</span> <span class='ocrx_word' id='word_1_5' title='bbox 1373 660 1585 712; x_wconf 78' lang='lat' dir='ltr'>rnnvtrirts.</span> 
     </span>
    </p>
   </div>
   <div class='ocr_carea' id='block_1_2' title="bbox 431 820 1879 5121">
    <p class='ocr_par' dir='ltr' id='par_1_2' title="bbox 441 820 1871 1013">
     <span class='ocr_line' id='line_1_2' title="bbox 441 820 1871 913; baseline -0.001 -22"><span class='ocrx_word' id='word_1_6' title='bbox 441 823 592 906; x_wconf 90' lang='lat' dir='ltr'>luerint,</span> <span class='ocrx_word' id='word_1_7' title='bbox 621 842 736 912; x_wconf 87' lang='lat' dir='ltr'>neque</span> <span class='ocrx_word' id='word_1_8' title='bbox 765 842 827 913; x_wconf 90' lang='lat' dir='ltr'>per</span> <span class='ocrx_word' id='word_1_9' title='bbox 844 820 1071 912; x_wconf 84' lang='lat' dir='ltr'>concionem,</span> <span class='ocrx_word' id='word_1_10' title='bbox 1094 842 1209 912; x_wconf 87' lang='lat' dir='ltr'>oeque</span> <span class='ocrx_word' id='word_1_11' title='bbox 1231 844 1292 913; x_wconf 91' lang='lat' dir='ltr'>per</span> <span class='ocrx_word' id='word_1_12' title='bbox 1318 820 1524 900; x_wconf 89' lang='lat' dir='ltr'>consilinm,</span> <span class='ocrx_word' id='word_1_13' title='bbox 1547 821 1726 912; x_wconf 91' lang='lat' dir='ltr'>nequead</span> <span class='ocrx_word' id='word_1_14' title='bbox 1748 840 1871 892; x_wconf 92' lang='lat' dir='ltr'>vocem</span> 
     </span>
     <span class='ocr_line' id='line_1_3' title="bbox 441 918 1696 1013; baseline -0.005 -22"><span class='ocrx_word' id='word_1_15' title='bbox 441 920 586 1013; x_wconf 93' lang='lat' dir='ltr'>populi,</span> <span class='ocrx_word' id='word_1_16' title='bbox 609 919 680 988; x_wconf 93' lang='lat' dir='ltr'>ullo</span> <span class='ocrx_word' id='word_1_17' title='bbox 701 920 806 988; x_wconf 92' lang='lat' dir='ltr'>modo</span> <span class='ocrx_word' id='word_1_18' title='bbox 825 928 886 987; x_wconf 93' lang='lat' dir='ltr'>aut</span> <span class='ocrx_word' id='word_1_19' title='bbox 900 920 1042 1008; x_wconf 80' lang='lat' dir='ltr'>ingenio</span> <span class='ocrx_word' id='word_1_20' title='bbox 1057 919 1177 1009; x_wconf 91' lang='lat' dir='ltr'>aliquo</span> <span class='ocrx_word' id='word_1_21' title='bbox 1192 930 1348 1011; x_wconf 89' lang='lat' dir='ltr'>tempore</span> <span class='ocrx_word' id='word_1_22' title='bbox 1372 919 1509 987; x_wconf 87' lang='lat' dir='ltr'>valeant</span> <span class='ocrx_word' id='word_1_23' title='bbox 1533 918 1696 988; x_wconf 83' lang='lat' dir='ltr'>relaxari.</span> 
     </span>
    </p>

    <p class='ocr_par' dir='ltr' id='par_1_3' title="bbox 441 1017 1878 1588">
     <span class='ocr_line' id='line_1_4' title="bbox 490 1017 1875 1107; baseline 0.001 -21"><span class='ocrx_word' id='word_1_24' title='bbox 490 1017 691 1088; x_wconf 86' lang='lat' dir='ltr'>Teneantur</span> <span class='ocrx_word' id='word_1_25' title='bbox 710 1019 853 1107; x_wconf 84' lang='lat' dir='ltr'>insuper</span> <span class='ocrx_word' id='word_1_26' title='bbox 883 1026 1061 1107; x_wconf 88' lang='lat' dir='ltr'>potestas,</span> <span class='ocrx_word' id='word_1_27' title='bbox 1083 1017 1302 1107; x_wconf 79' lang='lat' dir='ltr'>capitaneus,</span> <span class='ocrx_word' id='word_1_28' title='bbox 1325 1017 1446 1104; x_wconf 79' lang='lat' dir='ltr'>consul</span> <span class='ocrx_word' id='word_1_29' title='bbox 1472 1037 1534 1085; x_wconf 91' lang='lat' dir='ltr'>seu</span> <span class='ocrx_word' id='word_1_30' title='bbox 1556 1017 1674 1106; x_wconf 91' lang='lat' dir='ltr'>quivis</span> <span class='ocrx_word' id='word_1_31' title='bbox 1690 1017 1780 1085; x_wconf 91' lang='lat' dir='ltr'>alius</span> <span class='ocrx_word' id='word_1_32' title='bbox 1800 1038 1875 1087; x_wconf 88' lang='lat' dir='ltr'>rec·</span> 
     </span>
     <span class='ocr_line' id='line_1_5' title="bbox 442 1112 1876 1206; baseline -0.001 -20"><span class='ocrx_word' id='word_1_33' title='bbox 442 1128 496 1189; x_wconf 92' lang='lat' dir='ltr'>tor</span> <span class='ocrx_word' id='word_1_34' title='bbox 516 1117 634 1186; x_wconf 91' lang='lat' dir='ltr'>omnia</span> <span class='ocrx_word' id='word_1_35' title='bbox 660 1115 751 1185; x_wconf 89' lang='lat' dir='ltr'>bona</span> <span class='ocrx_word' id='word_1_36' title='bbox 771 1112 1005 1184; x_wconf 77' lang='lat' dir='ltr'>hereticorum</span> <span class='ocrx_word' id='word_1_37' title='bbox 1024 1126 1058 1183; x_wconf 90' lang='lat' dir='ltr'>et</span> <span class='ocrx_word' id='word_1_38' title='bbox 1078 1126 1333 1205; x_wconf 89' lang='lat' dir='ltr'>receptatorum</span> <span class='ocrx_word' id='word_1_39' title='bbox 1355 1136 1475 1184; x_wconf 90' lang='lat' dir='ltr'>eorum</span> <span class='ocrx_word' id='word_1_40' title='bbox 1495 1134 1564 1204; x_wconf 87' lang='lat' dir='ltr'>que</span> <span class='ocrx_word' id='word_1_41' title='bbox 1585 1136 1646 1206; x_wconf 86' lang='lat' dir='ltr'>per</span> <span class='ocrx_word' id='word_1_42' title='bbox 1666 1114 1779 1184; x_wconf 89' lang='lat' dir='ltr'>dictos</span> <span class='ocrx_word' id='word_1_43' title='bbox 1799 1113 1876 1185; x_wconf 88' lang='lat' dir='ltr'>olli·</span> 
     </span>
     <span class='ocr_line' id='line_1_6' title="bbox 442 1211 1875 1305; baseline -0.001 -21"><span class='ocrx_word' id='word_1_44' title='bbox 442 1213 549 1285; x_wconf 89' lang='lat' dir='ltr'>ciales</span> <span class='ocrx_word' id='word_1_45' title='bbox 567 1214 697 1282; x_wconf 90' lang='lat' dir='ltr'>luerint</span> <span class='ocrx_word' id='word_1_46' title='bbox 712 1223 880 1305; x_wconf 89' lang='lat' dir='ltr'>occupata</span> <span class='ocrx_word' id='word_1_47' title='bbox 898 1212 953 1281; x_wconf 88' lang='lat' dir='ltr'>vel</span> <span class='ocrx_word' id='word_1_48' title='bbox 969 1213 1131 1289; x_wconf 88' lang='lat' dir='ltr'>inventa,</span> <span class='ocrx_word' id='word_1_49' title='bbox 1151 1225 1185 1280; x_wconf 90' lang='lat' dir='ltr'>et</span> <span class='ocrx_word' id='word_1_50' title='bbox 1204 1212 1540 1304; x_wconf 90' lang='lat' dir='ltr'>condempnatiuoes</span> <span class='ocrx_word' id='word_1_51' title='bbox 1559 1233 1621 1302; x_wconf 92' lang='lat' dir='ltr'>pru</span> <span class='ocrx_word' id='word_1_52' title='bbox 1642 1211 1709 1281; x_wconf 90' lang='lat' dir='ltr'>hiis</span> <span class='ocrx_word' id='word_1_53' title='bbox 1729 1225 1875 1282; x_wconf 84' lang='lat' dir='ltr'>exactas</span> 
     </span>
     <span class='ocr_line' id='line_1_7' title="bbox 441 1310 1878 1402; baseline 0 -21"><span class='ocrx_word' id='word_1_54' title='bbox 441 1334 580 1384; x_wconf 89' lang='lat' dir='ltr'>necnon</span> <span class='ocrx_word' id='word_1_55' title='bbox 612 1321 647 1381; x_wconf 89' lang='lat' dir='ltr'>el</span> <span class='ocrx_word' id='word_1_56' title='bbox 675 1311 791 1402; x_wconf 82' lang='lat' dir='ltr'>ligna,</span> <span class='ocrx_word' id='word_1_57' title='bbox 819 1310 952 1401; x_wconf 89' lang='lat' dir='ltr'>lapides</span> <span class='ocrx_word' id='word_1_58' title='bbox 973 1322 1007 1379; x_wconf 90' lang='lat' dir='ltr'>et</span> <span class='ocrx_word' id='word_1_59' title='bbox 1026 1311 1159 1400; x_wconf 78' lang='lat' dir='ltr'>tegulas</span> <span class='ocrx_word' id='word_1_60' title='bbox 1178 1313 1362 1380; x_wconf 89' lang='lat' dir='ltr'>domorum</span> <span class='ocrx_word' id='word_1_61' title='bbox 1379 1321 1415 1380; x_wconf 89' lang='lat' dir='ltr'>et</span> <span class='ocrx_word' id='word_1_62' title='bbox 1433 1311 1578 1378; x_wconf 90' lang='lat' dir='ltr'>turrium</span> <span class='ocrx_word' id='word_1_63' title='bbox 1600 1332 1669 1400; x_wconf 91' lang='lat' dir='ltr'>que</span> <span class='ocrx_word' id='word_1_64' title='bbox 1689 1311 1878 1381; x_wconf 82' lang='lat' dir='ltr'>occasione</span> 
     </span>
     <span class='ocr_line' id='line_1_8' title="bbox 442 1407 1877 1499; baseline -0.002 -20"><span class='ocrx_word' id='word_1_65' title='bbox 442 1409 580 1481; x_wconf 83' lang='lat' dir='ltr'>heresis</span> <span class='ocrx_word' id='word_1_66' title='bbox 601 1410 854 1490; x_wconf 89' lang='lat' dir='ltr'>destruuntur,</span> <span class='ocrx_word' id='word_1_67' title='bbox 877 1419 911 1477; x_wconf 90' lang='lat' dir='ltr'>et</span> <span class='ocrx_word' id='word_1_68' title='bbox 937 1408 1026 1478; x_wconf 90' lang='lat' dir='ltr'>bona</span> <span class='ocrx_word' id='word_1_69' title='bbox 1049 1419 1117 1476; x_wconf 91' lang='lat' dir='ltr'>tam</span> <span class='ocrx_word' id='word_1_70' title='bbox 1141 1408 1283 1478; x_wconf 85' lang='lat' dir='ltr'>mobilia</span> <span class='ocrx_word' id='word_1_71' title='bbox 1310 1429 1413 1499; x_wconf 89' lang='lat' dir='ltr'>quam</span> <span class='ocrx_word' id='word_1_72' title='bbox 1443 1407 1633 1478; x_wconf 87' lang='lat' dir='ltr'>immobilia</span> <span class='ocrx_word' id='word_1_73' title='bbox 1659 1429 1729 1499; x_wconf 90' lang='lat' dir='ltr'>que</span> <span class='ocrx_word' id='word_1_74' title='bbox 1749 1408 1877 1478; x_wconf 92' lang='lat' dir='ltr'>eadem</span> 
     </span>
     <span class='ocr_line' id='line_1_9' title="bbox 442 1504 1363 1588; baseline -0.007 -9"><span class='ocrx_word' id='word_1_75' title='bbox 442 1510 630 1579; x_wconf 89' lang='lat' dir='ltr'>occasione</span> <span class='ocrx_word' id='word_1_76' title='bbox 653 1504 959 1588; x_wconf 87' lang='lat' dir='ltr'>confiscabantur,</span> <span class='ocrx_word' id='word_1_77' title='bbox 983 1506 1144 1575; x_wconf 89' lang='lat' dir='ltr'>dividere</span> <span class='ocrx_word' id='word_1_78' title='bbox 1166 1506 1223 1574; x_wconf 91' lang='lat' dir='ltr'>tali</span> <span class='ocrx_word' id='word_1_79' title='bbox 1247 1507 1363 1576; x_wconf 90' lang='lat' dir='ltr'>modo.</span> 
     </span>
    </p>

    <p class='ocr_par' dir='ltr' id='par_1_4' title="bbox 439 1603 1879 2264">
     <span class='ocr_line' id='line_1_10' title="bbox 490 1603 1875 1696; baseline -0.001 -22"><span class='ocrx_word' id='word_1_80' title='bbox 490 1603 565 1676; x_wconf 90' lang='lat' dir='ltr'>Una</span> <span class='ocrx_word' id='word_1_81' title='bbox 589 1626 668 1696; x_wconf 90' lang='lat' dir='ltr'>pars</span> <span class='ocrx_word' id='word_1_82' title='bbox 687 1605 854 1674; x_wconf 89' lang='lat' dir='ltr'>deveniat</span> <span class='ocrx_word' id='word_1_83' title='bbox 866 1606 902 1672; x_wconf 89' lang='lat' dir='ltr'>in</span> <span class='ocrx_word' id='word_1_84' title='bbox 922 1624 1109 1674; x_wconf 90' lang='lat' dir='ltr'>commuue</span> <span class='ocrx_word' id='word_1_85' title='bbox 1128 1604 1281 1674; x_wconf 91' lang='lat' dir='ltr'>civitatis</span> <span class='ocrx_word' id='word_1_86' title='bbox 1296 1606 1352 1673; x_wconf 88' lang='lat' dir='ltr'>vel</span> <span class='ocrx_word' id='word_1_87' title='bbox 1375 1605 1462 1692; x_wconf 78' lang='lat' dir='ltr'>loci,</span> <span class='ocrx_word' id='word_1_88' title='bbox 1483 1603 1637 1675; x_wconf 88' lang='lat' dir='ltr'>secunda</span> <span class='ocrx_word' id='word_1_89' title='bbox 1659 1604 1693 1671; x_wconf 91' lang='lat' dir='ltr'>in</span> <span class='ocrx_word' id='word_1_90' title='bbox 1715 1605 1875 1673; x_wconf 86' lang='lat' dir='ltr'>favorem</span> 
     </span>
     <span class='ocr_line' id='line_1_11' title="bbox 445 1699 1875 1796; baseline -0.003 -22"><span class='ocrx_word' id='word_1_91' title='bbox 445 1715 479 1774; x_wconf 86' lang='lat' dir='ltr'>et</span> <span class='ocrx_word' id='word_1_92' title='bbox 496 1704 761 1796; x_wconf 75' lang='lat' dir='ltr'>expeditionem</span> <span class='ocrx_word' id='word_1_93' title='bbox 776 1699 1208 1772; x_wconf 85' lang='lat' dir='ltr'>olficiideturollicialibus</span> <span class='ocrx_word' id='word_1_94' title='bbox 1222 1704 1280 1793; x_wconf 94' lang='lat' dir='ltr'>qni</span> <span class='ocrx_word' id='word_1_95' title='bbox 1296 1715 1378 1772; x_wconf 91' lang='lat' dir='ltr'>tunc</span> <span class='ocrx_word' id='word_1_96' title='bbox 1394 1703 1536 1792; x_wconf 79' lang='lat' dir='ltr'>negocia</span> <span class='ocrx_word' id='word_1_97' title='bbox 1549 1704 1621 1793; x_wconf 92' lang='lat' dir='ltr'>ipsa</span> <span class='ocrx_word' id='word_1_98' title='bbox 1637 1699 1875 1793; x_wconf 78' lang='lat' dir='ltr'>peregeruu&#39;t3</span> 
     </span>
     <span class='ocr_line' id='line_1_12' title="bbox 443 1800 1879 1894; baseline 0 -24"><span class='ocrx_word' id='word_1_99' title='bbox 443 1804 552 1870; x_wconf 89' lang='lat' dir='ltr'>tercia</span> <span class='ocrx_word' id='word_1_100' title='bbox 575 1821 657 1894; x_wconf 91' lang='lat' dir='ltr'>pars</span> <span class='ocrx_word' id='word_1_101' title='bbox 678 1814 827 1892; x_wconf 91' lang='lat' dir='ltr'>ponatur</span> <span class='ocrx_word' id='word_1_102' title='bbox 843 1800 876 1867; x_wconf 92' lang='lat' dir='ltr'>in</span> <span class='ocrx_word' id='word_1_103' title='bbox 895 1802 1013 1891; x_wconf 91' lang='lat' dir='ltr'>aliquo</span> <span class='ocrx_word' id='word_1_104' title='bbox 1032 1811 1106 1868; x_wconf 91' lang='lat' dir='ltr'>tuto</span> <span class='ocrx_word' id='word_1_105' title='bbox 1123 1800 1211 1881; x_wconf 84' lang='lat' dir='ltr'>locu,</span> <span class='ocrx_word' id='word_1_106' title='bbox 1224 1802 1417 1870; x_wconf 84' lang='lat' dir='ltr'>secundum</span> <span class='ocrx_word' id='word_1_107' title='bbox 1439 1801 1533 1891; x_wconf 91' lang='lat' dir='ltr'>quod</span> <span class='ocrx_word' id='word_1_108' title='bbox 1554 1800 1656 1868; x_wconf 93' lang='lat' dir='ltr'>dictis</span> <span class='ocrx_word' id='word_1_109' title='bbox 1672 1801 1879 1891; x_wconf 84' lang='lat' dir='ltr'>dyocesano</span> 
     </span>
     <span class='ocr_line' id='line_1_13' title="bbox 442 1898 1877 1991; baseline -0.001 -22"><span class='ocrx_word' id='word_1_110' title='bbox 442 1911 478 1969; x_wconf 91' lang='lat' dir='ltr'>et</span> <span class='ocrx_word' id='word_1_111' title='bbox 510 1898 779 1991; x_wconf 87' lang='lat' dir='ltr'>inquisitoribus</span> <span class='ocrx_word' id='word_1_112' title='bbox 809 1898 865 1967; x_wconf 88' lang='lat' dir='ltr'>vel</span> <span class='ocrx_word' id='word_1_113' title='bbox 896 1898 1094 1989; x_wconf 89' lang='lat' dir='ltr'>inquisitori</span> <span class='ocrx_word' id='word_1_114' title='bbox 1126 1898 1305 1967; x_wconf 87' lang='lat' dir='ltr'>videbitur</span> <span class='ocrx_word' id='word_1_115' title='bbox 1337 1899 1549 1968; x_wconf 88' lang='lat' dir='ltr'>reservanda</span> <span class='ocrx_word' id='word_1_116' title='bbox 1574 1909 1610 1966; x_wconf 89' lang='lat' dir='ltr'>et</span> <span class='ocrx_word' id='word_1_117' title='bbox 1634 1898 1877 1988; x_wconf 80' lang='lat' dir='ltr'>expendenda</span> 
     </span>
     <span class='ocr_line' id='line_1_14' title="bbox 442 1994 1875 2088; baseline -0.001 -22"><span class='ocrx_word' id='word_1_118' title='bbox 442 2019 505 2088; x_wconf 92' lang='lat' dir='ltr'>per</span> <span class='ocrx_word' id='word_1_119' title='bbox 533 1996 717 2069; x_wconf 88' lang='lat' dir='ltr'>consilium</span> <span class='ocrx_word' id='word_1_120' title='bbox 750 1995 954 2067; x_wconf 82' lang='lat' dir='ltr'>eorumdem</span> <span class='ocrx_word' id='word_1_121' title='bbox 986 1997 1018 2063; x_wconf 92' lang='lat' dir='ltr'>in</span> <span class='ocrx_word' id='word_1_122' title='bbox 1054 1995 1208 2066; x_wconf 84' lang='lat' dir='ltr'>levorem</span> <span class='ocrx_word' id='word_1_123' title='bbox 1241 1994 1320 2066; x_wconf 86' lang='lat' dir='ltr'>fidei</span> <span class='ocrx_word' id='word_1_124' title='bbox 1349 1997 1453 2066; x_wconf 90' lang='lat' dir='ltr'>etad</span> <span class='ocrx_word' id='word_1_125' title='bbox 1487 1996 1659 2065; x_wconf 89' lang='lat' dir='ltr'>hereticos</span> <span class='ocrx_word' id='word_1_126' title='bbox 1687 1995 1875 2086; x_wconf 82' lang='lat' dir='ltr'>extirpan-</span> 
     </span>
     <span class='ocr_line' id='line_1_15' title="bbox 441 2092 1877 2185; baseline -0.002 -22"><span class='ocrx_word' id='word_1_127' title='bbox 441 2096 531 2175; x_wconf 83' lang='lat' dir='ltr'>dos,</span> <span class='ocrx_word' id='word_1_128' title='bbox 556 2117 624 2165; x_wconf 91' lang='lat' dir='ltr'>non</span> <span class='ocrx_word' id='word_1_129' title='bbox 650 2095 811 2166; x_wconf 91' lang='lat' dir='ltr'>obstante</span> <span class='ocrx_word' id='word_1_130' title='bbox 837 2092 1037 2183; x_wconf 90' lang='lat' dir='ltr'>hujusmodi</span> <span class='ocrx_word' id='word_1_131' title='bbox 1064 2094 1230 2164; x_wconf 89' lang='lat' dir='ltr'>divisioni</span> <span class='ocrx_word' id='word_1_132' title='bbox 1251 2106 1381 2165; x_wconf 91' lang='lat' dir='ltr'>statuto</span> <span class='ocrx_word' id='word_1_133' title='bbox 1405 2094 1524 2185; x_wconf 91' lang='lat' dir='ltr'>aliquo</span> <span class='ocrx_word' id='word_1_134' title='bbox 1543 2092 1686 2163; x_wconf 90' lang='lat' dir='ltr'>condito</span> <span class='ocrx_word' id='word_1_135' title='bbox 1714 2092 1767 2162; x_wconf 89' lang='lat' dir='ltr'>rel</span> <span class='ocrx_word' id='word_1_136' title='bbox 1788 2114 1877 2161; x_wconf 91' lang='lat' dir='ltr'>coo·</span> 
     </span>
     <span class='ocr_line' id='line_1_16' title="bbox 439 2191 570 2264; baseline 0.015 -4"><span class='ocrx_word' id='word_1_137' title='bbox 439 2191 570 2264; x_wconf 89' lang='lat' dir='ltr'>dendo.</span> 
     </span>
    </p>

    <p class='ocr_par' dir='ltr' id='par_1_5' title="bbox 441 2287 1877 3360">
     <span class='ocr_line' id='line_1_17' title="bbox 494 2287 1877 2388; baseline -0.001 -28"><span class='ocrx_word' id='word_1_138' title='bbox 494 2287 547 2388; x_wconf 79' lang='lat' dir='ltr'>[F0</span> <span class='ocrx_word' id='word_1_139' title='bbox 568 2292 631 2360; x_wconf 85' lang='lat' dir='ltr'>t7t</span> <span class='ocrx_word' id='word_1_140' title='bbox 655 2287 692 2388; x_wconf 86' lang='lat' dir='ltr'>b]</span> <span class='ocrx_word' id='word_1_141' title='bbox 713 2290 911 2361; x_wconf 88' lang='lat' dir='ltr'>Teneautur</span> <span class='ocrx_word' id='word_1_142' title='bbox 941 2305 1098 2382; x_wconf 86' lang='lat' dir='ltr'>preterea</span> <span class='ocrx_word' id='word_1_143' title='bbox 1122 2301 1300 2383; x_wconf 88' lang='lat' dir='ltr'>potestas,</span> <span class='ocrx_word' id='word_1_144' title='bbox 1330 2293 1385 2362; x_wconf 90' lang='lat' dir='ltr'>vel</span> <span class='ocrx_word' id='word_1_145' title='bbox 1411 2303 1524 2361; x_wconf 92' lang='lat' dir='ltr'>rector</span> <span class='ocrx_word' id='word_1_146' title='bbox 1546 2291 1700 2360; x_wconf 84' lang='lat' dir='ltr'>civitatis</span> <span class='ocrx_word' id='word_1_147' title='bbox 1720 2311 1782 2358; x_wconf 89' lang='lat' dir='ltr'>seu</span> <span class='ocrx_word' id='word_1_148' title='bbox 1804 2288 1877 2360; x_wconf 91' lang='lat' dir='ltr'>loci</span> 
     </span>
     <span class='ocr_line' id='line_1_18' title="bbox 442 2386 1876 2478; baseline -0.003 -19"><span class='ocrx_word' id='word_1_149' title='bbox 442 2390 588 2460; x_wconf 89' lang='lat' dir='ltr'>alterius</span> <span class='ocrx_word' id='word_1_150' title='bbox 613 2392 769 2459; x_wconf 86' lang='lat' dir='ltr'>vendere</span> <span class='ocrx_word' id='word_1_151' title='bbox 798 2388 890 2460; x_wconf 91' lang='lat' dir='ltr'>bona</span> <span class='ocrx_word' id='word_1_152' title='bbox 917 2387 986 2457; x_wconf 86' lang='lat' dir='ltr'>lide</span> <span class='ocrx_word' id='word_1_153' title='bbox 1012 2410 1090 2457; x_wconf 91' lang='lat' dir='ltr'>cum</span> <span class='ocrx_word' id='word_1_154' title='bbox 1126 2389 1273 2459; x_wconf 91' lang='lat' dir='ltr'>consilio</span> <span class='ocrx_word' id='word_1_155' title='bbox 1303 2401 1338 2460; x_wconf 88' lang='lat' dir='ltr'>et</span> <span class='ocrx_word' id='word_1_156' title='bbox 1363 2410 1508 2459; x_wconf 84' lang='lat' dir='ltr'>assensn</span> <span class='ocrx_word' id='word_1_157' title='bbox 1537 2387 1781 2478; x_wconf 86' lang='lat' dir='ltr'>inquisitorum</span> <span class='ocrx_word' id='word_1_158' title='bbox 1812 2386 1876 2459; x_wconf 88' lang='lat' dir='ltr'>vel</span> 
     </span>
     <span class='ocr_line' id='line_1_19' title="bbox 444 2485 1875 2580; baseline 0.001 -26"><span class='ocrx_word' id='word_1_159' title='bbox 444 2487 684 2579; x_wconf 88' lang='lat' dir='ltr'>inquisitoris,</span> <span class='ocrx_word' id='word_1_160' title='bbox 711 2509 781 2578; x_wconf 93' lang='lat' dir='ltr'>que</span> <span class='ocrx_word' id='word_1_161' title='bbox 809 2485 1044 2557; x_wconf 86' lang='lat' dir='ltr'>confiscantur</span> <span class='ocrx_word' id='word_1_162' title='bbox 1070 2488 1254 2558; x_wconf 88' lang='lat' dir='ltr'>occasione</span> <span class='ocrx_word' id='word_1_163' title='bbox 1279 2487 1434 2557; x_wconf 85' lang='lat' dir='ltr'>heretice</span> <span class='ocrx_word' id='word_1_164' title='bbox 1458 2486 1662 2580; x_wconf 89' lang='lat' dir='ltr'>pravitatis,</span> <span class='ocrx_word' id='word_1_165' title='bbox 1690 2485 1778 2553; x_wconf 90' lang='lat' dir='ltr'>inlra</span> <span class='ocrx_word' id='word_1_166' title='bbox 1800 2496 1875 2556; x_wconf 88' lang='lat' dir='ltr'>tres</span> 
     </span>
     <span class='ocr_line' id='line_1_20' title="bbox 443 2583 1876 2678; baseline 0.001 -25"><span class='ocrx_word' id='word_1_167' title='bbox 443 2605 582 2657; x_wconf 89' lang='lat' dir='ltr'>menses</span> <span class='ocrx_word' id='word_1_168' title='bbox 604 2597 681 2678; x_wconf 89' lang='lat' dir='ltr'>post</span> <span class='ocrx_word' id='word_1_169' title='bbox 699 2584 985 2654; x_wconf 87' lang='lat' dir='ltr'>confiscationem</span> <span class='ocrx_word' id='word_1_170' title='bbox 1016 2583 1231 2673; x_wconf 91' lang='lat' dir='ltr'>hujusmodi.</span> <span class='ocrx_word' id='word_1_171' title='bbox 1253 2585 1353 2668; x_wconf 86' lang='lat' dir='ltr'>Quod</span> <span class='ocrx_word' id='word_1_172' title='bbox 1375 2587 1404 2655; x_wconf 93' lang='lat' dir='ltr'>si</span> <span class='ocrx_word' id='word_1_173' title='bbox 1426 2606 1493 2655; x_wconf 90' lang='lat' dir='ltr'>non</span> <span class='ocrx_word' id='word_1_174' title='bbox 1520 2584 1659 2665; x_wconf 88' lang='lat' dir='ltr'>lecerit,</span> <span class='ocrx_word' id='word_1_175' title='bbox 1682 2586 1876 2673; x_wconf 88' lang='lat' dir='ltr'>premissas</span> 
     </span>
     <span class='ocr_line' id='line_1_21' title="bbox 442 2680 1873 2776; baseline -0.001 -24"><span class='ocrx_word' id='word_1_176' title='bbox 442 2704 552 2775; x_wconf 88' lang='lat' dir='ltr'>penas</span> <span class='ocrx_word' id='word_1_177' title='bbox 572 2705 615 2754; x_wconf 94' lang='lat' dir='ltr'>eo</span> <span class='ocrx_word' id='word_1_178' title='bbox 636 2684 712 2776; x_wconf 93' lang='lat' dir='ltr'>ipso</span> <span class='ocrx_word' id='word_1_179' title='bbox 738 2684 913 2767; x_wconf 78' lang='lat' dir='ltr'>incurrat,</span> <span class='ocrx_word' id='word_1_180' title='bbox 945 2694 980 2751; x_wconf 88' lang='lat' dir='ltr'>ct</span> <span class='ocrx_word' id='word_1_181' title='bbox 1002 2682 1252 2753; x_wconf 87' lang='lat' dir='ltr'>nichilominus</span> <span class='ocrx_word' id='word_1_182' title='bbox 1284 2683 1509 2774; x_wconf 87' lang='lat' dir='ltr'>inquisitores</span> <span class='ocrx_word' id='word_1_183' title='bbox 1528 2682 1584 2751; x_wconf 86' lang='lat' dir='ltr'>vel</span> <span class='ocrx_word' id='word_1_184' title='bbox 1605 2680 1792 2771; x_wconf 89' lang='lat' dir='ltr'>inquisitor</span> <span class='ocrx_word' id='word_1_185' title='bbox 1811 2680 1873 2751; x_wconf 91' lang='lat' dir='ltr'>illa</span> 
     </span>
     <span class='ocr_line' id='line_1_22' title="bbox 443 2778 1872 2875; baseline 0.001 -28"><span class='ocrx_word' id='word_1_186' title='bbox 443 2779 553 2851; x_wconf 89' lang='lat' dir='ltr'>libere</span> <span class='ocrx_word' id='word_1_187' title='bbox 574 2783 732 2852; x_wconf 86' lang='lat' dir='ltr'>vendere</span> <span class='ocrx_word' id='word_1_188' title='bbox 751 2780 905 2862; x_wconf 86' lang='lat' dir='ltr'>valeant,</span> <span class='ocrx_word' id='word_1_189' title='bbox 934 2781 1102 2871; x_wconf 89' lang='lat' dir='ltr'>requisito</span> <span class='ocrx_word' id='word_1_190' title='bbox 1122 2780 1270 2852; x_wconf 88' lang='lat' dir='ltr'>consilio</span> <span class='ocrx_word' id='word_1_191' title='bbox 1290 2781 1477 2875; x_wconf 80' lang='lat' dir='ltr'>dyocesani</span> <span class='ocrx_word' id='word_1_192' title='bbox 1504 2780 1559 2849; x_wconf 92' lang='lat' dir='ltr'>vel</span> <span class='ocrx_word' id='word_1_193' title='bbox 1581 2780 1657 2868; x_wconf 88' lang='lat' dir='ltr'>ejus</span> <span class='ocrx_word' id='word_1_194' title='bbox 1678 2778 1820 2861; x_wconf 90' lang='lat' dir='ltr'>vicarii,</span> <span class='ocrx_word' id='word_1_195' title='bbox 1841 2780 1872 2850; x_wconf 87' lang='lat' dir='ltr'>si</span> 
     </span>
     <span class='ocr_line' id='line_1_23' title="bbox 443 2875 1872 2968; baseline 0.001 -22"><span class='ocrx_word' id='word_1_196' title='bbox 443 2898 588 2968; x_wconf 87' lang='lat' dir='ltr'>presens</span> <span class='ocrx_word' id='word_1_197' title='bbox 609 2901 678 2948; x_wconf 91' lang='lat' dir='ltr'>nou</span> <span class='ocrx_word' id='word_1_198' title='bbox 702 2877 826 2957; x_wconf 91' lang='lat' dir='ltr'>luerit,</span> <span class='ocrx_word' id='word_1_199' title='bbox 856 2889 890 2946; x_wconf 91' lang='lat' dir='ltr'>et</span> <span class='ocrx_word' id='word_1_200' title='bbox 910 2878 1058 2947; x_wconf 89' lang='lat' dir='ltr'>duorum</span> <span class='ocrx_word' id='word_1_201' title='bbox 1081 2879 1223 2947; x_wconf 75' lang='lat' dir='ltr'>fratrum</span> <span class='ocrx_word' id='word_1_202' title='bbox 1248 2878 1509 2949; x_wconf 90' lang='lat' dir='ltr'>Predicatorum</span> <span class='ocrx_word' id='word_1_203' title='bbox 1536 2889 1570 2946; x_wconf 90' lang='lat' dir='ltr'>et</span> <span class='ocrx_word' id='word_1_204' title='bbox 1592 2876 1736 2945; x_wconf 89' lang='lat' dir='ltr'>totidem</span> <span class='ocrx_word' id='word_1_205' title='bbox 1757 2875 1872 2948; x_wconf 87' lang='lat' dir='ltr'>Mino·</span> 
     </span>
     <span class='ocr_line' id='line_1_24' title="bbox 442 2975 1874 3069; baseline 0 -25"><span class='ocrx_word' id='word_1_206' title='bbox 442 2998 518 3059; x_wconf 88' lang='lat' dir='ltr'>rum</span> <span class='ocrx_word' id='word_1_207' title='bbox 535 2998 624 3069; x_wconf 86' lang='lat' dir='ltr'>quos</span> <span class='ocrx_word' id='word_1_208' title='bbox 642 2979 736 3068; x_wconf 93' lang='lat' dir='ltr'>prior</span> <span class='ocrx_word' id='word_1_209' title='bbox 748 2986 783 3045; x_wconf 89' lang='lat' dir='ltr'>el</span> <span class='ocrx_word' id='word_1_210' title='bbox 797 2976 1007 3065; x_wconf 77' lang='lat' dir='ltr'>gardianus,</span> <span class='ocrx_word' id='word_1_211' title='bbox 1026 2976 1055 3044; x_wconf 89' lang='lat' dir='ltr'>si</span> <span class='ocrx_word' id='word_1_212' title='bbox 1072 2988 1269 3046; x_wconf 90' lang='lat' dir='ltr'>conventus</span> <span class='ocrx_word' id='word_1_213' title='bbox 1288 2978 1418 3047; x_wconf 91' lang='lat' dir='ltr'>ibidem</span> <span class='ocrx_word' id='word_1_214' title='bbox 1436 2976 1540 3044; x_wconf 92' lang='lat' dir='ltr'>luerit</span> <span class='ocrx_word' id='word_1_215' title='bbox 1556 2975 1759 3044; x_wconf 90' lang='lat' dir='ltr'>eorumdem</span> <span class='ocrx_word' id='word_1_216' title='bbox 1778 2975 1874 3044; x_wconf 92' lang='lat' dir='ltr'>ordi·</span> 
     </span>
     <span class='ocr_line' id='line_1_25' title="bbox 442 3072 1873 3166; baseline 0.002 -25"><span class='ocrx_word' id='word_1_217' title='bbox 442 3094 540 3157; x_wconf 91' lang='lat' dir='ltr'>num,</span> <span class='ocrx_word' id='word_1_218' title='bbox 562 3076 606 3142; x_wconf 93' lang='lat' dir='ltr'>ad</span> <span class='ocrx_word' id='word_1_219' title='bbox 628 3073 694 3145; x_wconf 92' lang='lat' dir='ltr'>boc</span> <span class='ocrx_word' id='word_1_220' title='bbox 716 3074 882 3142; x_wconf 83' lang='lat' dir='ltr'>duxerint</span> <span class='ocrx_word' id='word_1_221' title='bbox 903 3072 1105 3163; x_wconf 79' lang='lat' dir='ltr'>eligendos3</span> <span class='ocrx_word' id='word_1_222' title='bbox 1127 3085 1162 3142; x_wconf 93' lang='lat' dir='ltr'>et</span> <span class='ocrx_word' id='word_1_223' title='bbox 1180 3087 1356 3166; x_wconf 86' lang='lat' dir='ltr'>emptores</span> <span class='ocrx_word' id='word_1_224' title='bbox 1376 3075 1549 3145; x_wconf 91' lang='lat' dir='ltr'>bonorum</span> <span class='ocrx_word' id='word_1_225' title='bbox 1571 3072 1676 3161; x_wconf 88' lang='lat' dir='ltr'>hujus</span> <span class='ocrx_word' id='word_1_226' title='bbox 1697 3093 1738 3142; x_wconf 93' lang='lat' dir='ltr'>ea</span> <span class='ocrx_word' id='word_1_227' title='bbox 1760 3072 1873 3144; x_wconf 88' lang='lat' dir='ltr'>libere</span> 
     </span>
     <span class='ocr_line' id='line_1_26' title="bbox 442 3170 1868 3265; baseline 0.001 -25"><span class='ocrx_word' id='word_1_228' title='bbox 442 3183 477 3240; x_wconf 89' lang='lat' dir='ltr'>et</span> <span class='ocrx_word' id='word_1_229' title='bbox 498 3171 590 3240; x_wconf 87' lang='lat' dir='ltr'>licite</span> <span class='ocrx_word' id='word_1_230' title='bbox 610 3170 763 3241; x_wconf 89' lang='lat' dir='ltr'>habeant</span> <span class='ocrx_word' id='word_1_231' title='bbox 784 3183 819 3242; x_wconf 93' lang='lat' dir='ltr'>et</span> <span class='ocrx_word' id='word_1_232' title='bbox 836 3170 1062 3261; x_wconf 85' lang='lat' dir='ltr'>possideant,</span> <span class='ocrx_word' id='word_1_233' title='bbox 1093 3183 1126 3240; x_wconf 90' lang='lat' dir='ltr'>et</span> <span class='ocrx_word' id='word_1_234' title='bbox 1148 3192 1269 3240; x_wconf 88' lang='lat' dir='ltr'>verum</span> <span class='ocrx_word' id='word_1_235' title='bbox 1297 3173 1450 3265; x_wconf 89' lang='lat' dir='ltr'>ipsorum</span> <span class='ocrx_word' id='word_1_236' title='bbox 1477 3171 1649 3241; x_wconf 91' lang='lat' dir='ltr'>bonorum</span> <span class='ocrx_word' id='word_1_237' title='bbox 1670 3170 1868 3241; x_wconf 90' lang='lat' dir='ltr'>dominium</span> 
     </span>
     <span class='ocr_line' id='line_1_27' title="bbox 441 3268 1625 3360; baseline 0.002 -23"><span class='ocrx_word' id='word_1_238' title='bbox 441 3289 504 3359; x_wconf 94' lang='lat' dir='ltr'>per</span> <span class='ocrx_word' id='word_1_239' title='bbox 522 3268 734 3360; x_wconf 89' lang='lat' dir='ltr'>emptionem</span> <span class='ocrx_word' id='word_1_240' title='bbox 755 3269 859 3358; x_wconf 76' lang='lat' dir='ltr'>huius</span> <span class='ocrx_word' id='word_1_241' title='bbox 879 3268 1107 3337; x_wconf 79' lang='lat' dir='ltr'>transferatur</span> <span class='ocrx_word' id='word_1_242' title='bbox 1127 3268 1171 3337; x_wconf 89' lang='lat' dir='ltr'>ad</span> <span class='ocrx_word' id='word_1_243' title='bbox 1192 3290 1266 3339; x_wconf 89' lang='lat' dir='ltr'>eos.</span> <span class='ocrx_word' id='word_1_244' title='bbox 1620 3344 1625 3353; x_wconf 54' lang='grc'>,</span> 
     </span>
    </p>

    <p class='ocr_par' dir='ltr' id='par_1_6' title="bbox 435 3365 1872 4240">
     <span class='ocr_line' id='line_1_28' title="bbox 489 3365 1868 3458; baseline 0.002 -24"><span class='ocrx_word' id='word_1_245' title='bbox 489 3365 523 3434; x_wconf 90' lang='lat' dir='ltr'>Si</span> <span class='ocrx_word' id='word_1_246' title='bbox 538 3370 618 3458; x_wconf 91' lang='lat' dir='ltr'>quis</span> <span class='ocrx_word' id='word_1_247' title='bbox 630 3377 746 3436; x_wconf 90' lang='lat' dir='ltr'>autem</span> <span class='ocrx_word' id='word_1_248' title='bbox 763 3365 809 3436; x_wconf 92' lang='lat' dir='ltr'>de</span> <span class='ocrx_word' id='word_1_249' title='bbox 821 3376 939 3436; x_wconf 91' lang='lat' dir='ltr'>cetero</span> <span class='ocrx_word' id='word_1_250' title='bbox 953 3366 1095 3457; x_wconf 81' lang='lat' dir='ltr'>aliquod</span> <span class='ocrx_word' id='word_1_251' title='bbox 1115 3367 1259 3437; x_wconf 90' lang='lat' dir='ltr'>istorum</span> <span class='ocrx_word' id='word_1_252' title='bbox 1272 3378 1481 3436; x_wconf 90' lang='lat' dir='ltr'>statutorum</span> <span class='ocrx_word' id='word_1_253' title='bbox 1498 3387 1560 3436; x_wconf 89' lang='lat' dir='ltr'>seu</span> <span class='ocrx_word' id='word_1_254' title='bbox 1580 3366 1868 3437; x_wconf 90' lang='lat' dir='ltr'>constitutionem</span> 
     </span>
     <span class='ocr_line' id='line_1_29' title="bbox 441 3464 1871 3555; baseline 0.001 -21"><span class='ocrx_word' id='word_1_255' title='bbox 441 3464 733 3555; x_wconf 86' lang='lat' dir='ltr'>contemptavorit</span> <span class='ocrx_word' id='word_1_256' title='bbox 764 3464 903 3547; x_wconf 91' lang='lat' dir='ltr'>delere,</span> <span class='ocrx_word' id='word_1_257' title='bbox 934 3464 1132 3533; x_wconf 89' lang='lat' dir='ltr'>diminuere</span> <span class='ocrx_word' id='word_1_258' title='bbox 1159 3467 1213 3533; x_wconf 90' lang='lat' dir='ltr'>vel</span> <span class='ocrx_word' id='word_1_259' title='bbox 1243 3476 1403 3549; x_wconf 93' lang='lat' dir='ltr'>mutare,</span> <span class='ocrx_word' id='word_1_260' title='bbox 1432 3465 1510 3534; x_wconf 90' lang='lat' dir='ltr'>sine</span> <span class='ocrx_word' id='word_1_261' title='bbox 1537 3465 1745 3534; x_wconf 91' lang='lat' dir='ltr'>auctoritate</span> <span class='ocrx_word' id='word_1_262' title='bbox 1773 3466 1871 3535; x_wconf 88' lang='lat' dir='ltr'>sedis</span> 
     </span>
     <span class='ocr_line' id='line_1_30' title="bbox 437 3561 1872 3654; baseline 0 -23"><span class='ocrx_word' id='word_1_263' title='bbox 437 3562 630 3654; x_wconf 90' lang='lat' dir='ltr'>apostolice</span> <span class='ocrx_word' id='word_1_264' title='bbox 648 3563 805 3654; x_wconf 89' lang='lat' dir='ltr'>speciali,</span> <span class='ocrx_word' id='word_1_265' title='bbox 828 3572 996 3652; x_wconf 87' lang='lat' dir='ltr'>potestas,</span> <span class='ocrx_word' id='word_1_266' title='bbox 1013 3562 1217 3653; x_wconf 85' lang='lat' dir='ltr'>capitaneus</span> <span class='ocrx_word' id='word_1_267' title='bbox 1231 3583 1293 3632; x_wconf 90' lang='grc'>000</span> <span class='ocrx_word' id='word_1_268' title='bbox 1308 3563 1431 3631; x_wconf 88' lang='grc'><strong>000001</strong></span> <span class='ocrx_word' id='word_1_269' title='bbox 1448 3562 1503 3631; x_wconf 85' lang='lat' dir='ltr'>vel</span> <span class='ocrx_word' id='word_1_270' title='bbox 1516 3562 1606 3631; x_wconf 90' lang='lat' dir='ltr'>alius</span> <span class='ocrx_word' id='word_1_271' title='bbox 1624 3561 1743 3652; x_wconf 89' lang='lat' dir='ltr'>quivis</span> <span class='ocrx_word' id='word_1_272' title='bbox 1755 3575 1872 3635; x_wconf 90' lang='lat' dir='ltr'>rector</span> 
     </span>
     <span class='ocr_line' id='line_1_31' title="bbox 437 3659 1870 3751; baseline 0.002 -23"><span class='ocrx_word' id='word_1_273' title='bbox 437 3681 499 3751; x_wconf 93' lang='lat' dir='ltr'>pro</span> <span class='ocrx_word' id='word_1_274' title='bbox 521 3671 678 3750; x_wconf 88' lang='lat' dir='ltr'>tempore</span> <span class='ocrx_word' id='word_1_275' title='bbox 692 3660 726 3728; x_wconf 93' lang='lat' dir='ltr'>in</span> <span class='ocrx_word' id='word_1_276' title='bbox 749 3661 805 3728; x_wconf 90' lang='lat' dir='ltr'>illa</span> <span class='ocrx_word' id='word_1_277' title='bbox 823 3659 967 3729; x_wconf 90' lang='lat' dir='ltr'>civitate</span> <span class='ocrx_word' id='word_1_278' title='bbox 982 3659 1038 3729; x_wconf 90' lang='lat' dir='ltr'>vel</span> <span class='ocrx_word' id='word_1_279' title='bbox 1060 3659 1136 3729; x_wconf 90' lang='lat' dir='ltr'>loco</span> <span class='ocrx_word' id='word_1_280' title='bbox 1155 3671 1315 3730; x_wconf 85' lang='lat' dir='ltr'>teneatur</span> <span class='ocrx_word' id='word_1_281' title='bbox 1338 3670 1501 3748; x_wconf 87' lang='lat' dir='ltr'>tanquam</span> <span class='ocrx_word' id='word_1_282' title='bbox 1523 3659 1744 3729; x_wconf 89' lang='lat' dir='ltr'>delensorem</span> <span class='ocrx_word' id='word_1_283' title='bbox 1768 3660 1870 3731; x_wconf 86' lang='lat' dir='ltr'>here-</span> 
     </span>
     <span class='ocr_line' id='line_1_32' title="bbox 437 3757 1871 3849; baseline 0.002 -24"><span class='ocrx_word' id='word_1_284' title='bbox 437 3758 584 3827; x_wconf 90' lang='lat' dir='ltr'>ticorum</span> <span class='ocrx_word' id='word_1_285' title='bbox 607 3757 784 3848; x_wconf 89' lang='lat' dir='ltr'>publicum</span> <span class='ocrx_word' id='word_1_286' title='bbox 801 3769 836 3827; x_wconf 94' lang='lat' dir='ltr'>et</span> <span class='ocrx_word' id='word_1_287' title='bbox 851 3757 1038 3842; x_wconf 83' lang='lat' dir='ltr'>fautorem,</span> <span class='ocrx_word' id='word_1_288' title='bbox 1057 3759 1250 3827; x_wconf 89' lang='lat' dir='ltr'>secundum</span> <span class='ocrx_word' id='word_1_289' title='bbox 1272 3758 1416 3828; x_wconf 90' lang='lat' dir='ltr'>lormam</span> <span class='ocrx_word' id='word_1_290' title='bbox 1434 3757 1677 3849; x_wconf 90' lang='lat' dir='ltr'>prescriptam,</span> <span class='ocrx_word' id='word_1_291' title='bbox 1698 3770 1871 3849; x_wconf 86' lang='lat' dir='ltr'>perpetuo</span> 
     </span>
     <span class='ocr_line' id='line_1_33' title="bbox 436 3853 1870 3947; baseline 0.002 -26"><span class='ocrx_word' id='word_1_292' title='bbox 436 3855 576 3946; x_wconf 90' lang='lat' dir='ltr'>publice</span> <span class='ocrx_word' id='word_1_293' title='bbox 594 3855 765 3925; x_wconf 82' lang='lat' dir='ltr'>infamare</span> <span class='ocrx_word' id='word_1_294' title='bbox 790 3866 897 3946; x_wconf 91' lang='lat' dir='ltr'>atque</span> <span class='ocrx_word' id='word_1_295' title='bbox 926 3855 1050 3947; x_wconf 90' lang='lat' dir='ltr'>punire</span> <span class='ocrx_word' id='word_1_296' title='bbox 1080 3857 1113 3923; x_wconf 91' lang='lat' dir='ltr'>in</span> <span class='ocrx_word' id='word_1_297' title='bbox 1142 3855 1240 3924; x_wconf 89' lang='lat' dir='ltr'>libris</span> <span class='ocrx_word' id='word_1_298' title='bbox 1265 3856 1519 3947; x_wconf 82' lang='lat' dir='ltr'>quinquaginta</span> <span class='ocrx_word' id='word_1_299' title='bbox 1545 3853 1784 3924; x_wconf 87' lang='lat' dir='ltr'>Parmensium</span> <span class='ocrx_word' id='word_1_300' title='bbox 1810 3857 1870 3926; x_wconf 88' lang='lat' dir='ltr'>vel</span> 
     </span>
     <span class='ocr_line' id='line_1_34' title="bbox 436 3951 1867 4046; baseline 0.003 -27"><span class='ocrx_word' id='word_1_301' title='bbox 436 3953 669 4044; x_wconf 89' lang='lat' dir='ltr'>imperialium</span> <span class='ocrx_word' id='word_1_302' title='bbox 694 3955 729 4021; x_wconf 93' lang='lat' dir='ltr'>io</span> <span class='ocrx_word' id='word_1_303' title='bbox 758 3951 925 4044; x_wconf 91' lang='lat' dir='ltr'>peccunia</span> <span class='ocrx_word' id='word_1_304' title='bbox 947 3964 1153 4046; x_wconf 79' lang='lat' dir='ltr'>numerata3</span> <span class='ocrx_word' id='word_1_305' title='bbox 1175 3975 1278 4043; x_wconf 92' lang='lat' dir='ltr'>quam</span> <span class='ocrx_word' id='word_1_306' title='bbox 1300 3953 1328 4021; x_wconf 89' lang='lat' dir='ltr'>si</span> <span class='ocrx_word' id='word_1_307' title='bbox 1350 3954 1494 4043; x_wconf 81' lang='lat' dir='ltr'>exigere</span> <span class='ocrx_word' id='word_1_308' title='bbox 1523 3973 1592 4021; x_wconf 90' lang='lat' dir='ltr'>non</span> <span class='ocrx_word' id='word_1_309' title='bbox 1615 3953 1755 4043; x_wconf 91' lang='lat' dir='ltr'>poterit,</span> <span class='ocrx_word' id='word_1_310' title='bbox 1786 3975 1867 4023; x_wconf 90' lang='lat' dir='ltr'>eum</span> 
     </span>
     <span class='ocr_line' id='line_1_35' title="bbox 436 4045 1869 4145; baseline 0.003 -28"><span class='ocrx_word' id='word_1_311' title='bbox 436 4047 596 4119; x_wconf 87' lang='lat' dir='ltr'>maleficii</span> <span class='ocrx_word' id='word_1_312' title='bbox 617 4050 735 4120; x_wconf 91' lang='lat' dir='ltr'>banno</span> <span class='ocrx_word' id='word_1_313' title='bbox 753 4059 950 4142; x_wconf 89' lang='lat' dir='ltr'>supponat,</span> <span class='ocrx_word' id='word_1_314' title='bbox 973 4050 1017 4121; x_wconf 90' lang='lat' dir='ltr'>de</span> <span class='ocrx_word' id='word_1_315' title='bbox 1036 4071 1106 4141; x_wconf 93' lang='lat' dir='ltr'>quo</span> <span class='ocrx_word' id='word_1_316' title='bbox 1125 4053 1233 4119; x_wconf 81' lang='lat' dir='ltr'>eximi</span> <span class='ocrx_word' id='word_1_317' title='bbox 1263 4072 1331 4120; x_wconf 91' lang='lat' dir='ltr'>non</span> <span class='ocrx_word' id='word_1_318' title='bbox 1353 4052 1468 4120; x_wconf 88' lang='lat' dir='ltr'>valeat</span> <span class='ocrx_word' id='word_1_319' title='bbox 1485 4045 1526 4143; x_wconf 79' lang='grc' dir='ltr'>[1ο</span> <span class='ocrx_word' id='word_1_320' title='bbox 1548 4049 1609 4116; x_wconf 78' lang='lat' dir='ltr'>ttt</span> <span class='ocrx_word' id='word_1_321' title='bbox 1636 4045 1685 4145; x_wconf 85' lang='lat' dir='ltr'>o],</span> <span class='ocrx_word' id='word_1_322' title='bbox 1708 4051 1773 4120; x_wconf 91' lang='lat' dir='ltr'>nisi</span> <span class='ocrx_word' id='word_1_323' title='bbox 1794 4052 1869 4122; x_wconf 91' lang='lat' dir='ltr'>sol·</span> 
     </span>
     <span class='ocr_line' id='line_1_36' title="bbox 435 4147 1251 4240; baseline -0.001 -23"><span class='ocrx_word' id='word_1_324' title='bbox 435 4147 527 4217; x_wconf 85' lang='lat' dir='ltr'>verit</span> <span class='ocrx_word' id='word_1_325' title='bbox 546 4148 689 4239; x_wconf 91' lang='lat' dir='ltr'>duplam</span> <span class='ocrx_word' id='word_1_326' title='bbox 708 4148 800 4217; x_wconf 91' lang='lat' dir='ltr'>dicte</span> <span class='ocrx_word' id='word_1_327' title='bbox 819 4148 988 4240; x_wconf 89' lang='lat' dir='ltr'>peccunie</span> <span class='ocrx_word' id='word_1_328' title='bbox 1007 4149 1251 4239; x_wconf 89' lang='lat' dir='ltr'>quantitatem.</span> 
     </span>
    </p>

    <p class='ocr_par' dir='ltr' id='par_1_7' title="bbox 431 4244 1870 5121">
     <span class='ocr_line' id='line_1_37' title="bbox 483 4244 1867 4340; baseline 0.002 -28"><span class='ocrx_word' id='word_1_329' title='bbox 483 4244 682 4315; x_wconf 79' lang='lat' dir='ltr'>Teneautur</span> <span class='ocrx_word' id='word_1_330' title='bbox 712 4256 865 4336; x_wconf 92' lang='lat' dir='ltr'>potestas</span> <span class='ocrx_word' id='word_1_331' title='bbox 895 4247 972 4314; x_wconf 91' lang='lat' dir='ltr'>sive</span> <span class='ocrx_word' id='word_1_332' title='bbox 996 4245 1222 4340; x_wconf 87' lang='lat' dir='ltr'>capitaneus,</span> <span class='ocrx_word' id='word_1_333' title='bbox 1252 4244 1394 4330; x_wconf 91' lang='lat' dir='ltr'>consul,</span> <span class='ocrx_word' id='word_1_334' title='bbox 1417 4266 1481 4315; x_wconf 92' lang='grc'>000</span> <span class='ocrx_word' id='word_1_335' title='bbox 1502 4245 1620 4336; x_wconf 91' lang='lat' dir='ltr'>quivis</span> <span class='ocrx_word' id='word_1_336' title='bbox 1642 4258 1754 4315; x_wconf 89' lang='lat' dir='ltr'>rector</span> <span class='ocrx_word' id='word_1_337' title='bbox 1775 4247 1867 4316; x_wconf 83' lang='lat' dir='ltr'>infra</span> 
     </span>
     <span class='ocr_line' id='line_1_38' title="bbox 435 4342 1865 4435; baseline 0.001 -24"><span class='ocrx_word' id='word_1_338' title='bbox 435 4342 622 4413; x_wconf 90' lang='lat' dir='ltr'>duodecim</span> <span class='ocrx_word' id='word_1_339' title='bbox 636 4342 712 4412; x_wconf 87' lang='lat' dir='ltr'>dies</span> <span class='ocrx_word' id='word_1_340' title='bbox 732 4343 786 4410; x_wconf 89' lang='lat' dir='ltr'>sui</span> <span class='ocrx_word' id='word_1_341' title='bbox 806 4345 989 4433; x_wconf 83' lang='lat' dir='ltr'>regiminis</span> <span class='ocrx_word' id='word_1_342' title='bbox 1008 4344 1185 4412; x_wconf 88' lang='lat' dir='ltr'>sindicare</span> <span class='ocrx_word' id='word_1_343' title='bbox 1206 4342 1451 4434; x_wconf 86' lang='lat' dir='ltr'>precedentem</span> <span class='ocrx_word' id='word_1_344' title='bbox 1466 4344 1865 4435; x_wconf 85' lang='lat' dir='ltr'>proximopotestatem,</span> 
     </span>
     <span class='ocr_line' id='line_1_39' title="bbox 433 4441 1868 4533; baseline 0.001 -24"><span class='ocrx_word' id='word_1_345' title='bbox 433 4442 680 4533; x_wconf 85' lang='lat' dir='ltr'>capitaneum,</span> <span class='ocrx_word' id='word_1_346' title='bbox 711 4441 891 4511; x_wconf 89' lang='lat' dir='ltr'>consulem</span> <span class='ocrx_word' id='word_1_347' title='bbox 912 4443 967 4509; x_wconf 84' lang='lat' dir='ltr'>rel</span> <span class='ocrx_word' id='word_1_348' title='bbox 990 4453 1160 4511; x_wconf 91' lang='lat' dir='ltr'>rectorem</span> <span class='ocrx_word' id='word_1_349' title='bbox 1188 4452 1224 4509; x_wconf 92' lang='lat' dir='ltr'>et</span> <span class='ocrx_word' id='word_1_350' title='bbox 1242 4442 1318 4530; x_wconf 88' lang='lat' dir='ltr'>ejus</span> <span class='ocrx_word' id='word_1_351' title='bbox 1350 4441 1453 4509; x_wconf 91' lang='lat' dir='ltr'>etiam</span> <span class='ocrx_word' id='word_1_352' title='bbox 1476 4461 1692 4525; x_wconf 87' lang='lat' dir='ltr'>assessores,</span> <span class='ocrx_word' id='word_1_353' title='bbox 1711 4462 1774 4532; x_wconf 93' lang='lat' dir='ltr'>per</span> <span class='ocrx_word' id='word_1_354' title='bbox 1795 4453 1868 4512; x_wconf 87' lang='lat' dir='ltr'>tres</span> 
     </span>
     <span class='ocr_line' id='line_1_40' title="bbox 432 4536 1869 4629; baseline 0.002 -24"><span class='ocrx_word' id='word_1_355' title='bbox 432 4538 529 4609; x_wconf 81' lang='lat' dir='ltr'>viros</span> <span class='ocrx_word' id='word_1_356' title='bbox 546 4537 740 4609; x_wconf 92' lang='lat' dir='ltr'>catholicos</span> <span class='ocrx_word' id='word_1_357' title='bbox 760 4550 795 4607; x_wconf 89' lang='lat' dir='ltr'>et</span> <span class='ocrx_word' id='word_1_358' title='bbox 820 4536 956 4624; x_wconf 84' lang='lat' dir='ltr'>fideles,</span> <span class='ocrx_word' id='word_1_359' title='bbox 985 4559 1075 4629; x_wconf 91' lang='lat' dir='ltr'>quos</span> <span class='ocrx_word' id='word_1_360' title='bbox 1096 4539 1183 4606; x_wconf 92' lang='lat' dir='ltr'>inlra</span> <span class='ocrx_word' id='word_1_361' title='bbox 1205 4550 1274 4608; x_wconf 91' lang='lat' dir='ltr'>tres</span> <span class='ocrx_word' id='word_1_362' title='bbox 1294 4537 1371 4608; x_wconf 90' lang='lat' dir='ltr'>dies</span> <span class='ocrx_word' id='word_1_363' title='bbox 1387 4537 1568 4629; x_wconf 78' lang='lat' dir='ltr'>regiminis</span> <span class='ocrx_word' id='word_1_364' title='bbox 1586 4538 1777 4629; x_wconf 88' lang='lat' dir='ltr'>supradicti</span> <span class='ocrx_word' id='word_1_365' title='bbox 1798 4541 1869 4608; x_wconf 87' lang='lat' dir='ltr'>eli-</span> 
     </span>
     <span class='ocr_line' id='line_1_41' title="bbox 431 4634 1869 4730; baseline 0.002 -25"><span class='ocrx_word' id='word_1_366' title='bbox 431 4650 529 4726; x_wconf 83' lang='lat' dir='ltr'>gant,</span> <span class='ocrx_word' id='word_1_367' title='bbox 554 4657 622 4706; x_wconf 85' lang='grc'>000</span> <span class='ocrx_word' id='word_1_368' title='bbox 642 4657 721 4705; x_wconf 90' lang='lat' dir='ltr'>curu</span> <span class='ocrx_word' id='word_1_369' title='bbox 741 4636 960 4730; x_wconf 81' lang='lat' dir='ltr'>dyocesano,</span> <span class='ocrx_word' id='word_1_370' title='bbox 982 4637 1105 4705; x_wconf 85' lang='lat' dir='ltr'>iratres</span> <span class='ocrx_word' id='word_1_371' title='bbox 1125 4634 1367 4705; x_wconf 88' lang='lat' dir='ltr'>Predicatores</span> <span class='ocrx_word' id='word_1_372' title='bbox 1390 4649 1425 4704; x_wconf 87' lang='lat' dir='ltr'>et</span> <span class='ocrx_word' id='word_1_373' title='bbox 1441 4635 1594 4705; x_wconf 89' lang='lat' dir='ltr'>hlinores</span> <span class='ocrx_word' id='word_1_374' title='bbox 1615 4657 1635 4704; x_wconf 88' lang='lat' dir='ltr'>a</span> <span class='ocrx_word' id='word_1_375' title='bbox 1655 4637 1729 4704; x_wconf 90' lang='lat' dir='ltr'>suis</span> <span class='ocrx_word' id='word_1_376' title='bbox 1747 4639 1869 4727; x_wconf 90' lang='lat' dir='ltr'>priore</span> 
     </span>
     <span class='ocr_line' id='line_1_42' title="bbox 431 4733 1870 4827; baseline 0.002 -25"><span class='ocrx_word' id='word_1_377' title='bbox 431 4744 467 4802; x_wconf 92' lang='lat' dir='ltr'>et</span> <span class='ocrx_word' id='word_1_378' title='bbox 492 4734 663 4823; x_wconf 81' lang='lat' dir='ltr'>gurdiano</span> <span class='ocrx_word' id='word_1_379' title='bbox 691 4734 821 4827; x_wconf 87' lang='lat' dir='ltr'>pariter</span> <span class='ocrx_word' id='word_1_380' title='bbox 853 4734 1044 4824; x_wconf 78' lang='lat' dir='ltr'>assignati,</span> <span class='ocrx_word' id='word_1_381' title='bbox 1075 4754 1137 4803; x_wconf 90' lang='lat' dir='ltr'>seu</span> <span class='ocrx_word' id='word_1_382' title='bbox 1164 4733 1389 4824; x_wconf 88' lang='lat' dir='ltr'>inquisitores</span> <span class='ocrx_word' id='word_1_383' title='bbox 1410 4733 1461 4802; x_wconf 91' lang='lat' dir='ltr'>vel</span> <span class='ocrx_word' id='word_1_384' title='bbox 1492 4733 1678 4824; x_wconf 93' lang='lat' dir='ltr'>inquisitor</span> <span class='ocrx_word' id='word_1_385' title='bbox 1709 4733 1870 4805; x_wconf 87' lang='lat' dir='ltr'>heretice</span> 
     </span>
     <span class='ocr_line' id='line_1_43' title="bbox 431 4829 1870 4922; baseline 0.002 -24"><span class='ocrx_word' id='word_1_386' title='bbox 431 4831 616 4922; x_wconf 88' lang='lat' dir='ltr'>pravitatis</span> <span class='ocrx_word' id='word_1_387' title='bbox 639 4832 684 4901; x_wconf 92' lang='lat' dir='ltr'>de</span> <span class='ocrx_word' id='word_1_388' title='bbox 707 4832 872 4901; x_wconf 89' lang='lat' dir='ltr'>omuibus</span> <span class='ocrx_word' id='word_1_389' title='bbox 902 4829 1056 4922; x_wconf 89' lang='lat' dir='ltr'>hiisque</span> <span class='ocrx_word' id='word_1_390' title='bbox 1082 4831 1117 4899; x_wconf 93' lang='lat' dir='ltr'>io</span> <span class='ocrx_word' id='word_1_391' title='bbox 1145 4831 1284 4899; x_wconf 89' lang='lat' dir='ltr'>statutis</span> <span class='ocrx_word' id='word_1_392' title='bbox 1308 4831 1383 4899; x_wconf 88' lang='lat' dir='ltr'>istis</span> <span class='ocrx_word' id='word_1_393' title='bbox 1402 4851 1466 4900; x_wconf 86' lang='lat' dir='ltr'>seu</span> <span class='ocrx_word' id='word_1_394' title='bbox 1490 4830 1801 4901; x_wconf 87' lang='lat' dir='ltr'>constitutionibus</span> <span class='ocrx_word' id='word_1_395' title='bbox 1832 4847 1870 4905; x_wconf 89' lang='lat' dir='ltr'>et</span> 
     </span>
     <span class='ocr_line' id='line_1_44' title="bbox 434 4927 1866 5019; baseline 0.006 -27"><span class='ocrx_word' id='word_1_396' title='bbox 434 4929 569 5017; x_wconf 78' lang='lat' dir='ltr'>legibus</span> <span class='ocrx_word' id='word_1_397' title='bbox 589 4928 777 4997; x_wconf 88' lang='lat' dir='ltr'>antedictis</span> <span class='ocrx_word' id='word_1_398' title='bbox 788 4940 907 4999; x_wconf 91' lang='lat' dir='ltr'>contra</span> <span class='ocrx_word' id='word_1_399' title='bbox 926 4928 1098 4998; x_wconf 90' lang='lat' dir='ltr'>hereticos</span> <span class='ocrx_word' id='word_1_400' title='bbox 1113 4938 1148 4997; x_wconf 92' lang='lat' dir='ltr'>et</span> <span class='ocrx_word' id='word_1_401' title='bbox 1163 4948 1284 4996; x_wconf 91' lang='lat' dir='ltr'>eorum</span> <span class='ocrx_word' id='word_1_402' title='bbox 1297 4927 1487 5019; x_wconf 89' lang='lat' dir='ltr'>complices</span> <span class='ocrx_word' id='word_1_403' title='bbox 1502 4929 1607 4998; x_wconf 89' lang='lat' dir='ltr'>editis</span> <span class='ocrx_word' id='word_1_404' title='bbox 1622 4931 1866 5018; x_wconf 89' lang='lat' dir='ltr'>continentur,</span> 
     </span>
     <span class='ocr_line' id='line_1_45' title="bbox 431 5023 1867 5121; baseline 0.004 -28"><span class='ocrx_word' id='word_1_405' title='bbox 431 5035 467 5093; x_wconf 92' lang='lat' dir='ltr'>et</span> <span class='ocrx_word' id='word_1_406' title='bbox 484 5028 610 5116; x_wconf 92' lang='lat' dir='ltr'>punire</span> <span class='ocrx_word' id='word_1_407' title='bbox 627 5026 721 5116; x_wconf 86' lang='lat' dir='ltr'>ipsos</span> <span class='ocrx_word' id='word_1_408' title='bbox 741 5025 770 5094; x_wconf 90' lang='lat' dir='ltr'>si</span> <span class='ocrx_word' id='word_1_409' title='bbox 788 5025 1008 5110; x_wconf 84' lang='lat' dir='ltr'>exesserint,</span> <span class='ocrx_word' id='word_1_410' title='bbox 1030 5025 1065 5092; x_wconf 89' lang='lat' dir='ltr'>in</span> <span class='ocrx_word' id='word_1_411' title='bbox 1084 5024 1248 5094; x_wconf 91' lang='lat' dir='ltr'>omnibus</span> <span class='ocrx_word' id='word_1_412' title='bbox 1266 5034 1301 5093; x_wconf 94' lang='lat' dir='ltr'>et</span> <span class='ocrx_word' id='word_1_413' title='bbox 1323 5023 1561 5117; x_wconf 84' lang='lat' dir='ltr'>singulisque</span> <span class='ocrx_word' id='word_1_414' title='bbox 1580 5026 1808 5121; x_wconf 89' lang='lat' dir='ltr'>obmiserint,</span> <span class='ocrx_word' id='word_1_415' title='bbox 1830 5039 1867 5099; x_wconf 87' lang='lat' dir='ltr'>et</span> 
     </span>
    </p>
   </div>
   <div class='ocr_carea' id='block_1_3' title="bbox 0 0 2310 6404">
    <p class='ocr_par' dir='ltr' id='par_1_8' title="bbox 0 0 2310 6404">
     <span class='ocr_line' id='line_1_46' title="bbox 0 0 2310 6404; baseline 0 3"><span class='ocrx_word' id='word_1_416' title='bbox 0 0 2310 6404; x_wconf 95' lang='lat' dir='ltr'> </span> 
     </span>
    </p>
   </div>
  </div>
 </body>
</html>
