4612 6404
1029 679 1148 732 ranrtn
1175 679 1273 731 rans.
1714 749 1717 754 Ι
1802 669 1863 736 tat

434 839 603 913 blaslama
627 850 747 910 contra
772 836 876 909 tidem
902 838 1110 909 catholicam
1134 838 1371 931 dogmatizant
1394 861 1463 931 que
1490 839 1614 932 pudori
1637 840 1870 912 referentibus

434 947 468 1010 et
485 936 714 1007 audientibus
732 949 817 1006 sunt
837 936 986 1008 horrori.
1008 937 1078 1007 llos
1107 947 1142 1006 et
1166 938 1255 1008 alins
1274 938 1503 1030 quamplures
1527 958 1666 1008 errores
1686 939 1817 1032 pariter
1837 951 1872 1010 et

433 1034 597 1106 horrores
617 1045 685 1104 tam
703 1034 984 1106 abhominabiles
1002 1054 1106 1127 quam
1129 1034 1336 1128 nephandos
1356 1045 1549 1105 sectatores
1568 1035 1703 1127 pretate
1722 1047 1818 1107 secte
1838 1048 1873 1106 et

433 1131 569 1202 heresis
590 1127 630 1226 [N
648 1130 695 1203 72
715 1127 752 1228 b]
772 1130 1007 1223 profitentur,
1027 1132 1229 1224 dictamque
1247 1143 1378 1203 sectam
1400 1154 1479 1202 curn
1501 1132 1575 1202 suis
1595 1133 1775 1203 erroribus
1794 1155 1871 1226 pre·

433 1229 586 1300 latusN.
608 1228 728 1300 laudat
752 1231 997 1322 etapprobat,
1016 1241 1110 1300 etse
1130 1252 1206 1301 eam
1229 1241 1349 1301 tenere
1375 1230 1500 1300 asserit
1520 1241 1555 1299 et
1580 1230 1726 1318 latetur,
1749 1230 1871 1302 dicens

433 1349 472 1398 se
490 1326 524 1396 in
543 1347 583 1397 aa
599 1327 691 1398 velle
706 1328 829 1398 vivere
845 1339 952 1419 atque
971 1327 1073 1412 mori,
1093 1327 1186 1398 sicut
1203 1348 1248 1397 ex
1268 1349 1331 1399 ore
1349 1328 1425 1418 ejus
1447 1348 1510 1397 nos
1529 1327 1649 1420 sepius
1667 1328 1871 1398 audivimus

434 1445 513 1495 cum
538 1423 705 1507 horrore,
727 1424 916 1517 pluresque
944 1424 1003 1494 alii
1027 1425 1112 1496 honi
1140 1425 1207 1494 viri
1235 1426 1390 1516 religiosi
1415 1425 1531 1495 clerici
1555 1434 1590 1494 et
1614 1424 1702 1518 layci
1723 1426 1768 1496 ab
1795 1426 1871 1519 ipso

434 1522 660 1615 quamplures
680 1522 726 1593 de
747 1522 913 1615 predictis
936 1523 1117 1593 erroribus
1139 1522 1272 1615 pluries
1294 1524 1503 1608 audierunt,
1527 1543 1591 1592 nec
1610 1543 1629 1592 a
1651 1523 1793 1613 pretatis
1816 1544 1870 1593 er·

435 1620 573 1690 roribus
594 1619 798 1703 discedere,
819 1641 883 1690 neo
905 1641 966 1691 eos
991 1621 1176 1700 deserere,
1200 1642 1264 1691 neo
1287 1619 1391 1691 tidem
1410 1620 1566 1691 Romane
1585 1619 1739 1690 Ecclesia
1763 1620 1871 1692 corde

435 1716 597 1803 credere,
619 1739 684 1788 nec
707 1739 769 1788 ore
795 1718 893 1788 lateri
917 1718 1014 1799 vult,
1037 1730 1092 1788 set
1118 1717 1266 1789 eandem
1292 1719 1413 1810 pocius
1441 1739 1483 1788 ac
1509 1717 1644 1809 turpius
1677 1716 1868 1809 diffitetur,

435 1816 595 1908 quamvis
619 1837 639 1884 a
660 1815 761 1885 nobis
782 1826 855 1885 eta
877 1816 995 1886 multis
1018 1815 1097 1886 aliis
1124 1815 1227 1887 bonis
1246 1817 1353 1902 viris,
1375 1815 1549 1907 religiosis
1568 1824 1603 1885 et
1627 1815 1867 1905 secularibuS,

435 1912 553 2005 sepius
571 1914 676 1982 luerit
696 1915 849 1983 monitus
869 1923 904 1983 et
921 1913 1105 1992 invitatus,
1124 1935 1261 1986 necnon
1283 1935 1344 2008 per
1362 1935 1425 1985 nos
1444 1914 1613 1983 canonice
1631 1923 1666 1982 et
1684 1913 1871 2006 perhemp-

436 2013 523 2082 torie
548 2011 758 2102 requisitus,
783 2023 822 2080 ut
839 2032 857 2080 a
876 2012 950 2081 suis
970 2011 1148 2081 erroribus
1169 2012 1320 2083 resiliret
1339 2023 1373 2081 et
1393 2033 1513 2082 veram
1535 2009 1639 2080 tidem
1663 2022 1784 2081 sancte
1802 2011 1869 2083 Ro·

436 2128 537 2178 mane
565 2107 719 2178 Ecclesia
749 2120 1035 2220 recognosceret,
1061 2109 1168 2180 corde
1200 2110 1377 2191 crederet,
1402 2121 1438 2179 et
1467 2129 1528 2179 ore
1562 2106 1805 2195 confiteretur,
1834 2122 1869 2180 et

435 2215 611 2293 servaret,
633 2209 838 2298 quaomnia
860 2207 1038 2277 recusavit
1057 2217 1092 2276 et
1111 2206 1228 2277 adhuc
1250 2219 1388 2278 recusat
1408 2206 1630 2319 pertinaciter
1652 2207 1687 2274 in
1707 2227 1771 2275 sua
1792 2229 1869 2300 per·

435 2299 517 2372 fidia
546 2323 790 2414 perseverans.
813 2304 960 2389 ldcirao,
983 2304 1064 2415 quia
1091 2325 1161 2375 uon
1188 2305 1266 2375 vult
1286 2307 1447 2375 converti
1468 2325 1532 2375 nec
1551 2305 1667 2374 redire
1693 2303 1737 2372 ad
1757 2305 1868 2376 eccle·

435 2400 608 2471 siasticam
637 2401 807 2472 unitatem
839 2405 959 2496 sepius
985 2403 1154 2472 invitatus
1180 2414 1216 2473 et
1241 2402 1374 2473 diutius
1403 2412 1628 2494 expectatus,
1651 2422 1714 2472 uos
1744 2403 1869 2495 prelati

436 2498 662 2589 inquisitores
687 2510 722 2569 et
743 2499 864 2570 vicarii
886 2521 949 2571 seu
969 2500 1202 2570 commissarii
1222 2500 1398 2592 deputati,
1417 2499 1537 2570 habito
1560 2509 1698 2569 maturo
1721 2500 1870 2572 consilio

436 2594 587 2688 plurium
609 2596 820 2689 sapientium
845 2608 880 2668 et
900 2601 1091 2691 peritorum
1110 2597 1146 2666 in
1168 2611 1317 2689 utroque
1336 2599 1416 2688 jure
1438 2617 1480 2667 ac
1500 2596 1742 2688 religiosorum
1771 2598 1868 2669 viro·

435 2714 510 2763 rum
536 2706 572 2766 et
597 2692 680 2765 fidei
703 2694 915 2780 zelatorum,
939 2717 984 2766 ne
1002 2698 1094 2765 sicut
1113 2697 1191 2766 ovis
1213 2694 1372 2766 morbida
1392 2695 1564 2766 Dominici
1584 2697 1701 2786 gregis
1721 2694 1868 2765 ulterius

435 2789 565 2862 inliciat
588 2813 675 2863 oves
699 2787 739 2888 [l0
758 2791 805 2864 72
824 2789 856 2890 c]
878 2814 996 2879 sanas,
1023 2793 1194 2884 prelatum
1216 2792 1320 2862 talam
1339 2793 1381 2862 N.
1410 2803 1607 2886 presentem
1633 2804 1668 2862 et
1690 2792 1735 2862 ad
1761 2790 1867 2863 fidem

435 2888 639 2961 catholicam
667 2892 827 2961 converti
857 2891 1057 2976 nolentem,
1080 2890 1302 2982 presentibus
1331 2891 1390 2961 die
1419 2902 1454 2962 et
1479 2890 1555 2961 loco
1582 2889 1626 2960 ad
1655 2889 1868 2961 audiendam

436 2985 656 3058 diffinitivam
677 2989 888 3059 sententiam
909 2989 1023 3059 eidem
1052 2987 1312 3082 perhemptorie
1335 2989 1543 3080 assignatis,
1563 2987 1673 3058 Deum
1700 2987 1869 3060 habentes

435 3105 497 3177 pre
527 3086 658 3157 occulis
686 3097 721 3156 et
752 3086 951 3157 orthodoxe
981 3084 1063 3156 fidei
1093 3087 1297 3179 puritatem,
1326 3086 1559 3156 sacrosanctis
1585 3086 1647 3156 Dei
1668 3085 1870 3176 Evangeliis

435 3184 556 3274 positis
575 3204 692 3254 coram
713 3184 814 3254 nohis
836 3194 872 3253 ut
891 3183 936 3255 de
956 3184 1057 3253 vultu
1078 3184 1139 3254 Dei
1161 3194 1317 3255 nostrum
1342 3184 1488 3277 prodeat
1512 3184 1681 3273 juditium
1701 3195 1736 3252 et
1757 3184 1869 3254 occuli
1920 3238 1925 3248 .

436 3283 541 3351 nostri
574 3281 718 3351 videant
751 3285 965 3373 equitatem,
991 3283 1156 3352 sedentes
1186 3303 1248 3374 pro
1284 3282 1469 3369 tribunali,
1502 3282 1535 3350 in
1558 3281 1626 3351 hiis
1646 3282 1868 3374 presentibus

436 3377 572 3471 scriptis
596 3401 657 3472 per
680 3378 904 3448 diffinitivam
924 3382 1134 3449 sententiam
1164 3380 1333 3467 dicimus,
1357 3378 1630 3471 pronunciamus
1653 3390 1689 3449 et
1714 3379 1869 3449 declara·

437 3496 512 3546 mus
536 3477 688 3547 eundem
715 3479 885 3569 prelatum
911 3477 952 3546 N.
976 3499 1054 3547 esse
1081 3476 1273 3548 hereticum
1306 3477 1553 3558 manifestum3
1584 3477 1771 3569 ipsumque
1796 3487 1869 3545 tan-

436 3594 539 3665 quam
562 3574 754 3645 hereticum
775 3575 932 3645 converti
954 3575 1130 3645 nolentem
1154 3575 1385 3668 relinquimus
1404 3574 1548 3645 brachio
1568 3586 1603 3645 et
1621 3574 1752 3664 J’uditio
1770 3574 1869 3644 curie

435 3671 615 3742 secularis.
639 3672 720 3741 Lata
741 3673 806 3742 luit
825 3672 890 3742 hec
908 3672 1097 3756 sententia,
1120 3682 1159 3742 v⁰
1177 3672 1266 3767 ydus
1285 3672 1419 3766 aprilis,
1438 3673 1496 3743 die
1511 3675 1574 3763 jot
1578 3674 1621 3758 is,
1641 3680 1724 3741 ante
1742 3670 1869 3742 liamos

434 3769 650 3861 palmarum,
672 3790 765 3840 anno
785 3770 923 3841 Domini
943 3771 991 3840 Μο
1009 3768 1096 3839 CCC⁰
1115 3771 1175 3840 X0.

482 3864 528 3937 In
546 3887 587 3940 co
609 3889 693 3937 vero
712 3889 796 3938 casu
817 3867 856 3936 in
878 3890 944 3961 qno
961 3890 1038 4035 spes
1062 3867 1194 4035 nltqnol
1206 3866 1350 3938 haberet
1337 3874 1397 3938 tnt
1422 3868 1516 3962 quod
1540 3872 1801 3937 converteretur
1821 3821 1873 3936 od

434 3961 568 4052 fiderat,
584 3971 697 4058 posset
715 3965 833 4036 addi
818 3988 857 4034 tn
873 3965 995 4054 [irtel
962 3965 1122 4038 consulo
1143 3965 1222 4036 talis
1240 3965 1296 4036 ael
1309 3965 1524 4037 conmutatis:

482 4062 588 4134 Salvo
608 4063 723 4133 eidem
747 4063 805 4134 tali
823 4063 865 4132 N
883 4074 919 4134 et
934 4074 1069 4135 retento
1089 4064 1201 4158 quod,
1222 4063 1252 4134 si
1273 4064 1390 4134 adhuc
1408 4064 1571 4134 converti
1590 4061 1741 4132 voluerit
1758 4074 1792 4129 et
1812 4082 1867 4131 re·

436 4159 512 4230 dire
530 4161 575 4230 ad
594 4160 866 4232 ecclesiasticam
887 4161 1079 4245 unitatem,
1098 4172 1329 4232 conservetur
1348 4162 1394 4232 ad
1414 4164 1537 4230 vitam.
1560 4160 1597 4228 ln
1618 4179 1689 4251 qun
1709 4179 1792 4228 casu
1812 4180 1868 4229 re-

435 4257 587 4329 tinemus
606 4258 707 4328 nohis
725 4260 864 4351 plenam
882 4270 916 4328 et
937 4258 1082 4329 liberam
1105 4269 1311 4352 potestatem
1334 4258 1539 4351 imponendi
1559 4256 1673 4328 eidam
1690 4277 1754 4349 pro
1771 4277 1866 4327 com·

435 4553 495 4619 33.
513 4554 646 4619 Forma
659 4555 736 4619 alia
751 4556 906 4619 alterius
923 4556 1076 4621 haretici
1091 4565 1189 4621 secte
1204 4557 1367 4637 ejusdem
1383 4557 1458 4636 qui,
1475 4571 1550 4619 non
1567 4554 1685 4619 solum
1698 4571 1772 4619 non
1788 4554 1868 4618 vult

474 4662 640 4726 converti
658 4670 695 4726 et
708 4664 830 4727 redire
843 4664 889 4727 ad
903 4664 1193 4728 eeclesiasticam
1209 4664 1391 4728 unitatem
1409 4662 1446 4744 [t⁰
1463 4663 1500 4722 ta
1516 4662 1561 4742 d],
1578 4670 1634 4726 set
1647 4661 1758 4725 etiam
1775 4677 1867 4725 mor-

475 4776 547 4832 tem
564 4769 635 4833 sibi
653 4770 837 4835 accelerat
853 4773 1020 4852 ponendo
1036 4788 1074 4835 se
1091 4772 1131 4836 in
1147 4771 1214 4835 illa
1228 4770 1456 4891 abstinentia
1469 4785 1579 4850 quam
1593 4776 1730 4834 vocant
1742 4769 1868 4834 Ende-

473 4891 554 4940 ram
573 4876 689 4941 nichil
704 4879 852 4958 penitus
871 4879 1104 4943 comedendo.

483 5065 520 5135 ln
551 5068 693 5138 nomine
716 5068 874 5156 Domini,
896 5088 1013 5138 amen.
1035 5066 1208 5149 Quoniam
1235 5088 1299 5138 nos
1326 5066 1411 5138 tales
1420 5119 1432 5155 ,
1454 5066 1703 5159 inquisitores,
1725 5077 1810 5153 etc.,
1832 5075 1867 5137 et
