4574 6404
426 645 497 715 dil
523 667 526 671 ·
713 665 877 718 nandum
903 667 1144 734 inquisirroius
1170 667 1334 720 anamma
1359 667 1572 719 enavirsris.

427 834 608 908 secuntur,
625 835 660 893 et
679 824 971 916 interrogationes
991 836 1026 896 et
1040 828 1288 919 responsiones
1306 848 1427 897 eornm
1444 828 1649 918 redigantur
1670 831 1863 924 inscriptis

428 943 492 1013 per
512 942 651 990 manum
679 921 804 991 notarii
831 923 960 1015 publici
987 934 1023 993 et
1037 925 1167 1015 jurati,
1199 925 1229 995 si
1255 925 1537 1017 comode-possit
1565 924 1686 995 baberi
1711 940 1773 996 aut
1798 951 1864 1022 per

429 1019 519 1089 duos
536 1019 633 1089 viros
648 1020 806 1111 ydoneos
822 1020 899 1091 loco
920 1022 1047 1091 notarii
1057 1023 1341 1108 conseribantnr;
1355 1034 1391 1093 et
1405 1024 1439 1091 in
1457 1023 1719 1094 examinatione
1735 1047 1862 1097 eorum

429 1116 664 1187 adhibeantur
683 1118 727 1186 ad
750 1117 865 1188 minus
885 1119 955 1188 dne
982 1120 1146 1211 religiose
1166 1131 1201 1190 et
1220 1120 1373 1190 discrete
1394 1142 1543 1212 persone
1561 1142 1642 1189 cum
1663 1122 1741 1192 aliis
1762 1127 1862 1195 testi·

429 1214 496 1284 bos
516 1215 675 1307 personis
695 1215 940 1286 ecclesiasticis
960 1215 1041 1287 fidei
1067 1218 1278 1288 zelatoribus
1294 1229 1328 1289 et
1348 1218 1522 1288 discretis.
1545 1219 1581 1286 ln
1610 1220 1731 1309 prioris
1753 1223 1863 1292 inter·

430 1326 599 1401 rogentur
617 1326 652 1382 et
669 1314 917 1383 examinentur
936 1315 981 1384 de
1000 1336 1062 1385 sua
1084 1317 1194 1408 patria
1219 1326 1254 1385 et
1272 1317 1490 1408 parentibus,
1512 1317 1606 1385 unde
1634 1319 1775 1387 luerunt
1800 1333 1865 1392 ant

431 1421 613 1480 traxerunt
632 1412 821 1502 originem,
843 1424 877 1481 et
894 1434 1002 1503 qnare
1022 1424 1056 1483 et
1075 1415 1218 1505 qnando
1239 1414 1283 1483 de
1303 1415 1376 1483 suis
1392 1414 1550 1507 partibus
1568 1430 1804 1503 recesserunt,
1825 1430 1865 1489 et

429 1508 473 1578 ad
495 1519 611 1601 partes
629 1509 714 1578 tales
731 1522 918 1597 venerunt,
940 1522 975 1580 et
994 1532 1072 1580 cum
1091 1512 1220 1602 quibus
1236 1522 1450 1602 etquantum
1466 1523 1641 1583 steterunt
1662 1514 1696 1581 in
1715 1517 1863 1587 remotis

430 1605 612 1699 partibus,
635 1620 670 1675 et
687 1609 721 1674 in
742 1608 871 1699 quibus
892 1608 985 1677 villis
1006 1620 1040 1678 et
1059 1631 1137 1677 cum
1158 1609 1288 1700 quibus
1314 1611 1465 1679 maxime
1489 1613 1690 1680 conversati
1719 1628 1803 1682 sunt
1824 1614 1861 1684 in

430 1703 577 1775 eisdem.
603 1705 701 1790 ltem,
720 1706 749 1775 si
771 1727 924 1796 unquam
952 1706 1167 1776 audiverunt
1199 1708 1370 1777 nominari
1396 1707 1590 1777 Gerardum
1618 1707 1790 1798 Segarelli
1814 1711 1863 1782 de

429 1801 549 1870 Parma
571 1803 626 1871 vel
649 1803 831 1872 Duleinum
853 1804 1014 1897 dyocesis
1041 1805 1267 1874 Novariensis
1293 1804 1338 1874 de
1365 1805 1593 1887 lombardia,
1619 1807 1674 1875 vel
1702 1809 1731 1876 si
1763 1810 1862 1900 ipsos

429 1899 487 1969 vel
505 1901 652 1968 alterurn
671 1901 824 1992 ipsorum
847 1902 1037 1986 viderunt,
1066 1913 1101 1972 et
1127 1903 1206 1987 ubi3
1229 1905 1313 1972 etsi
1334 1924 1487 1993 unquam
1510 1925 1587 1972 curn
1610 1924 1661 1972 eis
1689 1905 1744 1974 vel
1768 1907 1863 1998 ipso-

432 2019 506 2066 rum
527 2001 637 2069 altero
658 1998 761 2068 locuti
784 2000 938 2082 luerunt,
961 2012 996 2068 et
1016 2002 1094 2087 nbi;
1116 2013 1150 2070 et
1170 2000 1255 2092 quid
1274 2000 1423 2069 credunt
1441 2011 1502 2070 aut
1517 2002 1673 2070 sentiunt
1693 2003 1860 2096 deipsis,

430 2096 485 2164 vel
509 2096 657 2179 devita,
679 2107 871 2181 autsecta,
901 2109 935 2167 et
964 2098 1122 2167 doctrina
1149 2100 1325 2190 ipsorum3
1356 2109 1391 2166 et
1419 2100 1447 2168 si
1475 2109 1638 2189 reputant
1663 2120 1724 2169 eos
1750 2103 1863 2173 luisse

430 2192 542 2264 bonos
562 2194 741 2278 homines,
765 2208 800 2265 et
820 2194 1004 2279 habuisse,
1023 2208 1057 2265 et
1077 2199 1232 2266 tenuisse
1252 2196 1379 2267 honam
1398 2207 1543 2280 sectam,
1564 2209 1599 2265 et
1614 2197 1778 2267 docuisse
1798 2201 1862 2271 bo·

430 2311 510 2359 nam
526 2293 734 2361 doctrinam.
758 2294 857 2377 llem,
879 2294 907 2362 si
930 2314 1083 2384 unquam
1102 2294 1268 2363 viderunt
1284 2293 1436 2384 aliquem
1458 2294 1606 2364 desecta
1620 2295 1861 2384 predictorum

428 2387 572 2458 Gerardi
594 2403 627 2457 et
649 2391 783 2460 Dulcini
806 2394 861 2460 vel
884 2392 1039 2461 desecta
1060 2391 1198 2461 illorum
1215 2395 1276 2482 qni
1296 2392 1460 2461 dicuntur
1477 2392 1634 2484 Apostoli
1655 2413 1717 2461 seu
1737 2395 1783 2463 de
1802 2416 1860 2466 or·

429 2486 512 2556 dine
532 2488 862 2578 Apostolorum,vel
884 2490 912 2557 si
930 2488 1129 2558 hahuerunt
1144 2490 1296 2580 aliquam
1317 2490 1519 2560 societatem
1541 2490 1596 2559 vel
1618 2490 1859 2583 participatio-

429 2606 508 2654 nem
530 2607 607 2654 cum
626 2587 690 2656 eis.
712 2587 813 2672 Item,
835 2587 880 2656 de
900 2586 1022 2655 habitu
1038 2609 1141 2678 quern
1161 2599 1301 2680 portant
1320 2599 1355 2656 et
1373 2588 1418 2657 de
1434 2589 1541 2657 lorma
1564 2589 1654 2676 ejus,
1677 2591 1738 2678 qui
1758 2590 1860 2661 vide·

430 2693 486 2751 tur
521 2705 598 2752 esse
633 2683 773 2754 habitus
808 2685 956 2773 alicujus
994 2684 1194 2775 religionis,
1231 2685 1373 2776 quando
1405 2698 1440 2755 et
1472 2685 1530 2754 ubi
1565 2685 1667 2755 talem
1699 2685 1858 2758 habitum

427 2795 694 2874 assumpserunt
711 2794 745 2852 et
764 2784 893 2874 quibus
913 2778 954 2878 [l0
975 2782 1043 2850 tao
1063 2779 1098 2880 a]
1116 2783 1357 2874 presentibus,
1376 2794 1412 2852 et
1427 2805 1532 2875 quem
1553 2783 1713 2853 ordinem
1737 2796 1860 2857 tenent

428 2890 462 2947 et
479 2901 583 2970 quam
605 2880 759 2969 regulam
783 2879 1003 2972 profitentur,
1025 2893 1060 2949 et
1078 2882 1106 2950 si
1129 2902 1281 2972 unquam
1311 2881 1398 2950 ordo
1431 2883 1584 2974 ipsorum
1608 2903 1713 2971 quent
1737 2892 1859 2955 tenent

427 2987 463 3044 et
483 2978 560 3046 talis
579 2977 718 3047 habitus
738 3000 842 3070 quem
865 2990 1004 3071 portant
1022 2979 1066 3047 ab
1087 2979 1239 3048 Ecclesia
1259 2979 1413 3048 Romana
1431 2981 1495 3047 luit
1510 2980 1745 3071 approbatus,
1770 2995 1806 3051 et
1827 2983 1858 3051 si

427 3074 542 3142 sciunt
561 3077 698 3166 aliquos
719 3077 806 3146 alios
824 3079 886 3167 qui
899 3077 1002 3145 talem
1023 3077 1183 3146 ordinem
1205 3087 1346 3145 teneant
1361 3087 1395 3146 et
1409 3076 1564 3145 habitum
1584 3076 1684 3145 talem
1701 3089 1856 3168 portent.

427 3170 526 3254 ltem,
550 3173 594 3240 de
614 3175 771 3243 doctrina
788 3195 892 3266 qnam
914 3175 1041 3244 docent
1058 3174 1150 3243 etde
1170 3175 1363 3263 modoejus
1381 3196 1486 3264 quem
1508 3175 1716 3243 inducendo
1737 3186 1860 3247 tenent

427 3267 578 3339 dicendo
592 3297 599 3337 :
615 3270 853 3341 Penilentr‘um
870 3271 977 3362 opita,
996 3271 1296 3364 appropinquabit
1312 3277 1402 3341 enim
1421 3271 1755 3368 repnewoehmm,
1776 3295 1859 3344 can·

430 3370 535 3438 tando
556 3370 589 3436 in
612 3369 695 3439 loeis
717 3371 864 3460 publicis
884 3391 999 3439 coram
1023 3370 1167 3466 populo,
1186 3382 1221 3439 et
1240 3370 1285 3439 de
1304 3369 1481 3440 aliiscirca
1495 3371 1559 3439 bec
1578 3390 1647 3460 que
1662 3372 1859 3440 communi·

429 3477 482 3533 ter
502 3466 669 3535 videntur
687 3466 761 3537 lieri
778 3480 812 3536 et
832 3468 900 3536 dici
923 3483 957 3537 et
976 3468 1109 3536 cantari
1127 3469 1172 3537 ab
1191 3469 1264 3553 eis3
1290 3467 1385 3536 unde
1405 3466 1606 3537 habuerunt
1634 3470 1699 3536 ista
1721 3481 1756 3537 et
1776 3473 1858 3561 quis

427 3562 547 3635 docuit
564 3566 628 3648 eis,
651 3579 684 3634 et
703 3586 813 3656 quare
834 3569 899 3635 ista
919 3566 1062 3649 faciunt,
1084 3587 1164 3635 cum
1185 3587 1254 3636 non
1274 3566 1345 3634 sint
1364 3566 1521 3635 instituta
1543 3564 1617 3634 lieri
1636 3566 1680 3634 ab
1701 3565 1859 3637 Ecclesia

427 3661 580 3733 Romana
601 3685 697 3732 neca
714 3665 855 3755 prelatis
874 3663 1046 3749 Ecclesie,
1068 3674 1102 3733 et
1120 3664 1155 3731 in
1167 3662 1234 3733 hoc
1247 3663 1430 3733 manifeste
1445 3674 1638 3756 appareant
1656 3663 1858 3754 singulares

428 3771 462 3830 et
492 3782 511 3829 a
539 3762 715 3830 communi
743 3762 1010 3832 conversatione
1038 3761 1193 3831 fidelium
1217 3773 1285 3830 tam
1311 3761 1553 3852 religiosorum
1579 3781 1684 3852 quarn
1704 3762 1857 3832 aliarum

426 3880 656 3950 personarum
675 3874 710 3930 et
728 3860 823 3929 victu
843 3870 879 3929 et
899 3861 965 3928 ritu
983 3859 1217 3946 dissidentes3
1236 3869 1300 3929 eta
1318 3871 1450 3950 quanto
1466 3871 1622 3949 tempore
1639 3859 1720 3927 talia
1739 3859 1857 3930 abeis

425 3955 502 4027 fieri
524 3959 741 4050 inceperunt.
766 3957 865 4048 ltem,
879 3957 909 4026 si
928 3957 1081 4048 aliquem
1102 3957 1158 4027 vel
1180 3959 1316 4048 aliquos
1338 3968 1549 4028 monuerunt
1568 3955 1891 4039 velindunerunt.

425 4055 470 4124 ad
492 4056 594 4124 talem
619 4056 775 4125 habitum
803 4056 1052 4125 assumendum
1079 4066 1114 4124 et
1140 4055 1372 4148 portandum,
1394 4065 1430 4124 et
1447 4055 1491 4124 ad
1520 4053 1670 4124 similem
1692 4054 1796 4123 ritum
1819 4066 1856 4126 et

423 4157 568 4225 modum
593 4154 736 4223 vivendi
764 4153 975 4239 tenendum,
1006 4153 1111 4222 etad
1139 4152 1335 4222 consimilia
1360 4152 1582 4234 faciendum,
1614 4165 1649 4219 et
1678 4173 1792 4242 qnos,
1819 4165 1856 4223 et

424 4265 524 4343 quot,
544 4262 579 4320 et
594 4273 717 4344 quare.
738 4251 836 4335 Item,
857 4250 885 4320 si
904 4252 1044 4320 luerunt
1060 4251 1211 4321 confessi
1231 4251 1292 4321 illo
1311 4271 1404 4320 anno
1422 4260 1562 4342 peccata
1581 4269 1657 4334 sna,
1672 4250 1796 4338 etcui;
1820 4262 1856 4320 et

423 4352 455 4419 si
465 4351 815 4421 communicaverunt
830 4369 892 4418 seu
909 4359 1116 4439 receperunt
1136 4350 1271 4440 Corpus
1284 4346 1424 4431 Christi,
1446 4360 1481 4418 et
1497 4347 1575 4435 nbi;
1595 4367 1674 4416 cum
1696 4347 1760 4440 ipsi
1779 4369 1856 4439 pre·

423 4447 541 4517 dicent
560 4448 786 4538 penitentiam
807 4467 885 4515 esse
905 4446 1113 4529 faciendam,
1129 4458 1164 4515 et
1178 4446 1222 4515 ad
1238 4467 1358 4515 veram
1379 4446 1621 4537 penitentiam,
1642 4454 1720 4536 post
1734 4445 1855 4515 cordis

421 4547 681 4626 contritionem,
695 4543 1214 4636 requiratnrorisconlessiode
1230 4555 1372 4637 peccato
1390 4543 1547 4613 facienda
1560 4542 1738 4611 sacerdoti
1756 4543 1853 4613 ordi·

422 4654 505 4714 nato
520 4666 582 4737 per
597 4644 799 4739 episcopum
816 4642 860 4710 de
872 4641 1024 4711 Ecclesia
1041 4642 1210 4725 Romana,
1226 4652 1262 4711 et
1278 4641 1430 4723 nonalii,
1449 4653 1572 4711 etcum
1590 4660 1712 4710 omnes
1729 4637 1854 4711 fideles

410 4743 723 4812 'teneantursemel
735 4740 768 4808 in
786 4761 879 4809 anno
888 4750 1030 4832 peccata
1042 4760 1104 4809 sua
1119 4738 1277 4810 confiteri
1296 4739 1437 4831 proprio
1453 4737 1626 4808 sacerdoti
1642 4749 1677 4805 et
1694 4757 1853 4807 commu·

421 4839 539 4910 nicare
551 4840 585 4908 in
602 4838 745 4923 Pascha,
758 4838 1203 4908 niaximevidentnrteneri
1217 4837 1262 4907 ad
1275 4837 1341 4907 hoc
1351 4839 1412 4928 qui
1425 4836 1528 4905 talem
1539 4837 1643 4904 vitam
1658 4836 1851 4925 perlectam

422 4938 634 5028 pretendunt
646 4937 801 5006 exterius
812 4948 847 5005 et
860 4936 1064 5006 ostendunt.
1080 4935 1131 5003 Ex
1140 4935 1306 5027 predictis
1323 4934 1545 5024 generalibus
1559 4927 1600 5028 [Ρ
1613 4930 1681 4999 186
1695 4930 1732 5028 b]
1744 4933 1853 5002 inter·

425 5030 1852 5125 rogationibusetaliisconsimilibusquetnncoccurrerintlaciende,causaetoc·

1057 5736 1280 5992 ”X
