4612 6404
1021 687 1145 753 qurum
1171 687 1266 738 rins.
1788 664 1855 734 att

431 848 582 930 dientes,
606 845 698 914 untle
718 843 840 914 dicunt
862 870 869 912 :
895 843 1042 937 Viqr'lole
1059 851 1091 915 et
1108 851 1220 929 orate,
1242 843 1325 936 quio
1342 842 1405 912 boc
1418 848 1469 911 est
1486 841 1612 911 bouum
1624 862 1697 934 pro
1717 838 1853 910 animo.

430 946 533 1030 ltem,
555 942 677 1013 dicunt
696 940 812 1012 Pater
829 949 945 1013 noster
971 952 1006 1012 et
1023 941 1116 1026 Aoo,
1138 942 1263 1012 Morio
1282 951 1316 1010 et
1336 939 1453 1011 Credo
1472 939 1510 1009 io
1528 938 1645 1008 Deum
1664 939 1733 1008 alta
1754 958 1855 1009 voce.

431 1044 529 1126 ltem,
552 1051 693 1110 cantant
712 1040 830 1110 eundo
852 1062 913 1134 per
930 1041 1050 1126 villas,
1073 1041 1262 1133 aliquando
1282 1039 1315 1107 iu
1342 1039 1484 1130 plateis,
1507 1037 1564 1106 vel
1586 1036 1643 1106 ubi
1671 1035 1858 1105 inveniunt

431 1141 615 1210 audientes
637 1162 645 1207 :
667 1137 910 1209 Protreottom
931 1138 1045 1231 oqite,
1070 1135 1369 1232 appropinquabit
1389 1136 1484 1206 enim
1503 1157 1655 1227 reponem
1674 1133 1860 1218 celorum

433 1249 468 1309 et
499 1238 542 1308 de
574 1235 740 1328 apostolis
765 1244 785 1315 11
809 1262 816 1305 :
841 1237 928 1307 Ecce
960 1258 1025 1327 ego
1049 1258 1112 1307 vos
1138 1240 1236 1305 mitto
1261 1238 1349 1304 sicut
1369 1255 1456 1305 oves
1474 1237 1511 1302 in
1540 1232 1656 1302 medio
1681 1231 1856 1324 luporum,

433 1340 540 1421 item,
563 1333 640 1404 Non
665 1335 824 1404 turbetur
847 1356 908 1405 cor
933 1345 1087 1404 vestrum
1114 1355 1228 1425 neque
1257 1333 1421 1403 formidet
1448 1331 1621 1401 cautando
1643 1325 1683 1426 [l0
1711 1325 1773 1396 tlt
1805 1323 1856 1424 a].

433 1434 537 1519 Item,
556 1442 698 1502 cantant
717 1431 844 1518 Soloe,
865 1432 996 1524 repleo
1021 1444 1056 1502 et
1079 1432 1250 1524 quosdam
1280 1431 1367 1500 alios
1391 1438 1534 1519 cantus,
1558 1439 1595 1497 ut
1616 1427 1770 1496 alliciant
1796 1445 1859 1494 au-

435 1531 588 1612 dientes,
609 1542 644 1600 et
664 1532 876 1623 pretendunt
895 1530 1049 1600 exterius
1069 1530 1220 1620 quedam
1241 1529 1340 1619 signa
1361 1527 1560 1598 devotionis
1579 1526 1623 1595 ad
1642 1525 1770 1608 Deum,
1790 1544 1859 1614 que
1961 1567 1968 1580 ·

434 1629 550 1700 omnia
565 1630 674 1722 prima
688 1628 775 1697 lacie
787 1629 953 1698 videntur
963 1627 1182 1697 auditoribus
1194 1627 1285 1696 hona
1300 1625 1399 1718 etpia
1409 1650 1417 1711 ;
1429 1638 1463 1694 et
1477 1623 1675 1717 specialiter
1689 1632 1860 1691 conantur

435 1739 473 1797 ut
489 1737 679 1819 appareant
697 1729 854 1796 exterius
873 1726 1073 1796 hominibus
1092 1725 1287 1817 penitentes
1307 1734 1341 1792 et
1358 1726 1467 1792 vitam
1487 1722 1673 1815 perlectam
1695 1730 1857 1810 agentes3

435 1835 471 1894 et
487 1824 675 1895 comeduut
694 1823 727 1891 in
745 1823 905 1894 carreriis
925 1823 1063 1915 publice
1083 1822 1117 1890 in
1133 1822 1249 1913 aliqua
1272 1833 1391 1890 mensa
1409 1821 1474 1890 sibi
1496 1819 1625 1889 ibidem
1643 1819 1801 1910 apposita
1817 1816 1861 1885 de

435 1922 503 1991 illis
522 1921 676 2013 quesibi
698 1933 780 1991 tunc
798 1931 1026 2016 apportantur
1043 1944 1052 2009 ;
1071 1931 1105 1990 et
1127 1920 1183 1989 illa
1204 1940 1273 2011 que
1292 1928 1481 2009 supersunt
1500 1918 1544 1987 de
1565 1937 1654 2010 pane
1673 1928 1707 1984 et
1724 1915 1807 1986 vino
1827 1926 1863 1985 et

434 2019 480 2090 de
501 2020 579 2090 aliis
602 2040 671 2110 que
695 2017 810 2091 oblate
837 2028 919 2090 suut
943 2019 1072 2089 ibidem
1094 2021 1166 2104 cie,
1189 2017 1330 2110 quando
1350 2016 1432 2085 inde
1451 2027 1621 2106 surgunt,
1643 2013 1748 2083 nichil
1771 2013 1861 2083 reci-

434 2117 534 2210 piunt
551 2139 617 2188 nec
635 2137 753 2186 secum
772 2117 901 2203 lerunt,
917 2127 970 2186 set
985 2116 1165 2185 dimittunt
1182 2115 1310 2185 ibidem
1330 2115 1364 2183 in
1381 2117 1519 2205 signum
1538 2134 1608 2204 quo
1625 2114 1696 2182 sint
1714 2111 1862 2205 perlecti

435 2235 606 2308 pauperes
624 2213 767 2300 Christi,
787 2215 887 2307 quasi
908 2236 977 2284 non
998 2214 1152 2306 cogitent
1175 2213 1219 2283 de
1245 2213 1413 2296 crastino,
1440 2222 1474 2281 et
1493 2213 1594 2304 quasi
1619 2231 1690 2280 non
1711 2208 1863 2278 habeant

435 2313 576 2384 domum
598 2334 713 2405 neque
734 2313 949 2385 mansionem
968 2337 977 2400 3
999 2325 1034 2383 et
1054 2313 1120 2382 islo
1141 2310 1244 2381 modo
1266 2309 1465 2380 mendicant
1485 2309 1614 2378 victum
1636 2329 1754 2378 suum.
1924 2324 1926 2330 ’

567 2571 601 2632 5.
625 2569 676 2632 De
697 2568 803 2632 modo
824 2566 1036 2648 inquirendi
1058 2573 1094 2629 et
1115 2564 1351 2629 examinandi
1373 2562 1730 2643 Pseudo-apostolos.

485 2814 543 2885 Est
561 2824 678 2884 autern
698 2812 880 2884 sciendum
900 2812 995 2905 quod
1016 2811 1120 2881 valde
1142 2807 1284 2881 difficile
1304 2819 1356 2880 est
1377 2811 1470 2901 ipsos
1494 2807 1697 2878 examinare
1716 2818 1750 2878 et
1770 2810 1865 2879 veri-

438 2922 540 2982 tatem
559 2922 679 2982 contra
700 2932 760 2981 eos
771 2911 932 2981 invenire
943 2931 1006 3003 pro
1024 2931 1066 2979 eo
1085 2911 1237 2978 maxime
1253 2906 1362 2999 quod,
1382 2917 1704 2997 quantumcumque
1718 2907 1862 2996 jurave-

436 3009 507 3080 rint
525 3011 560 3078 in
583 3010 713 3101 juditio
732 3031 770 3079 se
789 3009 971 3079 veritatem
994 3007 1163 3093 dicturos,
1190 3005 1313 3075 nolunt
1333 3014 1446 3074 tamen
1472 3003 1653 3074 manifeste
1673 3024 1772 3073 suam
1788 3026 1864 3075 seo·

437 3117 506 3178 tam
526 3107 711 3199 detegere,
735 3128 798 3176 nec
817 3127 899 3176 suos
920 3126 1056 3176 errores
1086 3103 1225 3197 publice
1251 3100 1408 3172 confiteri
1436 3124 1501 3172 uec
1530 3101 1639 3171 teneri
1658 3097 1715 3198 (l)
1733 3101 1865 3174 directe

436 3206 649 3298 respondere
672 3205 716 3275 ad
743 3204 976 3295 interrogata,
1007 3212 1060 3272 set
1083 3202 1223 3295 palliate
1246 3211 1281 3270 et
1305 3221 1366 3293 per
1395 3199 1703 3290 tergiversationes
1732 3200 1861 3272 multas

435 3304 624 3374 verborum
642 3302 785 3373 deviant
804 3313 839 3371 et
855 3300 1046 3371 mendaciis
1065 3321 1103 3369 se
1116 3301 1257 3391 juvant,
1275 3310 1310 3368 et
1329 3297 1409 3368 ideo
1427 3298 1573 3366 multum
1592 3309 1645 3366 est
1664 3318 1720 3367 ars
1743 3319 1864 3369 neces·
1976 3370 1986 3388 ‚

437 3403 527 3471 saria
550 3409 671 3471 contra
695 3400 790 3492 ipsos
813 3409 848 3469 et
870 3398 1040 3468 industria
1066 3397 1287 3489 inquirentis.
1310 3395 1433 3465 Modus
1460 3397 1579 3485 itaque
1603 3393 1803 3486 inquirendi
1829 3406 1865 3466 et

438 3497 662 3569 examinandi
682 3519 742 3567 eos
768 3518 788 3567 a
811 3497 984 3590 principio
1003 3505 1123 3566 contre
1144 3516 1265 3566 eorum
1286 3493 1437 3563 astuciae
1446 3547 1457 3581 ,
1479 3504 1516 3561 ut
1538 3492 1647 3582 magis
1668 3492 1807 3562 valeant
1822 3493 1867 3563 ah

439 3595 706 3689 inquisitoribus
729 3594 967 3689 deprehendi,
988 3592 1116 3687 poterit
1134 3614 1213 3663 esse
1236 3591 1312 3661 talis
1336 3616 1344 3659 ε
1367 3602 1550 3683 postquam
1572 3590 1607 3657 in
1630 3589 1760 3680 juditio
1783 3612 1866 3661 con-

365 3711 368 3716 ·
438 3694 548 3764 stituti
573 3693 772 3785 juraverint
796 3713 903 3785 super
922 3703 1042 3763 sancta
1058 3689 1119 3760 Dei
1148 3689 1337 3780 Evangelia
1368 3689 1505 3780 plenam
1535 3698 1568 3757 et
1593 3708 1724 3757 meram
1751 3686 1868 3758 dicere

438 3791 622 3862 veritatem
646 3790 857 3881 generaliter
877 3791 922 3861 de
942 3790 1032 3860 lacto
1050 3787 1185 3859 heresis
1205 3799 1239 3856 et
1258 3785 1455 3879 specialiter
1475 3787 1519 3855 de
1539 3785 1629 3855 lacto
1648 3785 1787 3855 illorum
1806 3788 1868 3876 qui

437 3886 524 3960 lalso
542 3890 707 3960 dicuntur
723 3887 898 3981 Apostoli,
920 3909 983 3959 seu
1002 3888 1111 3957 vitam
1134 3879 1176 3981 [l⁰
1198 3882 1260 3953 111
1288 3880 1343 3980 b],
1365 3895 1401 3952 et
1418 3893 1570 3968 sectam,
1592 3895 1627 3952 et
1643 3882 1748 3952 ritum
1769 3883 1865 3975 ipso·

439 4008 514 4056 rum
544 3997 663 4057 tenere
687 4008 726 4057 se
748 3986 889 4072 dicunt,
911 4007 951 4055 ac
970 3985 1075 4056 etiam
1096 3984 1141 4055 de
1163 3983 1444 4075 quibuscumque
1470 3980 1515 4050 de
1536 3980 1664 4071 quihus
1685 3980 1813 4049 luerint
1832 3981 1867 4050 in

437 4084 564 4176 juditio
585 4084 762 4177 requisiti,
786 4095 867 4154 tunc
887 4081 972 4153 fiant
991 4083 1043 4153 eis
1062 4079 1328 4172 interrogatoria
1348 4079 1525 4170 generalia
1545 4099 1613 4171 que
1631 4089 1816 4165 secuntur,
1834 4088 1869 4147 et

443 4183 664 4276 postmodum
685 4183 729 4252 ad
750 4182 914 4274 specialia
935 4181 1183 4252 descendatur.

557 4437 592 4500 θ.
617 4436 908 4512 interrogatoria
929 4434 1118 4512 generalla
1139 4435 1186 4498 sd
1209 4432 1555 4513 Pseudo-apostolos
1576 4431 1754 4497 facienda.

490 4678 527 4749 ln
549 4678 670 4772 primis
690 4679 808 4769 itaque
828 4677 1086 4767 interrogentur
1103 4672 1148 4746 de
1168 4696 1231 4746 sua
1251 4675 1360 4767 patria
1379 4695 1420 4745 ac
1440 4673 1661 4767 perentibus,
1683 4673 1776 4745 unde
1796 4674 1871 4747 lue-1

444 4787 524 4846 runt
542 4787 577 4847 et
596 4787 779 4847 traxerunt
797 4775 983 4868 originem,
998 4783 1033 4845 et
1050 4793 1159 4866 quare
1175 4784 1210 4843 et
1225 4772 1368 4864 quando
1385 4772 1430 4843 de
1446 4771 1520 4842 suis
1539 4771 1695 4864 partibus
1715 4792 1871 4844 recesse-

481 5084 518 5155 (l)
534 5086 631 5140 Tenere
647 5083 678 5156 (l)
694 5084 767 5140 daus
781 5084 807 5138 le
822 5083 990 5139 manuscrit.
