4574 6404
833 686 984 740 sacuam
1008 684 1105 738 rsus,
1642 667 1686 734 79

254 853 347 913 tenta
371 843 401 911 si
433 863 508 912 eam
536 844 719 914 volueritis
746 843 802 915 vel
829 843 1009 914 voluerint
1032 843 1082 913 illi
1108 843 1153 913 ad
1177 861 1265 934 quos
1293 841 1444 934 pertinet
1466 840 1597 910 dictum
1626 860 1688 909 ne·

253 939 414 1032 gocium,
438 940 515 1010 illas
534 941 667 1011 eisdem
691 942 732 1013 N.
762 951 798 1011 et
816 942 858 1011 N.
880 941 938 1011 vel
963 962 1083 1012 eorum
1111 940 1241 1010 nuncio
1269 939 1460 1009 restituatis
1485 938 1625 1025 illesas3
1653 948 1688 1007 et

252 1039 281 1108 si
309 1046 431 1109 contra
461 1037 528 1109 hoc
551 1060 614 1132 per
644 1061 709 1110 vos
737 1040 795 1110 vel
822 1040 910 1109 alios
935 1039 1040 1109 fuerit
1068 1048 1325 1129 attemptatum,
1348 1037 1503 1130 predicta
1524 1035 1687 1105 distincte

254 1136 446 1206 monitione
471 1137 664 1228 premissa,
686 1158 750 1208 vos
771 1147 806 1207 et
832 1137 919 1207 alios
945 1139 1004 1229 qui
1029 1149 1150 1209 contra
1176 1134 1327 1204 feceritis
1353 1134 1411 1205 vel
1439 1133 1584 1203 fecerint
1611 1132 1686 1202 dic-

255 1245 321 1303 tam
357 1245 512 1303 nostram
548 1235 925 1305 excommunicationis
955 1235 1164 1306 senteutiam
1201 1234 1381 1302 incurrere
1413 1231 1577 1302 volumus
1610 1231 1686 1322 ipso

253 1331 354 1402 iacto.
375 1331 412 1399 lu
433 1353 582 1423 quorum
602 1333 760 1403 omnium
780 1333 1019 1403 testimonium
1042 1341 1222 1426 presentes
1240 1331 1373 1399 litteras
1393 1329 1587 1421 sigillorum
1607 1349 1686 1399 nus·

254 1439 385 1499 trorum
409 1429 580 1519 jussimus
607 1431 824 1524 appensione
859 1431 987 1499 muniri
1020 1426 1061 1526 [i0
1089 1427 1134 1500 42
1162 1424 1214 1525 d].
1245 1427 1369 1497 Actum
1404 1439 1439 1497 et
1473 1426 1591 1495 datum
1626 1425 1685 1495 tali

255 1525 351 1618 loco,
372 1546 466 1597 anuo
486 1537 521 1597 et
540 1528 598 1597 die
618 1529 691 1599 tali.

298 1623 471 1695 Predictu
489 1624 612 1717 farina
630 1625 820 1718 dilipcnten
833 1626 966 1697 dictata
985 1631 1022 1696 ct
1037 1624 1203 1695 ordinata
1217 1623 1334 1696 eutitii
1352 1630 1385 1693 et
1402 1623 1686 1695 scribitnninltoc

254 1721 320 1791 loco
328 1743 402 1818 pro
421 1720 542 1813 forum
559 1724 763 1817 exemplari
786 1725 824 1794 in
842 1725 961 1794 multis
986 1723 1124 1795 casibus
1142 1722 1223 1794 aliis
1244 1721 1501 1812 cnccrpeniibus
1525 1721 1685 1791 manime

252 1819 487 1911 etsipnantcr
500 1828 673 1914 quantum
692 1823 744 1893 ad
758 1822 1000 1916 requisitiones
1028 1828 1059 1890 ct
1081 1821 1284 1891 monitiones
1308 1820 1474 1891 canonice
1499 1818 1685 1911 faciendas

251 1915 317 1988 sul>
328 1939 427 2010 pena
444 1918 830 2009 communicationis,
848 1921 992 1990 mutatis
1010 1919 1204 2004 mutandis,
1226 1925 1259 1988 et
1282 1916 1423 2001 additis,
1445 1939 1506 1987 scu
1524 1917 1682 1987 subtrac-

252 2014 294 2082 tis
310 2038 375 2109 que
393 2015 559 2088 adaman
575 2017 714 2112 pinnini
727 2041 789 2089 scu
804 2017 1056 2104 subtrahenda,
1073 2016 1266 2089 secundum
1280 2014 1489 2086 cunctatam
1501 2037 1683 2106 cmcnpen·

251 2113 342 2182 auin
361 2134 505 2184 cusnani
524 2115 562 2184 in
581 2115 661 2186 locis
673 2117 757 2187 suis,

251 2340 308 2404 56.
333 2341 464 2405 Modus
478 2351 514 2406 et
528 2343 646 2408 forma
660 2345 703 2407 de
719 2345 927 2423 provisione
943 2343 1115 2425 iacienda
1133 2344 1244 2408 certis
1260 2342 1427 2421 personis
1443 2359 1512 2422 que
1535 2340 1685 2405 luerunt

289 2449 428 2514 ordinis
443 2450 579 2515 milicie
595 2452 779 2531 quondum
795 2452 935 2532 Templi
955 2468 998 2516 ex
1020 2451 1280 2515 commissione
1298 2449 1503 2529 apostolica
1518 2448 1682 2527 speciali,

288 2572 360 2620 uno
377 2573 420 2621 ex
435 2558 573 2623 eisdem
590 2567 760 2638 presente
775 2566 811 2623 et
825 2575 890 2639 pro
907 2576 946 2622 se
961 2567 997 2622 et
1012 2554 1222 2638 promulsis
1238 2556 1324 2621 aliis
1339 2555 1557 2620 absentibus
1569 2554 1684 2619 nomi-

249 2667 253 2674 '
288 2664 407 2728 natim
423 2666 607 2744 expressis
623 2666 867 2744 supplicante.

299 2879 521 2951 Miseratione
546 2881 666 2950 divina
689 2881 768 2950 talis
798 2882 839 2951 N.
869 2881 1071 2951 Portuensis
1099 2891 1134 2949 et
1157 2880 1283 2949 Sancte
1302 2879 1463 2971 Raphiae
1485 2894 1520 2947 et
1541 2878 1617 2949 talis
1639 2879 1680 2949 N.

249 2978 452 3048 Sabineusis
472 2979 625 3070 episcopi
649 2978 847 3048 venerabili
870 2981 903 3048 in
923 2977 1061 3048 Christo
1091 2977 1181 3069 patri
1206 2977 1268 3046 Dei
1297 2977 1407 3068 gratia
1438 2977 1603 3068 episcopo
1624 2978 1682 3046 tali

251 3087 287 3146 et
299 3075 441 3145 disertis
462 3076 548 3146 viris
563 3076 744 3146 talibusN.
765 3087 802 3145 et
818 3077 948 3146 talibus
965 3076 1006 3144 N.
1021 3071 1091 3168 (i),
1104 3074 1252 3144 salutem
1270 3074 1475 3145 innomino.
1490 3075 1683 3144 —Dudum

250 3175 347 3265 gravi
370 3183 405 3244 et
424 3173 541 3243 valido
559 3174 713 3244 clamore
732 3185 861 3244 exorto
889 3184 1009 3244 contra
1030 3172 1179 3244 condam
1210 3172 1337 3242 milicie
1362 3172 1495 3264 Templi
1523 3173 1682 3243 ordinem

249 3283 283 3341 et
305 3271 416 3363 ipsius
445 3271 642 3361 singulares
675 3292 846 3364 personas
872 3293 979 3364 super
1007 3270 1192 3340 heresibus
1220 3280 1255 3340 at
1277 3267 1461 3340 horrendis
1490 3270 1683 3340 sceleribus

249 3380 284 3438 et
301 3367 483 3438 nonnullis
503 3368 700 3461 nephandis
721 3370 928 3440 criminibus
950 3363 990 3464 [N
1013 3365 1056 3436 lb
1076 3363 1127 3464 a],
1152 3378 1230 3460 post
1251 3367 1496 3458 inquisitiones
1517 3368 1561 3438 de
1583 3389 1681 3437 man-

250 3466 331 3537 dato
355 3467 451 3537 sedis
477 3467 669 3558 apostolice
703 3489 810 3559 super
848 3467 915 3536 hiis
953 3468 986 3534 in
1020 3465 1196 3535 universis
1227 3465 1491 3535 christianitatis
1526 3466 1683 3558 partibus

249 3565 372 3647 iactas,
392 3564 503 3634 felicis
521 3564 782 3635 recordacionis
800 3563 961 3634 Clemens
981 3584 1070 3655 papa
1092 3563 1122 3631 V
1149 3584 1211 3654 per
1231 3564 1323 3632 viam
1353 3564 1566 3655 provisionis
1585 3585 1683 3658 apos·

251 3662 353 3732 tolice
373 3663 488 3755 ipsum
508 3661 668 3732 ordinem
687 3664 837 3754 ejusque
856 3673 1004 3748 statum,
1028 3660 1201 3753 habitum,
1218 3671 1325 3753 atque
1344 3681 1472 3732 numen
1492 3663 1633 3732 sustulit
1649 3673 1685 3731 et

249 3760 403 3830 cassavit
427 3760 460 3827 in
479 3759 636 3850 generali
653 3760 803 3831 concilio
825 3760 1032 3845 Viennensi,
1056 3779 1097 3826 ac
1112 3759 1204 3828 circa
1226 3779 1393 3850 personas
1413 3760 1558 3828 iratrum
1573 3760 1683 3852 ipsius

249 3857 427 3950 quondam
456 3858 590 3929 ordinis
618 3860 743 3928 voleus
773 3858 906 3927 utiliter
935 3855 1137 3949 prouidere,
1175 3858 1280 3927 certis
1314 3856 1498 3926 dumtaxat
1525 3859 1683 3949 exceptis

249 3976 337 4047 quos
367 3955 434 4024 sihi
464 3955 665 4046 specialiter
698 3956 913 4042 reservavit,
946 3956 1042 4047 ipsos
1080 3955 1222 4047 reliquit
1254 3955 1467 4025 ordinationi
1493 3964 1528 4025 et
1552 3954 1682 4045 juditio

249 4052 476 4123 conciliorum
496 4054 763 4144 provincialium
791 4075 860 4145 que
885 4074 996 4144 super
1022 4052 1088 4123 hoc
1111 4075 1172 4144 per
1200 4054 1386 4122 universas
1415 4052 1536 4121 mundi
1566 4062 1681 4143 partes

249 4150 362 4220 voluit
379 4151 606 4243 congregari3
631 4151 880 4222 nichilominus
901 4152 1024 4220 iratres
1040 4171 1168 4241 omnes
1185 4151 1343 4240 ejusdem
1358 4151 1535 4240 quondam
1547 4151 1683 4220 ordinis

249 4268 327 4317 cum
348 4248 477 4339 quihus
496 4270 602 4341 super
621 4250 828 4319 criminibus
849 4261 883 4319 et
909 4249 1090 4318 erroribus
1115 4249 1280 4340 predictis
1310 4246 1464 4317 noudum
1493 4249 1607 4318 iuerat
1630 4250 1682 4316 in·

249 4345 431 4437 quisitum,
451 4357 486 4416 et
505 4347 564 4437 qui
580 4347 647 4417 sub
666 4368 771 4416 manu
792 4359 826 4416 et
846 4359 1017 4439 potestate
1034 4346 1189 4415 Ecclesia
1208 4357 1289 4414 tunc
1310 4366 1380 4414 non
1409 4356 1522 4430 crant,
1546 4348 1580 4414 in
1608 4346 1682 4438 ipsu

248 4443 438 4514 Viennensi
458 4443 607 4515 concilio
625 4445 747 4514 citavit
768 4456 804 4513 ut
829 4445 917 4514 inira
941 4465 1049 4512 riuum
1071 4464 1217 4530 anuum,
1240 4463 1345 4534 quem
1364 4442 1415 4512 eis
1439 4465 1502 4536 pro
1532 4444 1682 4513 termino

249 4541 493 4634 peremptorio·
511 4542 719 4632 assignavit,
740 4563 857 4613 coram
879 4543 1087 4634 dyocesanis
1107 4544 1181 4610 suis
1200 4561 1321 4610 eorum
1353 4541 1505 4610 subituri
1531 4561 1682 4610 examen

249 4649 412 4729 curarent
432 4640 663 4732 personaliter
680 4661 901 4734 comparere;
924 4639 1019 4731 quod
1039 4639 1068 4708 si
1087 4639 1176 4707 iulra
1197 4638 1311 4730 ipsum
1338 4659 1469 4707 annum
1489 4661 1558 4708 non
1584 4660 1679 4709 com·

248 4747 412 4828 parerent
423 4758 540 4829 curam
553 4737 775 4831 dyocesanis,
789 4738 922 4808 eisdem
938 4759 980 4808 eo
994 4737 1069 4829 ipso
1081 4737 1455 4807 excommunicationis
1466 4738 1678 4807 sententiam

248 4853 309 4904 eos
326 4834 518 4920 incurrere,
541 4846 576 4905 et
594 4836 623 4904 si
645 4837 753 4928 ipsam
775 4834 1176 4906 excommunicationem
1209 4855 1270 4925 per
1297 4855 1427 4903 annum
1455 4834 1680 4927 pertinaciter

285 5091 321 5156 (l)
342 5090 376 5146 N.
393 5090 465 5146 dans
479 5090 504 5145 ie
520 5106 575 5145 ms.
594 5091 655 5147 388.
