4574 6404
428 654 473 723 tid
713 669 876 723 nnacrroa
901 670 1142 736 rnoursrrvonrs
1168 668 1330 723 nnnnrrcn
1355 668 1566 722 rnavrrrrrs.

426 839 656 922 spontaneam
683 827 938 899 confessionem
959 837 994 897 et
1018 827 1239 899 contritionis
1259 848 1299 897 ac
1318 826 1512 919 penitentie
1530 827 1631 918 signa
1651 827 1729 897 talis
1747 828 1789 897 N.
1811 829 1858 899 de

428 926 487 996 tali
505 927 605 1011 locO,
628 937 663 995 et
682 946 745 1018 per
767 925 834 995 hoo
860 925 906 994 de
929 924 1087 1013 ejusdem
1108 925 1327 995 correctione
1352 924 1387 993 in
1413 933 1590 1017 posterum
1612 923 1856 1011 confidentes,

426 1024 473 1094 ad
493 1024 569 1114 ejus
597 1023 798 1093 instantiam
821 1033 856 1092 et
878 1022 1142 1114 requisitionem
1171 1023 1341 1092 humilem
1368 1022 1565 1092 relevantes
1592 1021 1746 1113 ipsuma
1776 1044 1856 1094 cor-

428 1121 540 1213 porali
569 1121 688 1191 labore
717 1118 899 1212 multiplici
928 1131 963 1189 et
982 1119 1163 1205 discursu,
1193 1120 1239 1189 de
1264 1119 1375 1210 gratia
1394 1118 1536 1211 speciali
1557 1119 1858 1212 peregrinationes

427 1218 511 1288 olim
541 1218 609 1289 sibi
636 1217 777 1287 nomine
804 1216 996 1310 penitentie
1022 1216 1201 1311 impositas
1227 1229 1262 1287 et
1288 1217 1462 1306 injunctas
1489 1215 1603 1286 eidem
1630 1218 1859 1288 commutavi·

430 1337 526 1404 mus,
549 1326 639 1400 etc,
663 1326 838 1407 utsupra.

535 1542 595 1607 25.
619 1542 713 1606 Item
727 1541 845 1607 iorma
859 1541 1031 1623 specialis
1046 1543 1094 1607 ad
1109 1542 1410 1606 commutandum
1425 1541 1753 1622 peregrinationes.
1843 1564 1844 1569 ¹

476 1754 624 1829 Tenore¹
640 1759 854 1853 presentium
881 1770 1001 1829 notum
1029 1757 1089 1828 liat
1115 1759 1212 1850 quod
1238 1779 1302 1829 nos
1323 1757 1400 1827 talis
1419 1757 1461 1826 N.
1484 1757 1683 1849 inquisitor,
1706 1757 1773 1849 piis
1794 1757 1856 1828 bo-

428 1877 554 1927 norum
579 1858 735 1928 virorum
765 1855 927 1950 precibus
947 1855 1104 1926 inclinati
1130 1877 1171 1926 ac
1199 1855 1283 1927 moti
1309 1854 1435 1924 intuitu
1458 1854 1618 1948 pietatis,
1637 1855 1857 1926 considerata

429 1954 541 2024 nimia
567 1965 748 2024 senectute
766 1974 807 2023 ac
833 1953 1013 2024 debilitate
1037 1954 1193 2047 corporis
1215 1953 1292 2023 talis
1317 1952 1359 2022 N.
1381 1952 1427 2022 de
1455 1952 1512 2022 tali
1534 1953 1634 2046 loco,
1656 1952 1856 2046 peregrina·

430 2052 546 2122 tiones
565 2064 666 2122 extra
685 2050 868 2122 Tholosam
890 2050 1074 2121 dumtaxat
1093 2051 1269 2121 iaciendas
1286 2049 1401 2121 eidem
1423 2071 1485 2143 pro
1506 2049 1572 2120 hiis
1595 2071 1665 2142 que
1683 2049 1858 2121 commisit

429 2149 465 2218 in
490 2149 638 2221 crimine
662 2169 725 2219 seu
752 2143 793 2242 [N
813 2147 858 2216 30
881 2143 917 2242 d]
948 2150 1037 2218 lacto
1062 2147 1195 2218 heresis
1221 2148 1255 2216 in
1285 2147 1513 2241 penitentiam
1533 2158 1568 2218 et
1595 2147 1737 2218 nomine
1758 2147 1856 2238 peni-

431 2247 541 2316 tentie
558 2268 621 2339 per
641 2266 704 2317 nos
723 2243 824 2337 (cels
846 2266 908 2337 per
928 2246 1014 2315 tales
1038 2243 1281 2338 inquisitores)
1304 2245 1437 2314 dodum
1468 2245 1649 2338 impositas
1668 2256 1703 2342 et
1722 2245 1858 2335 injunc-

430 2353 483 2414 tas
509 2344 625 2414 eidem
644 2343 938 2414 commutavimus
963 2343 997 2410 in
1019 2342 1086 2412 alia
1108 2363 1214 2436 opera
1236 2342 1395 2435 pietatis,
1419 2343 1641 2434 injungentes
1661 2341 1775 2412 eidem
1797 2341 1855 2411 tali

427 2440 470 2509 N.
500 2442 600 2511 utin
629 2441 906 2534 redemptionem
934 2460 997 2509 seu
1025 2441 1332 2510 commutationem
1365 2440 1518 2533 ipsarum
1539 2440 1599 2510 det
1624 2449 1660 2510 et
1679 2439 1857 2532 persolvat

429 2538 684 2630 quinquaginta
713 2538 818 2607 libras
841 2537 1061 2608 Toronenses
1084 2536 1336 2630 expendendas
1364 2548 1399 2606 et
1426 2537 1688 2607 distribuendas
1706 2536 1750 2606 ad
1772 2557 1856 2607 oos-

430 2643 523 2706 trnm
543 2636 725 2706 arbitrium
745 2634 780 2704 in
800 2637 877 2728 pios
897 2656 982 2705 usus
1001 2634 1072 2725 (vel
1087 2635 1137 2705 sr'c
1160 2661 1170 2702 :
1199 2635 1233 2703 in
1253 2635 1498 2728 persecutione
1516 2633 1749 2705 hereticorum
1768 2633 1824 2702 vel
1844 2658 1852 2704 :

428 2753 493 2824 pro
526 2733 793 2804 necessitatibus
821 2730 925 2803 olficii
960 2732 1197 2823 inquisitionis
1223 2733 1279 2802 vel
1306 2735 1352 2800 sic
1384 2757 1395 2799 .·
1426 2733 1461 2801 in
1490 2752 1597 2824 opere
1623 2730 1701 2801 talis
1738 2730 1855 2825 pontis

428 2830 485 2900 vel
506 2856 517 2898 :
547 2831 625 2901 talis
652 2830 757 2901 tontis
790 2829 847 2899 vel
872 2855 883 2898 .·
913 2829 991 2900 talis
1017 2829 1164 2901 ecclesie
1188 2828 1245 2899 vel
1263 2827 1313 2898 sic
1333 2854 1344 2897 :
1365 2829 1409 2899 ad
1434 2829 1617 2899 arbitrium
1641 2828 1855 2899 venerabilis

426 2945 469 2997 ac
496 2927 636 2998 discreti
663 2928 730 2998 viri
762 2927 841 2997 talis
871 2924 1046 3020 abbatis),
1077 2928 1122 2998 de
1152 2926 1282 3019 quibos
1301 2926 1557 3018 quinquaginta
1585 2925 1685 2996 libris
1710 2927 1783 3016 jam
1809 2926 1854 2996 ad

426 3035 584 3096 nostrum
605 3024 789 3096 arbitrium
817 3025 997 3096 satisfecit.
1024 3023 1123 3096 Unde
1148 3024 1301 3096 eundem
1320 3025 1350 3094 N
1355 3077 1361 3092 .
1388 3034 1423 3094 et
1442 3025 1519 3115 ejus
1540 3023 1632 3095 bona
1650 3036 1686 3093 et
1706 3022 1854 3094 heredes

425 3132 462 3191 et
481 3143 702 3194 successores
730 3143 814 3193 suos
841 3132 961 3193 tenore
987 3122 1199 3214 presentium
1220 3121 1438 3193 absolvimus
1458 3131 1493 3192 et
1511 3121 1724 3212 quittamus,
1747 3120 1853 3191 nichil

427 3217 653 3292 immutantes
668 3221 704 3291 in
715 3220 793 3291 aliis
807 3240 876 3311 que
891 3219 926 3288 in
943 3218 1067 3291 litteris
1078 3241 1142 3291 sue
1157 3219 1348 3314 penitentie
1359 3218 1596 3291 continentur.
1614 3218 1753 3303 Datum,
1766 3229 1852 3302 etc,

424 3328 464 3387 ut
481 3337 601 3410 supra.

426 3543 486 3608 26.
510 3544 603 3609 Item
618 3543 735 3608 torma
751 3544 826 3608 alia
840 3541 1027 3624 quittandi
1042 3540 1200 3622 aliquem
1215 3542 1261 3606 ab
1276 3541 1447 3606 omnibus
1465 3540 1571 3622 penis
1588 3549 1624 3606 et
1638 3540 1855 3622 penitentiis

545 3652 589 3715 de
604 3652 732 3729 gracia
746 3651 917 3733 speciali,
934 3650 1029 3731 quod
1045 3663 1234 3731 nunquam
1248 3649 1308 3713 vel
1319 3648 1509 3713 rarissime
1524 3646 1601 3712 fieri
1616 3648 1733 3713 debet.

473 3871 608 3941 Tenere
635 3869 850 3964 presentium
879 3879 999 3940 notum
1028 3867 1089 3940 fiat
1114 3868 1208 3961 quod
1239 3888 1303 3938 nos
1328 3867 1407 3938 talis
1432 3867 1475 3937 N.
1502 3866 1700 3958 inquisitor,
1731 3866 1778 3936 ad
1804 3865 1853 3934 in-

426 3968 590 4040 stantiam
610 3978 646 4039 et
664 3988 785 4060 preces
806 3967 994 4038 multorum
1019 3968 1175 4037 virorum
1201 3965 1374 4036 bonorum
1398 3985 1439 4033 ac
1464 3963 1711 4058 sollempniom
1731 3984 1852 4056 perso·

425 4087 573 4155 narum,
602 4087 648 4137 ex
675 4066 792 4156 gracia
821 4063 964 4158 speciali
986 4064 1204 4135 absolvimus
1230 4063 1265 4131 in
1292 4072 1499 4154 perpetuum
1525 4071 1560 4131 et
1578 4061 1772 4153 quittamus
1800 4070 1852 4130 ta·

425 4162 492 4234 lem
512 4163 555 4232 N.
583 4164 628 4234 de
654 4162 713 4232 tali
739 4162 818 4234 loco
837 4174 872 4232 et
891 4163 966 4252 ejus
993 4161 1084 4231 bona
1112 4159 1287 4255 presentia
1311 4169 1346 4229 et
1371 4160 1486 4229 lutura
1506 4179 1546 4228 ac
1570 4158 1580 4226 i
1607 4159 1680 4228 sios
1701 4156 1849 4228 heredes

425 4261 470 4330 ab
501 4260 665 4331 omnibus
693 4258 1034 4353 peregrinationibus
1062 4269 1097 4329 et
1126 4256 1389 4328 visitationibus
1419 4251 1460 4351 [N
1487 4256 1526 4324 3t
1556 4181 1605 4421 as
1623 4255 1850 4326 ecclesiarum

425 4357 493 4427 sibi
514 4358 656 4429 nomine
676 4357 868 4449 penitentie
895 4356 1029 4427 dodum
1051 4355 1223 4448 impositis
1249 4365 1284 4425 et
1306 4353 1470 4445 injunctis
1487 4369 1553 4445 ‘pro
1598 4353 1640 4423 iis
1663 4374 1733 4445 que
1751 4372 1849 4422 com·

424 4454 622 4526 miseratio
646 4456 736 4525 lacto
761 4476 824 4525 seu
848 4453 994 4524 crimine
1019 4454 1173 4539 heresis,
1197 4472 1331 4522 necnon
1357 4451 1402 4521 ab
1429 4450 1593 4522 omnibus
1612 4451 1712 4543 penis
1737 4449 1771 4518 iu
1792 4450 1850 4518 lit-

424 4553 507 4623 teris
533 4551 725 4646 penitentie
743 4573 806 4622 sue
833 4550 1006 4623 contentis
1033 4563 1068 4620 et
1092 4549 1291 4642 specialiter
1315 4559 1349 4620 et
1374 4569 1542 4642 expresse
1565 4568 1585 4617 a
1614 4568 1704 4640 pena
1727 4546 1785 4616 illa
1806 4567 1850 4616 oe

422 4650 564 4741 publice
595 4647 720 4721 ollioiis
752 4650 969 4740 iungeretur,
1002 4647 1236 4718 concedentes
1266 4657 1301 4717 et
1332 4646 1556 4716 restituentes
1585 4645 1699 4715 eidem
1729 4655 1850 4715 tenore

423 4747 638 4838 presentium
668 4747 761 4839 quod
794 4745 942 4840 publicis
971 4743 1095 4816 officiis
1125 4743 1232 4837 possit
1262 4743 1380 4835 longi,
1412 4743 1520 4813 nichil
1552 4745 1777 4812 immutantes
1814 4742 1849 4810 iu

421 4842 500 4913 aliis
519 4866 589 4936 que
608 4846 644 4914 in
672 4844 796 4915 litteris
816 4865 880 4914 soe
905 4841 1096 4936 penitentie
1115 4841 1353 4912 continentur.
1375 4841 1411 4910 ln
1431 4861 1581 4933 qnorum
1601 4839 1757 4910 omnium
1780 4852 1848 4910 tes·
1976 4877 1986 4886 ·

421 4939 606 5107 qimonilpm
626 4953 662 5012 et
682 4941 861 5012 munimen
880 4941 1033 5032 sigillum
1060 4950 1218 5010 nostrum
1240 4938 1460 5032 presentibus
1480 4938 1648 5009 duximus
1667 4957 1849 5030 apponen-

447 5058 518 5108 um.
566 5049 685 5126 atum,
707 5049 775 5109 etc.
