4574 6404
606 663 649 729 Μ
890 676 1051 729 nuscum
1079 676 1318 744 rupursmrours
1345 677 1506 737 risunrrcs
1533 677 1745 729 susurrans.

604 836 738 907 dudum
767 837 912 920 luctam,
935 855 1071 906 necnon
1098 856 1206 927 super
1229 857 1271 905 eo
1297 836 1391 926 quod
1420 835 1796 907 excommunicationis
1822 838 2033 908 sententiam

605 956 667 1028 pro
689 945 783 1003 tanta
803 933 1016 1003 contumatia
1037 933 1071 1000 in
1092 953 1197 1002 causa
1218 931 1298 1003 lidei
1319 943 1369 1002 tot
1388 933 1489 1002 annis
1509 933 1675 1001 sustinuit
1695 943 1729 1001 et
1748 933 1864 1003 adhuc
1880 936 2033 1006 sustinet

603 1032 722 1102 animo
744 1030 934 1125 pertinaci3
958 1041 1192 1122 proponentes
1213 1042 1249 1101 et
1276 1031 1529 1101 denunciantes
1555 1029 1694 1122 publice
1720 1052 1766 1100 ex
1794 1043 1893 1122 parte
1914 1044 2034 1103 nostra

603 1129 721 1221 quod,
744 1129 821 1198 sive
840 1128 978 1198 venerit
997 1129 1072 1197 sive
1098 1149 1167 1198 nou
1189 1128 1328 1199 venerit
1354 1129 1446 1198 dicta
1474 1128 1532 1198 die
1556 1138 1590 1196 et
1617 1128 1714 1211 loco,
1747 1128 1959 1221 procedetur
1979 1132 2032 1198 ui-

604 1226 815 1298 cbilominus
849 1226 883 1294 in
920 1226 1081 1316 proximo
1109 1225 1304 1295 imminenti
1338 1227 1490 1318 generali
1520 1246 1683 1295 sermone
1714 1224 1960 1316 inquisitorum
1989 1228 2034 1299 ad

604 1323 827 1393 dillinitivam
857 1323 1065 1394 sententiam
1093 1333 1212 1393 contra
1233 1324 1347 1416 ipsum
1375 1324 1568 1395 secuudum
1596 1323 1713 1392 stilum
1741 1336 1776 1392 et
1801 1346 1900 1394 usum
1928 1324 2033 1396 olllcii

609 1420 869 1513 inquisitioniS,
894 1430 996 1512 prout
1016 1433 1050 1490 et
1069 1431 1237 1511 quantum
1260 1422 1304 1490 de
1324 1425 1406 1512 jure
1431 1422 1535 1491 luerit
1560 1434 1594 1491 et
1614 1420 1754 1510 justicia
1775 1421 1961 1507 suadebit,
1982 1424 2034 1516 ip·

604 1520 677 1589 sius
696 1519 855 1588 absentia
876 1539 939 1610 per
958 1519 1207 1588 contumatiam
1238 1540 1306 1589 nou
1332 1519 1515 1604 obstante;
1540 1519 1732 1611 predictum
1757 1531 1874 1588 autem
1906 1522 2031 1606 talem,

603 1616 944 1687 excommunicatum
969 1616 1197 1705 jamdudum
1225 1636 1244 1685 a
1273 1617 1374 1687 nobis
1401 1627 1437 1686 et
1466 1617 1665 1706 lugittivum
1692 1636 1754 1707 pro
1783 1618 1872 1687 lacto
1901 1617 2034 1689 heresis

606 1714 855 1784 nichilominus
876 1713 1015 1806 publice
1033 1715 1255 1784 denuncietis
1278 1710 1318 1809 [l0
1338 1713 1359 1780 8
1379 1710 1411 1810 c]
1435 1715 1468 1783 in
1490 1714 1637 1784 ecclesia
1658 1723 1772 1784 vestra
1793 1715 1941 1805 siugulis
1961 1716 2035 1786 die·

602 1812 668 1882 bus
687 1810 873 1882 dominicis
890 1824 925 1881 et
943 1811 1091 1882 festivis,
1109 1811 1150 1880 Et
1169 1812 1201 1880 in
1219 1813 1357 1903 signum
1374 1813 1503 1904 recepti
1519 1823 1554 1882 et
1570 1809 1733 1902 completi
1752 1813 1905 1881 mandati
1925 1814 2033 1883 nostri

603 1909 757 2000 sigilium
778 1919 933 1979 vestrum
958 1909 1179 2001 presentibus
1199 1908 1396 2002 apponatis.
1420 1909 1543 1978 Datum
1562 1908 1729 1994 Tholose,
1751 1921 1818 1979 etc.

604 2164 662 2227 16.
686 2163 821 2227 Forma
835 2165 1087 2229 denunciandi
1101 2164 1458 2228 excommunicatum
1474 2172 1510 2227 et
1522 2163 1738 2240 tugittivum
1753 2165 1797 2227 de
1811 2181 1916 2228 muro
1933 2174 2032 2246 post-

642 2289 751 2351 quam
777 2271 897 2336 fuerat
920 2290 984 2352 per
1008 2274 1232 2335 sententiam
1254 2274 1498 2346 immuratus,
1526 2287 1670 2335 necnon
1693 2272 1834 2336 citandi
1852 2273 1974 2352 ipsum
1991 2284 2033 2338 ut

640 2379 908 2460 perhemptorie
926 2388 1136 2459 compareat
1151 2387 1252 2443 certa
1267 2379 1335 2442 die.

650 2595 768 2664 Frater
782 2593 980 2663 Beruardus
993 2594 1177 2679 Gnidonis‚
1192 2594 1269 2664 ord.
1282 2593 1433 2673 predic,
1447 2592 1647 2684 inquisitor,
1660 2608 1745 2681 etc,
1759 2595 1940 2690 capellano
1955 2597 2028 2683 tali,

601 2703 668 2764 etc.
685 2730 730 2744 -
743 2690 825 2762 Cum
838 2692 919 2762 olim
933 2691 1067 2761 talisde
1080 2693 1138 2761 tali
1156 2692 1232 2763 loco
1251 2714 1312 2784 per
1326 2691 1588 2783 inquisitionem
1605 2712 1645 2762 ac
1656 2716 1718 2786 per
1736 2703 1844 2766 testes
1864 2694 1898 2762 in
1916 2694 2031 2786 inqui·

602 2790 729 2861 sitione
748 2789 902 2881 legitime
922 2800 1081 2882 receptos
1100 2790 1264 2859 inventus
1284 2790 1388 2859 luerit
1407 2798 1527 2859 contra
1548 2786 1652 2858 iidem
1671 2793 1778 2862 multa
1801 2791 1835 2859 in
1856 2793 1946 2862 lacto
1962 2791 2027 2862 he·

602 2889 689 2957 resis
708 2888 948 2973 commisisse,
971 2908 1106 2957 necnon
1129 2910 1189 2980 per
1212 2886 1467 2958 consessionem
1497 2888 1671 2978 propriam
1698 2890 1822 2961 luctam
1844 2889 1878 2957 in
1896 2890 2029 2979 juditio

602 2986 785 3055 manifeste
805 2986 909 3055 luerit
927 2986 961 3054 in
983 2985 1099 3054 heresi
1118 2985 1379 3078 deprehensus,
1401 2995 1436 3054 et
1458 2997 1598 3078 propter
1622 2988 1689 3058 boc
1708 2987 1753 3059 de
1774 2989 1947 3058 bonorum
1968 2988 2029 3059 vi·
2055 3055 2059 3062 .

597 3104 715 3153 rorum
736 3082 883 3153 consilio
902 3083 945 3152 ad
966 3082 1138 3173 agendam
1159 3083 1389 3175 penitenciam
1412 3083 1457 3152 de
1475 3084 1671 3155 commissis
1695 3085 1731 3153 in
1757 3085 1872 3155 heresi
1897 3087 2028 3157 extite-

597 3181 642 3249 rit
660 3180 704 3249 ad
724 3201 898 3250 carcerem
921 3181 1009 3250 muri
1030 3181 1289 3251 sentencialiter
1313 3182 1612 3272 condempnatus,
1634 3183 1794 3274 abiurata
1820 3204 1882 3275 per
1910 3185 2026 3277 ipsum

598 3278 632 3345 in
655 3277 785 3366 Juditio
811 3277 906 3347 omni
934 3278 1088 3349 heretica
1119 3277 1291 3370 pravitate
1321 3299 1362 3348 ac
1391 3279 1535 3370 prestito
1560 3280 1763 3368 juramento
1794 3280 1838 3350 de
1868 3282 2028 3374 parendo

597 3375 770 3445 mandatis
788 3375 941 3446 Ecclesie
960 3386 995 3445 et
1014 3376 1280 3468 inquisitorum,
1304 3397 1439 3446 necnon
1459 3377 1526 3446 lata
1546 3379 1720 3448 sententia
1741 3380 2027 3451 excommunica-

596 3473 701 3543 tionis
722 3473 755 3543 in
784 3474 895 3566 ipsum
919 3474 1056 3565 publice
1080 3483 1116 3543 et
1139 3473 1306 3543 canonice
1326 3484 1361 3543 et
1384 3474 1418 3542 in
1445 3473 1603 3567 scriptis,
1626 3476 1656 3544 si
1684 3498 1837 3568 unquam
1861 3478 1905 3546 de
1926 3478 2024 3548 dicto

597 3591 737 3640 carcere
772 3572 860 3639 muri
891 3572 1098 3661 aulugerct,
1134 3573 1190 3640 vel
1229 3571 1343 3641 exiret
1378 3572 1456 3641 sine
1494 3572 1741 3662 inquisitorum
1771 3575 1956 3645 voluntate
1988 3596 2029 3645 ac

598 3668 736 3738 licentia
756 3669 916 3762 speciali;
935 3682 969 3738 et
990 3669 1211 3760 postmodum
1233 3668 1346 3738 dictus
1373 3669 1471 3749 talis,
1501 3671 1673 3741 suadente
1693 3672 1856 3757 diabolo,
1884 3694 1904 3742 a
1934 3673 2029 3744 dicto

596 3787 736 3836 earcere
757 3766 846 3834 muri
867 3767 1050 3835 temerarie
1068 3766 1262 3856 aufugerit,
1285 3787 1330 3835 ex
1351 3788 1421 3857 quo
1440 3767 1516 3859 ipso
1537 3767 1627 3838 lacto
1647 3770 2026 3842 excommunicationis

596 3865 805 3934 sententiam
826 3865 928 3932 lutam
951 3865 985 3931 in
1006 3863 1118 3956 ipsum
1139 3863 1333 3933 dinoscitur
1350 3859 1390 3959 [l0
1410 3863 1431 3930 8
1452 3861 1488 3961 d]
1511 3865 1717 3954 incurrisse,
1735 3867 1866 3941 idcirco
1887 3868 2018 3938 dictum

599 3962 702 4032 talem
721 3962 1060 4032 excommunicatum
1083 3982 1160 4030 esse
1180 3975 1214 4030 et
1232 3961 1432 4049 lugittivum
1453 3983 1472 4032 a
1495 3964 1596 4032 nobis
1617 3986 1679 4056 pro
1699 3964 1817 4037 heresi
1840 3965 1943 4036 vobis
1963 3967 2029 4037 de-

602 4060 831 4143 nunciamus,
849 4059 1058 4128 mandantes
1078 4059 1180 4128 vobis
1195 4059 1361 4150 quatinus
1381 4061 1494 4153 ipsum
1511 4062 1853 4134 excommunicatum
1871 4074 1905 4133 et
1925 4064 2029 4156 lugit-

600 4157 710 4226 tivum
727 4179 789 4249 pro
805 4157 922 4226 heresi
937 4156 970 4225 in
991 4155 1136 4225 ecclesia
1153 4168 1268 4225 vestra
1288 4157 1427 4249 publice
1442 4158 1663 4228 denuncietis
1681 4180 1889 4250 perannum
1906 4161 2027 4247 istum,

599 4255 696 4325 clero
716 4265 751 4323 et
771 4254 901 4348 populo
918 4264 1129 4344 congregato
1145 4253 1275 4323 ibidem
1291 4255 1335 4322 ad
1353 4255 1567 4324 audiendum
1586 4256 1719 4342 divina,
1737 4259 1887 4349 singulis
1903 4258 2029 4330 diebus

599 4351 785 4422 dominicis
805 4362 839 4421 et
859 4352 1014 4435 lestivis;
1038 4352 1244 4420 mandamus
1267 4351 1411 4443 insuper
1430 4354 1532 4423 vobis
1554 4355 1739 4445 quatinus,
1763 4369 1800 4426 ut
1822 4356 1913 4446 juris
1937 4357 2026 4429 ordo

599 4459 781 4536 servetur,
804 4450 936 4520 dictum
958 4447 1063 4519 talem
1085 4447 1333 4518 nichilominus
1352 4450 1465 4520 citetis
1484 4451 1742 4544 perhemptorie
1762 4475 1808 4525 ex
1828 4466 1925 4545 parte
1948 4476 2027 4526 uos·

599 4557 649 4616 tra
670 4547 705 4615 in
727 4546 905 4619 domicilio
924 4569 986 4617 sen
1007 4548 1042 4616 in
1070 4546 1145 4617 loco
1170 4547 1228 4616 ubi
1255 4548 1337 4615 olim
1365 4546 1524 4617 habitare
1551 4570 1614 4618 seu
1641 4552 1768 4620 morari
1793 4552 2029 4622 communiter

597 4646 802 4732 consuevit,
823 4646 997 4735 adjunctis
1017 4644 1060 4714 ad
1082 4644 1148 4714 boc
1169 4644 1350 4714 vobiscum
1373 4646 1520 4714 testibus
1546 4645 1616 4717 lide
1641 4646 1781 4738 dignis,
1804 4670 1845 4718 ac
1864 4652 1968 4720 etiam
1992 4652 2028 4720 in

596 4741 744 4812 ecclesia
761 4754 879 4813 vestre
894 4743 1047 4836 publice,
1064 4743 1159 4811 clero
1175 4754 1210 4810 et
1225 4743 1353 4834 populo
1370 4755 1582 4834 congregato
1599 4744 1729 4814 ibidem
1746 4747 1791 4817 ad
1810 4747 2027 4817 audiendum

600 4838 734 4923 divina,
759 4840 869 4910 trihus
888 4840 1014 4909 diebus
1033 4838 1219 4911 dominicis
1238 4839 1440 4909 immediate
1459 4843 1704 4933 sequentibus,
1722 4865 1871 4936 quorum
1889 4845 2027 4916 dierum

599 4936 791 5029 quemlibet
819 4958 881 5030 pro
907 4937 1022 5006 edicto
1049 4937 1223 5007 citationis
1252 4938 1513 5032 perhemptorie
1541 4940 1789 5030 assignamus,
1818 4953 1856 5011 nt
1883 4943 1942 5012 tali
1970 4944 2028 5015 die

599 5055 703 5128 quem
726 5056 788 5127 pro
809 5033 1068 5129 perhemptorio
1090 5035 1238 5108 termino
1257 5037 1491 5127 assignamus,
1513 5037 1677 5124 Tholose,
1699 5039 1732 5109 in
1750 5041 1855 5112 domo
1876 5041 2025 5134 inquisi-
