4612 6404
432 640 502 710 298
717 651 879 704 runcum
905 651 1146 718 inquisivimus
1174 654 1336 707 usuarius
1362 653 1575 707 runvrrnrrs.

434 835 539 887 omne
554 809 1002 903 juramentumiodistincte
1013 825 1106 882 esset
1117 813 1329 905 prohibitum
1347 812 1450 882 aDeo
1465 811 1871 903 tauquamillicitum,et

435 924 633 1006 peccatum;
655 919 689 978 et
708 906 877 977 confiteor
898 931 953 978 me
971 910 1117 979 credere
1135 911 1230 1003 quod
1252 911 1385 979 licitum
1405 909 1452 978 sit
1467 909 1638 997 jurarein
1654 910 1788 999 juditio
1807 932 1869 1004 pro

434 1009 583 1080 veritate
603 1006 751 1075 dicenda
781 1027 844 1075 seu
870 1006 1080 1092 asserenda,
1107 1008 1240 1078 scilicet
1267 1008 1362 1098 quod
1389 1019 1509 1075 sancta
1533 1006 1690 1077 Romana
1714 1006 1871 1079 Ecclesia

436 1106 622 1176 tradiditet
636 1103 786 1172 instituit
805 1114 840 1172 et
859 1104 1036 1174 observat.
1052 1102 1259 1197 (Consimili
1271 1105 1375 1174 modo
1388 1110 1555 1195 poterunt
1564 1104 1740 1199 reprimi,
1761 1105 1793 1175 si
1808 1105 1871 1176 oli-

433 1202 496 1298 qut‘
513 1202 577 1272 olii
599 1223 735 1270 errores
760 1222 820 1270 seu
845 1200 990 1271 articuli
1011 1204 1156 1272 erronei
1181 1201 1316 1295 fuerint
1343 1201 1562 1293 abjurandi,·
1580 1210 1612 1273 el
1635 1202 1872 1274 concludatur

433 1300 615 1392 oby'urotio
632 1298 669 1367 ia
687 1298 780 1368 hunc
798 1297 958 1391 niodum)
976 1325 983 1367 :
1002 1300 1102 1385 Item,
1118 1302 1242 1391 abjuro
1262 1322 1402 1370 omnem
1421 1300 1652 1387 credentiam,
1675 1311 1711 1370 et
1729 1322 1869 1372 omnem

435 1400 612 1479 favorem,
636 1407 670 1465 et
689 1396 950 1480 defensionem,
973 1408 1008 1466 et
1029 1398 1330 1490 participationem
1357 1397 1592 1468 hereticorum
1614 1397 1871 1491 cujuscumque

433 1507 528 1567 secte
548 1496 737 1585 dampnate
756 1505 791 1563 et
810 1495 1010 1586 specialiter
1030 1508 1064 1564 et
1084 1517 1252 1588 expresse
1272 1507 1367 1566 secte
1386 1494 1523 1565 illorum
1542 1495 1601 1587 qui
1619 1496 1872 1589 Pseudo-apos·

436 1593 496 1665 toli
517 1593 763 1677 nominantur,
786 1592 852 1661 suh
878 1613 1056 1683 peneque
1078 1594 1122 1663 de
1145 1594 1225 1683 jure
1245 1593 1396 1663 debetur
1415 1593 1563 1685 relapsis
1589 1594 1624 1662 in
1654 1592 1809 1664 heresim
1835 1595 1871 1664 in

429 1691 559 1782 juditio
573 1690 783 1779 abjuratam.
806 1690 913 1776 Item,
936 1691 1101 1783 promitto
1123 1704 1158 1761 et
1172 1692 1254 1781 juro
1271 1712 1326 1760 me
1344 1712 1407 1782 pro
1429 1712 1532 1782 posse
1554 1712 1631 1761 meo
1651 1692 1819 1784 persequi
1836 1703 1871 1763 et

434 1789 601 1878 detegere
629 1808 691 1856 seu
721 1788 880 1857 revelare
906 1801 941 1858 et
967 1789 1081 1858 facere
1109 1789 1186 1882 capi
1213 1801 1274 1858 aut
1299 1789 1399 1858 reddi
1421 1788 1690 1879 inquisitoribus
1716 1789 1871 1860 heretice

435 1886 618 1979 pravitatis
636 1884 809 1955 hereticos
829 1887 1086 1977 cujuscumque
1104 1899 1200 1958 secte
1225 1887 1415 1977 dampnate
1437 1881 1478 1981 [f0
1501 1887 1568 1955 t58
1593 1882 1650 1983 bj,
1673 1898 1708 1957 et
1733 1889 1869 1979 specia-

436 1984 514 2053 liter
530 1994 564 2052 et
582 2004 749 2075 expresse
767 1994 862 2053 secte
878 1984 1288 2076 Pseudo-apostolorum,
1309 1997 1344 2052 et
1363 1985 1569 2071 credentes,
1587 1986 1744 2056 fautores
1761 1995 1798 2054 et
1818 2006 1872 2055 re-

434 2093 631 2172 ceptatores
651 2092 685 2149 et
705 2080 908 2151 defensores
928 2103 1073 2164 eorum,
1095 2093 1130 2152 et
1150 2083 1332 2172 fugittivos
1353 2103 1415 2174 pro
1435 2083 1526 2150 dicta
1546 2093 1640 2152 secta
1663 2104 1704 2153 ac
1723 2084 1872 2153 nuncios

435 2180 607 2270 ipsorum,
622 2179 918 2269 quandocumque
936 2191 970 2247 et
988 2180 1200 2271 ubicumque
1218 2180 1358 2249 scivero
1378 2180 1433 2248 vei
1449 2180 1621 2249 audivero
1641 2202 1702 2251 eos
1720 2202 1801 2250 esse
1815 2179 1872 2251 vel

433 2276 586 2368 aliquem
621 2276 871 2367 predictorum.
901 2278 1008 2363 lte'm,
1038 2279 1202 2369 promitto
1231 2289 1265 2346 et
1290 2279 1371 2367 juro
1400 2300 1455 2346 me
1482 2288 1602 2347 tenere
1629 2276 1734 2348 fidem
1763 2300 1871 2370 quam

434 2386 553 2443 sancta
576 2374 731 2444 Romana
755 2373 908 2443 Ecclesia
932 2375 1088 2467 predicat
1105 2386 1140 2445 et
1159 2377 1326 2444 observat
1349 2386 1384 2444 et
1408 2395 1530 2466 parere
1548 2375 1722 2446 mandatis
1746 2376 1869 2446 Eccle-

433 2474 505 2557 sie,
528 2483 613 2552 etc,
637 2486 818 2564 utsupra,
840 2475 875 2540 in
897 2473 1007 2543 forma
1028 2472 1215 2563 abjurandi
1234 2473 1427 2544 communi.

431 2700 465 2762 7.
490 2701 620 2763 Modus
636 2707 759 2763 autem
774 2701 944 2778 proprius
959 2702 1155 2778 abjurandi
1170 2701 1375 2781 predictam
1393 2710 1531 2764 sectam
1553 2708 1590 2763 et
1612 2702 1782 2767 ordinem
1806 2719 1870 2783 po·

770 2807 859 2869 terit
874 2807 1022 2872 brevius
1039 2808 1300 2888 comprehendi
1315 2809 1385 2870 hoc
1403 2808 1520 2870 modo.

478 3023 551 3114 Ego
572 3019 649 3092 talis
675 3023 716 3092 N.
740 3024 784 3093 de
808 3024 864 3092 tali
888 3024 984 3101 loco,
1008 3025 1086 3093 talis
1109 3024 1289 3118 dyocesis,
1311 3024 1523 3094 constitutus
1543 3027 1577 3091 in
1594 3022 1727 3114 juditio
1750 3045 1871 3096 coram

431 3121 534 3190 vohis
557 3121 615 3189 tali
633 3120 674 3189 N.
698 3121 924 3212 inquisitore,
948 3122 1007 3213 qui
1028 3122 1110 3190 olim
1133 3123 1229 3191 tenui
1250 3134 1285 3191 et
1304 3123 1445 3192 servavi
1464 3122 1628 3192 ordinem
1647 3121 1791 3192 illorum
1811 3123 1873 3215 qui

430 3218 736 3310 Pseudo-apostoli
758 3219 1001 3302 nominantur,
1022 3220 1146 3310 abjuro
1168 3220 1306 3313 penitus
1330 3240 1470 3290 omnem
1491 3220 1644 3289 heresim
1665 3221 1872 3310 cujuscum-

432 3338 502 3408 que
520 3328 615 3386 secte
632 3317 840 3407 dampnate,
859 3330 892 3386 et
912 3317 1112 3408 specialiter
1128 3328 1162 3387 et
1178 3339 1346 3409 expresse
1364 3317 1489 3405 abjuro
1504 3328 1636 3387 sectam
1654 3328 1690 3386 et
1708 3318 1872 3389 ordinem

432 3413 570 3484 illorum
593 3414 652 3504 qui
673 3414 838 3483 dicuntur
858 3426 892 3484 et
916 3426 998 3483 suut
1019 3414 1337 3506 Pseudo-apostoli,
1366 3416 1483 3507 quoad
1505 3436 1632 3485 nomen
1654 3429 1690 3485 et
1711 3415 1872 3486 habitum

433 3512 621 3604 specialem
643 3522 678 3581 et
698 3512 842 3581 vivendi
860 3514 964 3580 ritum
985 3534 1106 3583 eorum
1127 3514 1341 3603 singularem
1362 3535 1381 3582 a
1399 3516 1577 3584 communi
1597 3515 1872 3586 couversatione

434 3606 590 3678 fidelium
620 3610 692 3678 vita
719 3621 754 3677 et
782 3610 938 3680 moribus
960 3611 1212 3695 dissidentem,
1244 3624 1279 3681 et
1310 3612 1427 3703 quoad
1456 3613 1572 3681 omnia
1603 3622 1637 3679 et
1664 3611 1805 3702 singula
1836 3614 1872 3681 in

434 3706 563 3798 quihus
583 3707 627 3776 ab
648 3707 848 3778 obedientia
867 3708 1023 3778 Romane
1042 3708 1196 3778 Ecclesie
1211 3722 1246 3778 et
1265 3709 1457 3801 apostolice
1474 3709 1569 3779 sedis
1586 3719 1621 3778 et
1637 3730 1657 3778 a
1677 3729 1764 3778 sana
1781 3709 1872 3780 doc·

435 3805 523 3873 trina
544 3826 649 3896 quam
670 3805 793 3875 eadem
813 3805 968 3876 Romana
988 3821 1106 3877 servat
1126 3820 1161 3876 et
1179 3810 1282 3877 docet
1302 3807 1455 3876 Ecclesia
1472 3808 1507 3874 iu
1527 3807 1647 3898 aliquo
1665 3807 1787 3876 deviat
1806 3819 1871 3877 aut

434 3901 624 3973 discordat.
646 3903 749 3987 ltem,
771 3904 895 3993 abjuro
915 3926 1054 3975 omnem
1079 3905 1316 3989 credentiam,
1340 3917 1375 3974 et
1398 3905 1575 3988 favorem,
1599 3917 1633 3974 et
1659 3905 1872 3997 receptatio-

434 4022 537 4087 nem,
560 4002 824 4085 defensionem,
846 4022 886 4070 ac
911 4004 1212 4096 participationem
1238 4001 1472 4072 hereticorum
1495 4003 1750 4093 cujuscumque
1770 4014 1875 4074 secte

433 4097 623 4189 dampnate
638 4111 672 4168 et
691 4098 888 4191 specialiter
905 4101 1059 4192 predicte
1076 4113 1171 4170 secte
1190 4099 1582 4191 Pseudo-apostolorum
1601 4101 1667 4170 sub
1686 4120 1776 4192 pena
1796 4121 1874 4193 que

433 4195 573 4286 dejure
593 4196 741 4266 debetur
761 4197 906 4288 relapsis
927 4199 961 4265 in
983 4198 1134 4267 heresim
1152 4199 1186 4266 in
1199 4198 1328 4286 juditio
1350 4198 1560 4287 abjuratam.
1580 4198 1679 4283 Item,
1699 4199 1871 4289 promitto

433 4304 467 4362 et
483 4295 564 4383 juro
587 4315 640 4363 me
664 4315 726 4385 pro
746 4316 849 4385 posse
869 4316 947 4366 meo
969 4291 1010 4391 [f0
1031 4295 1098 4363 t58
1117 4290 1149 4392 c]
1177 4296 1339 4386 persequi
1365 4309 1400 4365 et
1427 4297 1593 4385 detegere
1619 4316 1682 4365 seu
1705 4297 1871 4366 revelare

432 4401 467 4458 et
485 4394 599 4460 facere
617 4392 692 4482 capi
714 4403 749 4461 et
769 4391 870 4461 reddi
894 4392 1159 4485 inquisitoribus
1180 4393 1333 4463 heretice
1355 4395 1558 4485 pravitatis,
1580 4405 1673 4480 etc,
1696 4402 1865 4486 utsupra

450 4489 651 4559 mmediate.

433 4714 466 4777 8.
492 4716 621 4781 Modus
639 4719 809 4797 proprius
824 4719 1020 4795 abjurandi
1034 4720 1193 4783 heresim
1214 4728 1250 4782 et
1267 4735 1409 4782 errores
1426 4727 1522 4782 secte
1537 4718 1688 4782 illorum
1713 4720 1776 4798 qui
1805 4719 1874 4784 Be-

860 4826 965 4906 quini
980 4826 1184 4902 vulgariter
1199 4827 1447 4907 appellantur.

484 5012 555 5103 Ego
574 5014 652 5082 talis
674 5014 714 5083 N.
738 5014 783 5084 de
804 5014 861 5082 tali
887 5014 985 5100 loco,
1009 5017 1087 5085 talis
1106 5017 1293 5108 dyocesis,
1311 5015 1489 5106 Bequinus
1510 5016 1555 5086 de
1574 5015 1699 5087 ordine
1721 5016 1874 5085 fratrum
