4574 6404
425 621 493 691 tot
712 636 874 688 unacum
900 635 1140 702 inquistrtoms
1167 635 1330 689 cannuca
1354 635 1565 690 univimus.

425 799 531 871 modo
556 797 813 867 ministrentur.
833 795 875 865 Et
898 796 979 889 quia
1007 808 1041 865 tu
1068 795 1146 866 tal1s
1169 796 1210 866 N
1237 808 1272 866 et
1301 808 1336 866 tu
1358 796 1436 867 talis
1457 796 1499 864 N
1524 796 1667 907 gravius
1692 807 1728 866 et
1751 817 1854 867 enor-

425 897 517 967 mius
536 896 734 965 incrimine
752 895 940 986 dampnate
958 893 1094 964 heresis
1114 893 1326 985 deliquistis,
1345 895 1437 964 sicut
1454 894 1618 986 superius
1637 906 1691 964 est
1708 915 1853 987 expres-

423 1016 500 1065 sum
521 991 594 1087 (vel
615 991 740 1084 poterit
763 991 820 1063 laic
838 991 1003 1084 opprimi
1024 991 1090 1061 tali
1104 991 1237 1062 modo:
1266 995 1302 1061 iu
1323 991 1453 1081 juditio
1477 992 1668 1086 pejerando
1694 990 1817 1063 celsio
1766 1013 1851 1063 stc:

425 1103 504 1186 post
519 1090 713 1199 abjuratam
731 1088 881 1159 heresim
903 1090 948 1160 de
967 1110 1068 1161 muro
1086 1110 1165 1159 cum
1184 1089 1394 1201 quibusdam
1411 1089 1490 1159 aliis
1506 1090 1688 1181 auNugere
1702 1101 1853 1183 attemp-

424 1190 532 1260 tando
559 1186 667 1257 vel
635 1208 685 1258 sic
704 1213 715 1254 :
738 1208 784 1257 ex
803 1209 875 1279 quo
897 1186 1000 1280 positi
1032 1186 1174 1258 fuistis
1167 1209 1201 1256 in
1223 1209 1324 1258 muro
1343 1186 1498 1258 scivistis
1517 1187 1613 1280 quod
1633 1188 1750 1279 alique
1776 1208 1855 1281 per·

423 1308 510 1358 sone
536 1285 726 1356 familiares
746 1297 781 1353 et
798 1285 910 1355 amice
930 1284 1165 1356 hereticorum
1189 1285 1360 1356 miserunt
1378 1285 1514 1376 aliquas
1533 1296 1651 1357 vestes
1670 1297 1706 1355 et
1726 1306 1852 1377 peccu-

424 1388 518 1455 niam
539 1385 699 1477 personis
721 1381 898 1474 aliquibus
926 1383 1130 1470 inmuratis,
1153 1404 1218 1454 nec
1237 1381 1421 1453 revelastis
1441 1382 1665 1473 inquisitori,
1692 1382 1749 1453 vel
1779 1387 1856 1473 ejus

424 1483 537 1554 locum
552 1482 699 1562 tenenti,
722 1479 779 1549 vel
800 1480 900 1550 alteri
921 1501 984 1572 per
1000 1501 1103 1572 quem
1125 1492 1243 1573 posset
1261 1481 1305 1550 ad
1327 1481 1545 1572 inquisitoris
1561 1480 1724 1551 noticiam
1746 1481 1856 1552 deve-

423 1580 501 1651 nire
520 1577 578 1649 oel
592 1577 643 1648 sic
668 1601 680 1645 :
707 1577 788 1669 quia
813 1581 849 1646 in
869 1587 985 1647 vestra
1018 1579 1240 1650 confessione
1259 1577 1359 1671 plura
1380 1577 1425 1648 de
1444 1577 1535 1648 lacto
1554 1576 1690 1650 heresis
1717 1590 1786 1647 tam
1804 1579 1858 1650 de

423 1678 525 1749 vobis
553 1697 658 1784 quam
685 1676 729 1745 de
752 1675 913 1767 personis
937 1675 1016 1746 aliis
1040 1677 1192 1747 scienter
1216 1687 1250 1746 et
1276 1675 1449 1746 malitiose
1476 1675 1510 1744 in
1536 1675 1667 1766 juditio
1690 1696 1857 1784 suppres-

422 1776 532 1860 sistis,
558 1780 592 1844 et
615 1773 666 1844 sic
691 1773 735 1843 de
762 1772 842 1843 aliis
864 1773 1091 1865 pravioribus
1119 1773 1231 1868 culpis
1259 1796 1325 1868 que
1351 1777 1531 1843 mereatur
1556 1772 1858 1865 approbationem

426 1868 468 1969 [N
490 1873 536 1940 56
559 1868 595 1968 b]
614 1893 707 1964 pene
726 1870 899 1964 poterit
883 1895 922 1941 m
948 1871 1019 1942 loco
1042 1872 1104 1942 isto
1126 1871 1348 1944 consimiliter
1369 1870 1580 1982 conplicari),
1605 1883 1640 1940 et
1665 1872 1746 1943 ideo
1770 1874 1856 1942 estis

423 1970 568 2062 gravius
590 1968 779 2063 puniendi,
802 1989 867 2040 vos
888 1970 922 2039 in
943 1991 1044 2041 muro
1063 1971 1189 2041 scricto
1209 1981 1245 2041 et
1264 1970 1299 2040 in
1322 1971 1398 2040 loco
1420 1969 1540 2040 artiori
1562 1970 1598 2038 in
1617 1969 1769 2040 vinculis
1789 1991 1855 2040 sen

423 2065 654 2161 compedibus
681 2088 744 2160 per
771 2066 862 2137 hanc
886 2079 1040 2138 nostram
1067 2069 1277 2139 sententiam
1304 2067 1526 2138 decernimus
1548 2077 1717 2160 perpetuo
1737 2067 1853 2137 inclu-

424 2166 572 2237 dendos.
598 2164 781 2235 ldonemus
812 2175 929 2235 autem
959 2186 1023 2235 vos
1057 2187 1179 2237 omnes
1206 2176 1242 2237 et
1269 2165 1427 2257 singulos
1457 2166 1621 2256 superins
1655 2165 1855 2236 nominatos

424 2263 551 2351 semel,
569 2262 726 2333 secundo
746 2283 786 2332 ac
807 2264 932 2348 tercio,
947 2264 1115 2334 canonice
1134 2276 1170 2333 et
1189 2263 1467 2357 perhemptorie,
1485 2282 1526 2331 ac
1546 2262 1757 2355 precipimus
1777 2283 1853 2333 om·

424 2362 529 2431 nibus
549 2360 651 2432 vobis
671 2373 705 2430 et
723 2360 871 2451 singulis
891 2362 1053 2454 superius
1074 2361 1261 2431 nominatis
1280 2361 1347 2432 sub
1368 2361 1496 2430 virtute
1515 2381 1556 2430 ac
1572 2359 1693 2431 debito
1712 2381 1730 2429 a
1751 2361 1856 2432 vobis

353 2542 355 2546 Ι
424 2459 560 2552 prestiti
585 2459 798 2549 juramenti,
822 2459 916 2551 quod
944 2459 1078 2552 absque
1106 2459 1201 2530 omni
1233 2458 1401 2530 dilatione
1432 2458 1477 2528 ad
1507 2479 1644 2527 murum
1669 2479 1732 2529 sen
1763 2459 1855 2529 muri

424 2578 601 2627 carcerem
623 2556 869 2649 inquisitorum
890 2556 1039 2628 Tholose
1059 2557 1186 2626 talibus
1205 2557 1365 2650 personis
1388 2555 1622 2650 culpabilibus
1647 2554 1855 2648 deputatum

425 2675 490 2727 vos
511 2654 727 2725 transferatis
749 2665 783 2723 et
806 2654 936 2724 ibidem
958 2676 1023 2726 vos
1044 2654 1274 2748 personaliter
1292 2653 1505 2741 includatis;
1527 2653 1671 2745 quodsi
1693 2654 1856 2730 monitio

425 2774 505 2824 nem
525 2767 679 2823 nostram
699 2765 760 2821 aut
779 2753 983 2823 mandatum
1004 2764 1160 2824 nostrum
1181 2764 1242 2822 aut
1260 2752 1470 2823 sententiam
1490 2751 1771 2844 contempseritis
1790 2773 1855 2824 seu

425 2849 631 2921 distuleritis
656 2850 875 2943 adimplere,
895 2851 977 2921 dicti
1008 2850 1098 2920 muri
1125 2870 1299 2922 carcerem
1321 2872 1391 2921 non
1409 2850 1592 2936 intrando,
1614 2859 1676 2918 ont
1703 2860 1856 2920 temera-

425 2951 477 3018 rie
499 2957 578 3041 post
600 2949 819 3040 ingressum,
841 2948 976 3041 absque
1001 2959 1119 3020 nostra
1145 2970 1208 3019 seu
1234 2957 1434 3019 nostrorum
1462 2947 1496 3016 in
1523 2948 1590 3018 boc
1616 2946 1856 3038 inquisitionis

425 3044 542 3117 olficio
574 3066 815 3116 successorum
843 3046 983 3116 licentia
1019 3047 1206 3132 exeundo,
1235 3056 1296 3116 aut
1318 3046 1405 3116 alias
1428 3057 1547 3116 contra
1572 3044 1768 3116 contessata
1790 3067 1854 3116 seu

421 3144 538 3235 jurata
565 3143 621 3214 vel
647 3143 805 3234 abjurata
829 3145 864 3214 in
892 3144 1018 3234 juditio
1043 3167 1105 3238 per
1130 3165 1197 3215 vos
1224 3165 1447 3236 quocumque
1472 3155 1629 3237 tempore
1651 3144 1854 3232 veniendo,

424 3262 488 3336 per
506 3241 574 3312 hoc
592 3252 745 3312 vestram
767 3242 1034 3314 conversionem
1058 3241 1173 3314 fictam
1195 3251 1417 3334 vestramque
1435 3241 1713 3334 impenitentiam
1734 3252 1855 3311 osten-

427 3339 558 3427 dendo,
576 3360 641 3411 vos
660 3351 721 3409 aut
739 3347 997 3433 quemcumque
1015 3352 1173 3412 vestrum
1194 3340 1411 3431 hujusmodi,
1424 3362 1471 3411 ex
1492 3351 1573 3409 tunc
1590 3348 1629 3408 ut
1647 3358 1692 3408 ex
1713 3352 1856 3409 nuncet

427 3458 579 3509 exnunc
596 3449 635 3508 ut
646 3458 691 3511 ex
707 3449 789 3507 tunc
793 3450 978 3531 ,tanquam
996 3441 1154 3532 perjuros
1169 3453 1205 3509 et
1223 3439 1470 3531 impenitentes
1484 3436 1658 3508 hereticos
1670 3435 1856 3529 culpisque

426 3537 587 3607 astrictos
605 3535 794 3628 prioribus,
809 3537 1017 3608 auctoritate
1036 3558 1104 3629 qua
1125 3537 1346 3628 fungimur,
1337 3559 1374 3606 ιιι
1391 3537 1460 3606 hiis
1478 3534 1700 3629 presentibus
1714 3534 1855 3626 scriptis

429 3629 471 3730 [l0
495 3634 540 3701 56
564 3630 597 3731 c]
627 3634 999 3706 excommunicationis
1026 3634 1169 3706 vinculo
1194 3634 1431 3720 innodamus,
1454 3632 1684 3704 decernentes
1710 3631 1855 3703 absolu-

427 3732 533 3803 tionis
556 3731 765 3802 benelicium
791 3732 926 3802 vobis
918 3754 1114 3825 impensum
1141 3732 1192 3803 eis
1218 3732 1340 3824 quiin
1366 3741 1495 3802 tantam
1521 3732 1692 3802 ollensam
1719 3729 1855 3800 incide·

426 3842 511 3899 runt
537 3829 684 3900 ulterius
707 3850 778 3900 non
804 3831 989 3940 prpdesse,
1012 3851 1149 3902 necnon
1168 3830 1245 3924 ipso
1271 3830 1362 3901 lacto
1393 3850 1501 3923 penas
1520 3829 1607 3899 alias
1625 3838 1746 3898 contra
1766 3827 1855 3899 tales

425 3927 513 3998 latas
532 3948 553 3997 a
571 3947 706 3998 canone
726 3928 928 3999 incurrisse.
951 3928 1160 4000 Monemus
1151 3949 1297 4022 insuper
1315 3927 1443 4009 semel,
1464 3926 1642 4012 secundo,
1664 3937 1700 3997 et
1724 3928 1853 4013 tercio,

424 4025 592 4098 canonice
612 4036 648 4096 et
665 4025 939 4120 perhemptorie,
960 4037 996 4096 et
1014 4028 1080 4097 sub
1096 4026 1196 4120 penis
1215 4025 1408 4114 canonicis,
1428 4046 1472 4095 ne
1492 4024 1634 4117 aliquis,
1655 4026 1856 4115 cujuscum-

425 4145 495 4216 que
514 4123 746 4209 conditionis,
768 4123 918 4216 gradus,
940 4145 1003 4196 seu
1024 4124 1204 4215 dignitatis
1224 4123 1373 4208 existat,
1395 4123 1511 4194 sciens
1533 4135 1594 4192 aut
1618 4121 1766 4193 credens
1789 4142 1855 4194 vos

425 4222 483 4292 vel
512 4233 669 4293 vestrum
694 4222 848 4314 aliquem
873 4243 951 4293 esse
971 4223 1076 4310 taleS,
1103 4242 1167 4293 vos
1187 4221 1343 4314 recipere
1369 4221 1427 4292 vel
1451 4220 1643 4291 defendere
1665 4219 1722 4290 vel
1750 4220 1856 4292 vobis

424 4319 637 4391 monitiones
668 4331 729 4390 aut
757 4319 922 4390 mandato
956 4331 1072 4392 nostra
1104 4319 1363 4410 complentibus
1394 4341 1438 4389 ne
1467 4339 1508 4389 ca
1539 4318 1763 4410 complentis,
1793 4328 1856 4389 aut

424 4428 544 4489 contra
573 4418 790 4506 contessata,
815 4419 931 4509 jurata
958 4439 1021 4489 seu
1051 4419 1231 4509 abjurata,
1259 4417 1362 4488 vobis
1389 4415 1614 4489 venientibus
1641 4414 1853 4500 consilium,

424 4516 617 4603 auxilium,
640 4516 696 4587 vel
725 4517 901 4601 savorem,
922 4516 1072 4587 scienter
1098 4516 1303 4609 impendere
1329 4524 1533 4608 presumat3
1557 4512 1713 4605 alioquin
1741 4513 1776 4581 in
1801 4512 1852 4583 fa·

423 4613 556 4684 cientes
579 4615 792 4686 contrarium
820 4614 855 4684 in
883 4613 1062 4706 premissis
1087 4615 1142 4685 vel
1168 4615 1204 4684 in
1228 4612 1348 4706 aliquo
1374 4613 1626 4706 premissorum
1646 4611 1712 4680 ista
1733 4621 1853 4683 nostra

423 4712 635 4805 competenti
657 4722 693 4782 et
711 4711 878 4784 canonica
897 4712 1091 4784 monitione
1115 4711 1305 4805 premissa,
1322 4732 1367 4782 ex
1394 4732 1488 4781 nunc
1516 4721 1552 4779 nt
1571 4731 1617 4780 ex
1638 4717 1719 4778 tunc
1745 4717 1781 4779 et
1807 4728 1855 4781 ex

423 4818 507 4879 tunc
525 4821 564 4879 ut
580 4831 625 4880 ex
639 4831 757 4921 nunc,
778 4810 985 4881 auctoritate
1008 4830 1077 4902 qua
1102 4810 1300 4902 fungimur,
1327 4809 1363 4878 in
1383 4808 1452 4879 hiis
1470 4807 1609 4899 scriptis
1629 4805 1855 4903 presentibus

423 4906 797 4978 excommunicationis
813 4911 1022 4979 sententiam
1041 4908 1320 5000 promulgamus,
1335 4919 1371 4977 et
1389 4927 1498 5018 penas
1517 4905 1604 4975 alias
1622 4915 1744 4975 contro
1765 4895 1853 4975 tales

422 5022 452 5074 a
461 5023 597 5076 canone
616 5005 853 5099 promulgatas
872 5025 935 5078 eos
954 5004 1146 5076 incurrisse
1170 5005 1430 5076 decernimus
1421 5024 1499 5098 1pso
1525 5003 1629 5074 lacto
1648 5001 1854 5072 Retinemus
