4574 6404
801 644 953 700 secusne
979 643 1076 698 raus.
1611 623 1658 693 47

225 806 281 890 Ν.,
309 803 497 896 inquisitor
521 804 556 874 in
583 824 692 896 regno
716 803 860 875 Francie
881 826 943 897 ρετ
960 804 1081 874 sedem
1101 803 1328 895 apostolicam
1348 802 1552 895 deputatus,
1570 821 1658 891 quo·

225 903 320 974 nium
342 923 405 995 per
434 901 697 994 inquisitionem
726 923 796 994 que
821 901 858 972 iit
885 901 1096 992 generaliter
1120 911 1241 971 contra
1264 920 1388 970 omnes
1419 898 1566 970 inlectos
1594 896 1654 968 be·

225 1001 331 1071 retica
357 999 552 1092 pravitate,
584 1010 619 1070 et
645 1020 707 1092 per
733 1011 809 1070 acta
830 1010 865 1070 et
894 1020 1077 1092 processus
1102 997 1340 1091 inquisitionis
1370 997 1529 1087 ejusdem
1556 995 1657 1066 inve·

225 1098 364 1184 nimus,
393 1116 528 1168 necnon
557 1117 619 1189 per
643 1097 900 1168 confessionem
925 1097 1003 1167 talis
1026 1097 1067 1166 N.
1092 1096 1137 1167 de
1164 1094 1223 1166 teli
1248 1094 1343 1182 loco,
1373 1093 1451 1163 talis
1468 1091 1652 1188 dyocesis,

225 1197 348 1267 lectam
368 1193 405 1263 in
423 1194 551 1285 juditio
578 1193 732 1285 legitime
757 1195 857 1266 uobis
877 1205 1026 1281 constat,
1048 1193 1143 1286 quod
1165 1193 1239 1287 ipse
1259 1191 1373 1262 dictus
1389 1191 1432 1262 N.
1452 1191 1488 1260 in
1508 1190 1655 1262 crimine

224 1314 286 1366 seu
314 1294 405 1364 lacto
429 1291 565 1364 heresis
590 1293 641 1362 sic
666 1291 815 1384 deliquit
843 1290 898 1386 (in
929 1292 995 1362 isto
1022 1293 1091 1362 loco
1115 1289 1345 1383 exprimatur
1367 1289 1474 1381 cnlpn
1496 1287 1655 1379 ejusdem

224 1390 267 1461 de
287 1409 457 1484 processu
488 1396 520 1460 et
554 1388 769 1483 consessione
800 1389 878 1480 ejus
907 1395 1070 1461 contracte
1095 1388 1156 1460 snb
1181 1387 1384 1482 compendio
1407 1383 1651 1480 sinpilbtim);

224 1488 354 1559 idcirco
386 1508 450 1559 nos
482 1487 637 1580 prelatus
669 1487 855 1581 inquisitor
886 1508 953 1557 una
980 1509 1059 1558 cum
1087 1487 1145 1557 tali
1171 1485 1423 1578 coinqnisitore
1451 1504 1492 1553 nc
1519 1483 1652 1575 collega

227 1580 267 1683 [N
290 1583 338 1657 26
363 1581 400 1681 b]
430 1594 571 1669 nostro,
598 1575 632 1656 εἰ
662 1607 742 1655 cum
772 1585 967 1656 venerabili
997 1606 1038 1656 ac
1071 1585 1223 1655 discreto
1256 1583 1333 1654 viro
1361 1582 1419 1652 tali
1446 1580 1488 1649 N.
1523 1581 1559 1650 iu
1589 1578 1655 1652 hac

225 1693 321 1777 parte
354 1682 595 1753 commissario
623 1684 817 1776 deputato,
851 1682 1044 1776 predictam
1074 1682 1178 1753 talem
1215 1680 1256 1750 N.
1298 1681 1414 1751 redire
1451 1677 1648 1763 volentem,

225 1791 331 1875 prout
354 1779 524 1864 asseruit,
559 1780 604 1850 ad
634 1780 788 1851 Ecclesie
816 1779 1008 1866 unitatem,
1036 1779 1196 1875 abjurata
1227 1778 1389 1871 primitus
1413 1797 1475 1870 ρετ
1499 1776 1651 1847 eundem

223 1878 318 1950 omni
346 1876 462 1949 heresi
490 1877 525 1947 in
550 1877 678 1969 juditio
699 1898 816 1949 coram
839 1877 939 1948 nobis
966 1888 1000 1948 et
1027 1878 1171 1970 prestito
1197 1876 1241 1946 nd
1267 1886 1387 1946 sancta
1411 1874 1473 1945 Dei
1501 1894 1653 1965 evange·

224 1975 270 2047 lia
289 1976 492 2067 juramento
516 1975 561 2047 de
589 1975 745 2068 parendo
769 1974 975 2068 simpliciter
1001 1975 1173 2045 mandalis
1191 1973 1320 2045 nostris
1338 1984 1373 2043 et
1393 1971 1568 2058 Ecclesia,
1589 1971 1653 2041 ab·

223 2073 393 2146 solvimus
411 2072 606 2144 secundum
627 2072 772 2143 lormam
793 2072 947 2143 llcclesie
969 2073 1014 2142 ab
1033 2070 1406 2144 excommunicationis
1422 2069 1650 2162 vinculoque

225 2180 298 2242 erat
322 2170 450 2262 ligatus
473 2180 615 2264 propter
632 2169 753 2263 culpas
771 2192 859 2262 quas
883 2170 1064 2241 consessus
1085 2181 1138 2240 est
1159 2169 1193 2239 in
1210 2169 1340 2260 juditio
1356 2189 1396 2238 se
1419 2168 1453 2236 in
1479 2167 1569 2237 lacto
1586 2187 1651 2236 seu

224 2266 369 2339 crimine
391 2267 525 2339 heresis
549 2267 793 2354 commisisse,
822 2268 852 2339 si
880 2278 993 2338 tamen
1021 2267 1066 2338 de
1089 2267 1196 2338 corde
1218 2265 1312 2338 bono
1336 2276 1371 2338 et
1390 2262 1460 2334 fide
1482 2285 1551 2335 non
1572 2262 1652 2334 licta

223 2365 368 2437 redierit
391 2365 436 2436 ad
462 2364 617 2437 Ecclesia
646 2365 813 2436 unitatem
841 2375 875 2436 et
901 2365 932 2435 si
958 2364 1112 2455 injuncta
1139 2363 1206 2435 sibi
1240 2364 1403 2434 mandata
1427 2361 1648 2448 servaverit;

227 2475 261 2534 et
295 2462 379 2556 quia
408 2463 444 2533 in
478 2463 588 2533 Deum
615 2473 651 2533 et
676 2476 830 2533 sanctam
862 2474 1006 2533 matrem
1034 2462 1223 2533 Ecclesiam
1253 2461 1418 2555 predictis
1458 2459 1571 2530 modis
1601 2469 1651 2529 te·

229 2581 324 2632 mere
346 2568 381 2630 et
401 2561 566 2652 graviter·
580 2559 747 2652 deliquit,
771 2560 889 2631 habite
912 2581 1018 2652 super
1039 2559 1106 2631 boc
1130 2558 1383 2630 deliberatione
1405 2558 1553 2652 provida
1571 2578 1650 2628 cum

226 2657 327 2730 bonis
352 2669 387 2730 et
412 2657 534 2750 peritis
558 2657 669 2741 viris,
696 2652 913 2748 injunximus
940 2657 1075 2742 eidem,
1104 2658 1170 2728 sub
1196 2656 1315 2728 debito
1337 2677 1379 2726 ac
1404 2657 1535 2726 virtute
1557 2675 1651 2747 pres·

228 2755 277 2826 titi
299 2754 514 2846 juramenti,
552 2756 586 2824 in
621 2754 849 2848 penitentiam
882 2765 917 2825 et
955 2754 1096 2825 nomine
1130 2754 1321 2848 penitentie
1352 2752 1651 2846 peregrinationes

172 2866 179 2876 ·
226 2852 310 2923 tales
331 2863 366 2924 et
390 2852 475 2923 tales
503 2850 777 2945 (conprimuntur
799 2852 837 2922 in
860 2853 925 2923 isto
943 2851 1048 2944 loco);
1068 2851 1318 2923 testimoniales
1336 2851 1381 2922 de
1400 2850 1548 2943 singulis
1567 2849 1652 2921 locis

224 2970 341 3021 secum
367 2959 549 3042 reportans
569 2951 723 3035 litteras,
745 2959 813 3020 etc.
839 2948 888 3041 (in
906 2949 970 3020 isto
990 2949 1061 3019 loco
1078 2949 1330 3043 exprimantur
1352 2948 1427 3019 ntia
1453 2947 1574 3019 ornnio
1592 2967 1653 3038 pe·

223 3047 375 3136 nnalin,
394 3046 486 3118 sicin
502 3047 708 3118 scribnntnr
731 3046 768 3117 in
794 3046 873 3117 otiis
891 3045 1159 3139 precedentibus
1177 3047 1300 3117 litteris
1320 3045 1560 3140 singillatim.)
1581 3044 1650 3116 Ac·

225 3155 295 3215 tum
321 3144 386 3214 luit
406 3144 473 3215 boc
499 3144 650 3217 Tholose
677 3145 712 3214 in
740 3145 845 3216 domo
867 3145 1139 3237 inquisitorum,
1166 3165 1259 3215 nuno
1286 3157 1320 3215 et
1346 3144 1405 3216 die
1426 3144 1509 3232 tali,
1532 3153 1600 3215 eto.

227 3401 281 3462 11.
304 3398 439 3463 Forma
458 3398 582 3463 littere
608 3398 861 3463 commutandi
887 3399 1048 3481 aliquam
1076 3400 1320 3481 penitentiam
1347 3399 1409 3480 [ln]
1437 3400 1650 3477 ingressum

633 3505 827 3583 religionis
842 3522 885 3570 ex
900 3506 1025 3588 eliqua
1039 3507 1102 3588 ple
1115 3523 1240 3572 causa.

274 3734 327 3835 [F0
345 3737 392 3811 26
414 3735 448 3837 c]
466 3739 602 3812 Tenere
628 3739 842 3833 presentium
871 3750 987 3833 pateat
1010 3739 1136 3811 Christi
1162 3739 1326 3813 fidelibus
1354 3741 1529 3813 universis
1555 3741 1651 3835 quod

227 3858 289 3907 nos
309 3837 388 3908 talis
407 3838 449 3908 N.
470 3837 670 3930 inquisitor,
696 3860 758 3930 ρτο
775 3837 1010 3923 miserationis
1029 3839 1155 3909 ellectu
1176 3839 1355 3924 commoti,
1378 3839 1517 3933 piisque
1538 3838 1651 3912 bono·

226 3956 299 4004 rum
330 3935 486 4006 virorum
513 3934 676 4028 precibus
703 3934 879 4023 inclinati,
900 3936 1126 4027 penitentiam
1146 3936 1224 4008 sive
1245 3958 1371 4030 penam
1394 3958 1500 4030 quam
1526 3937 1585 4007 tali
1605 3937 1647 4007 N.

226 4031 268 4102 de
292 4032 350 4102 tali
373 4032 470 4120 loco,
493 4033 571 4102 tulis
594 4033 772 4127 dyocesis,
799 4054 927 4126 nuper,
948 4055 1011 4104 seu
1035 4034 1183 4121 dudum,
1204 4034 1421 4126 injunximus
1439 4036 1476 4104 in
1491 4035 1649 4127 peregri-

228 4129 426 4202 nationibus
457 4130 626 4201 laciendis
652 4152 714 4223 pro
740 4129 806 4200 biis
832 4131 1020 4223 inquibus
1048 4130 1244 4224 deliquerat
1270 4142 1391 4203 contre
1415 4130 1539 4220 fidem,
1561 4132 1651 4204 sicut

227 4225 259 4295 in
286 4226 365 4297 aliis
392 4228 521 4300 nostris
548 4227 674 4299 litteris
700 4227 837 4322 plenius
863 4229 1082 4316 continetur,
1115 4229 1229 4300 eidem
1256 4229 1315 4299 tali
1338 4229 1400 4313 N.,
1425 4250 1471 4301 ex
1496 4241 1591 4300 certa
1617 4241 1651 4299 et

227 4323 423 4395 rationabili
451 4345 580 4411 cause,
608 4325 653 4396 de
678 4324 850 4396 bonorum
879 4326 1035 4397 virorum
1065 4326 1211 4399 consilio
1241 4326 1407 4398 duximus
1433 4337 1650 4403 commntan-

227 4420 303 4491 dam
337 4430 373 4492 et
404 4434 527 4494 tenore
560 4423 776 4516 presentium
812 4434 1090 4511 commutamus,
1123 4435 1173 4512 ut,
1196 4422 1373 4507 videlicet,
1394 4424 1471 4496 loco
1490 4425 1650 4517 ejusdem

228 4518 436 4610 penitencie,
458 4520 611 4612 aliquam
633 4520 852 4612 ingrediatur
872 4521 1077 4611 religionem
1097 4540 1160 4591 seu
1180 4521 1332 4613 aliquem
1348 4520 1506 4594 ordinem
1526 4543 1547 4592 a
1565 4522 1651 4593 sede

227 4616 415 4709 apostolica
433 4618 660 4711 aprobatum,
682 4617 740 4688 ubi
762 4618 933 4710 regularis
951 4618 1177 4689 observantia
1197 4629 1231 4689 et
1250 4639 1387 4690 morum
1406 4620 1526 4712 vigeat
1544 4619 1650 4690 disci·

227 4713 341 4805 plina;
380 4735 484 4808 quam
515 4737 595 4785 cum
625 4715 804 4807 ingressus
842 4715 946 4786 luerit
970 4716 1122 4786 eundem
1148 4715 1253 4786 talem
1279 4716 1320 4786 N.
1350 4713 1413 4811 (l)2
1438 4739 1458 4788 a
1484 4716 1650 4810 predictis

227 4812 566 4904 peregrinationibus
597 4813 816 4886 absolvimus
845 4824 881 4885 et
908 4813 1121 4906 quittamus,
1148 4813 1177 4884 si
1208 4822 1325 4886 tamen
1355 4815 1496 4908 inipso
1525 4815 1650 4888 ordine

260 5040 296 5109 (l)
311 5040 346 5098 N.
361 5038 434 5097 dans
448 5041 475 5097 le
488 5056 545 5100 ms.
561 5042 623 5099 388.
