4612 6404
862 681 1014 735 sacuam
1039 682 1136 734 raus.
1672 667 1718 736 ab

287 940 344 1005 22.
370 940 506 1005 Forma
527 941 649 1005 brevis
674 948 710 1005 et
729 942 935 1007 eommunis
957 941 1208 1007 commutandi
1233 941 1551 1020 peregrinationes
1579 941 1619 1005 in
1644 940 1719 1006 alia

857 1065 966 1130 opera
980 1049 1141 1130 pietatis.

333 1287 468 1360 Teuore
492 1289 707 1382 presentium
733 1299 854 1362 uotum
877 1288 939 1360 fiat
962 1291 1057 1382 quod
1079 1310 1143 1360 uos
1164 1289 1354 1382 inquisitor
1380 1288 1478 1375 talis,
1502 1299 1594 1381 etc,
1616 1310 1717 1382 pere·

287 1387 502 1480 grinationes
523 1386 582 1456 tali
605 1385 648 1456 N.
669 1387 714 1459 de
735 1387 793 1457 tali
822 1387 898 1459 loco
918 1389 1061 1458 nomine
1085 1387 1277 1480 penitentie
1300 1387 1382 1458 olim
1403 1388 1584 1480 impositas
1605 1397 1640 1458 et
1666 1387 1717 1456 in-

282 1484 422 1580 junctas
442 1505 505 1578 pro
525 1483 593 1554 biis
612 1506 682 1576 que
700 1485 923 1556 commiserat
940 1486 975 1555 iu
990 1486 1082 1557 facto
1100 1506 1162 1556 seu
1181 1484 1328 1555 crimine
1343 1484 1498 1556 heretice
1513 1484 1712 1577 pravitatis,

287 1604 331 1653 ex
353 1592 448 1652 certa
464 1577 512 1748 pit
527 1580 572 1650 30
590 1578 627 1679 b]
645 1590 681 1653 et
695 1582 892 1654 rationabili
907 1603 1011 1653 causa
1031 1582 1144 1653 eidem
1157 1582 1453 1654 commutavimus
1468 1581 1503 1651 in
1522 1581 1591 1651 alia
1607 1601 1714 1674 opera

286 1677 459 1773 pietatis(
484 1676 520 1772 ),
543 1679 768 1770 injungentes
787 1679 902 1751 eidem
924 1691 963 1750 ut
989 1681 1024 1749 iu
1045 1680 1288 1773 redemptione
1315 1678 1635 1772 peregrinationum
1655 1680 1716 1749 det

285 1790 321 1848 et
339 1777 456 1847 solvat
473 1797 505 1847 c.
532 1776 639 1847 libras
658 1777 881 1849 Turoueuses
900 1778 945 1847 ad
966 1790 1123 1849 nostrum
1144 1777 1328 1848 arbitrium
1348 1776 1622 1869 expendendas,
1644 1787 1715 1845 tam

287 1873 322 1943 iu
343 1874 589 1967 persecutione
607 1872 844 1945 hereticorum
863 1895 968 1967 quam
994 1875 1029 1944 iu
1052 1875 1319 1946 necessitatibus
1338 1872 1443 1945 officii
1463 1873 1714 1966 inquisitionis,

287 1991 350 2042 seu
371 1970 407 2041 in
426 1971 506 2042 aliis
528 1971 695 2065 operibus
715 1971 874 2064 pietatis3
896 1971 941 2045 de
967 1973 1095 2065 quibus
1108 1972 1205 2068 jam,
1221 1974 1324 2064 juxta
1344 1971 1600 2043 ordinationem
1630 1991 1714 2042 uos-

288 2080 373 2139 tram
394 2078 431 2140 et
448 2068 658 2154 arbitrium,
680 2068 817 2160 integre
835 2070 1022 2157 satisfecit3
1045 2071 1140 2141 unde
1159 2057 1311 2142 eundeui
1333 2070 1375 2139 N.
1401 2080 1436 2141 et
1457 2070 1534 2159 ejus
1558 2068 1651 2138 bona
1669 2066 1715 2138 ab

287 2164 451 2237 omuibus
469 2165 835 2259 peregrinationibus,
857 2167 1014 2259 exceptis
1034 2167 1217 2238 dumtaxat
1239 2166 1499 2238 visitationibus
1519 2165 1609 2235 iufra
1627 2164 1718 2237 Tho·

286 2262 397 2333 losam
422 2263 616 2351 iaciendis,
640 2272 761 2335 tenore
789 2264 1003 2356 presentium
1030 2265 1248 2336 absolvimus
1275 2266 1414 2358 penitus
1440 2273 1476 2334 et
1498 2263 1713 2356 quittamus,

286 2359 394 2431 nichil
420 2361 647 2432 immutantes
676 2361 711 2429 iu
739 2361 818 2431 aliis
845 2383 916 2453 que
942 2363 977 2431 iu
1009 2362 1134 2434 litteris
1161 2383 1225 2433 sue
1251 2362 1445 2456 penitentie
1468 2361 1712 2447 continentur,

286 2457 521 2529 concedentes
540 2459 655 2530 eidem
677 2470 859 2552 presentes
879 2459 1035 2547 litteras,
1056 2470 1148 2547 etc,
1170 2470 1347 2552 utsupra.

287 2709 355 2776 23:
370 2711 463 2777 Item
481 2711 599 2778 torma
617 2712 692 2778 alio
707 2714 915 2778 communis
932 2713 1184 2779 commutandi
1205 2719 1242 2777 et
1268 2712 1482 2777 absolvendi
1507 2729 1529 2777 a
1551 2711 1715 2793 peregri-

888 2820 1113 2885 nationibus.

335 3062 470 3135 Tenere
495 3063 711 3156 presentium
732 3076 854 3136 notum
874 3062 936 3133 fiat
960 3062 1056 3155 quod
1076 3083 1140 3134 uos
1169 3062 1247 3133 talis
1266 3061 1475 3156 inquisitor,
1495 3061 1716 3133 considerata

285 3171 468 3231 senectute
498 3180 561 3231 seu
589 3161 771 3232 debilitate
798 3160 876 3231 talis
904 3181 1076 3254 persone,
1109 3160 1408 3253 peregrinationes
1437 3159 1520 3231 olim
1552 3159 1620 3230 sibi
1649 3181 1715 3232 uo-

287 3257 380 3329 miue
406 3257 600 3352 penitentie
620 3259 802 3351 impositas
823 3269 858 3329 et
876 3258 1049 3349 injunctas
1068 3279 1132 3351 pro
1155 3257 1309 3350 hiisque
1326 3257 1549 3328 commiserat
1569 3258 1604 3326 iu
1624 3257 1716 3329 laeto

289 3375 353 3425 seu
385 3354 533 3426 crimine
560 3354 718 3427 heretice
745 3355 950 3449 pravitatis,
982 3355 1097 3425 eidem
1126 3355 1420 3427 commutavimus
1449 3355 1485 3425 iu
1511 3354 1581 3425 alia
1610 3374 1717 3447 opera

287 3452 451 3544 pietatis,
482 3452 633 3524 eundem
654 3473 696 3524 ae
714 3454 790 3545 ejas
809 3452 901 3525 bona
922 3460 957 3522 et
980 3451 1129 3523 heredes
1148 3473 1168 3525 a
1189 3452 1353 3545 predictis
1372 3452 1716 3546 peregrinationibus

287 3559 388 3621 extra
415 3548 600 3622 Tholosam
627 3550 812 3621 dumtaxat
838 3549 1007 3621 iaciendis
1042 3560 1163 3621 tenore
1190 3550 1404 3644 presentium
1437 3549 1654 3622 absolvimus
1680 3561 1716 3620 et

286 3648 500 3739 quittamus,
522 3648 647 3718 solutis
666 3648 920 3740 quinquaginta
945 3646 1044 3718 libris
1070 3647 1332 3719 turonensibus
1350 3647 1395 3718 ad
1414 3668 1504 3742 opus
1524 3647 1602 3717 talis
1628 3668 1714 3740 pou·

287 3745 330 3816 tis
362 3739 404 3841 [l⁰
434 3743 479 3813 30
510 3742 542 3843 c]
565 3743 674 3839 (cels
705 3746 784 3815 talis
815 3745 963 3816 ecclesie
985 3745 1042 3816 oel
1061 3744 1111 3816 sic
1141 3770 1149 3814 :
1179 3745 1307 3837 inpiis
1336 3744 1458 3815 usibus
1484 3744 1529 3815 ad
1556 3754 1714 3816 nostrum

286 3842 469 3912 arbitrium
488 3840 750 3936 expendendis,
780 3841 976 3934 dequibus
998 3843 1071 3933 jam
1097 3841 1143 3913 ad
1171 3842 1373 3912 mandatum
1395 3853 1550 3914 nostrum
1579 3842 1714 3932 integre

287 3939 454 4010 satisfecit
472 3939 529 4009 oel
548 3941 596 4011 sic
622 3967 633 4009 :
661 3961 723 4033 pro
749 3939 878 4031 quibus
896 3939 970 4030 jam
989 3942 1092 4032 juxta
1117 3940 1373 4011 ordinationem
1401 3950 1555 4012 nostram
1580 3939 1624 4010 de
1648 3937 1713 4010 bo·

288 4036 340 4106 uis
358 4037 432 4107 suis
453 4037 620 4108 satisfecit
640 4037 673 4106 iu
692 4036 904 4130 quibusdam
924 4039 1091 4129 operibus
1111 4037 1284 4134 pietatis);
1307 4035 1411 4109 nichil
1431 4038 1656 4107 immutantes
1676 4036 1712 4106 iu

288 4133 387 4220 aliis,
407 4145 499 4223 etc.,
523 4146 561 4204 ut
577 4154 697 4228 supra.

289 4385 346 4452 24.
370 4387 463 4452 Item
478 4387 595 4454 forma
616 4388 887 4471 alioquentem
905 4390 1117 4456 admodum
1138 4388 1310 4470 loquendi
1329 4388 1369 4452 in
1385 4403 1475 4452 casu
1496 4386 1618 4467 aliquo
1633 4402 1714 4467 spe·

952 4495 1050 4561 ciali.

337 4736 472 4810 Tenore
490 4737 705 4831 presentium
727 4749 849 4811 notum
869 4737 928 4810 dat
943 4738 1039 4830 quod
1058 4757 1122 4810 uos
1139 4736 1326 4829 inquisitor
1341 4737 1434 4826 talis,
1449 4737 1713 4809 considerantes

287 4834 383 4927 quod
408 4834 478 4907 hoc
506 4822 621 4906 solum
649 4836 740 4908 bene
769 4836 884 4930 agitur
918 4847 956 4907 ut
982 4837 1057 4907 vita
1092 4834 1272 4908 homiuum
1304 4835 1518 4927 corrigatur,
1550 4834 1713 4908 videntes

324 5064 361 5134 (l)
380 5065 436 5119 Ista
450 5063 577 5119 clausula
589 5067 659 5134 porti
669 5067 771 5134 poterit
781 5066 823 5120 uel
837 5063 954 5130 dimitti,
969 5079 1005 5120 eu
1020 5078 1128 5135 margo.
