4612 6404
890 662 1009 713 ιιιιιι
1035 660 1131 714 raas.
1660 639 1722 710 ιιι

300 818 334 891 ht
351 819 565 913 generaliter
583 830 705 891 contra
725 841 848 891 omnes
868 821 1014 891 inlectos
1031 829 1093 889 aut
1110 829 1294 912 suspectos
1313 818 1358 887 de
1376 818 1529 889 heretica
1549 818 1726 910 pravitate

296 918 569 990 inveniebantur
595 919 640 989 de
668 918 753 1010 ipsis
782 930 818 988 et
847 928 967 988 eontra
999 917 1115 1011 ipsos,
1144 916 1298 1007 suspecti
1327 919 1451 986 merito
1481 915 1724 1002 habebantur,

294 1017 392 1086 unde
411 1016 554 1086 fuerunt
575 1016 671 1086 citati
690 1016 822 1106 semel,
840 1016 997 1087 secundo
1016 1037 1056 1086 ac
1078 1015 1180 1086 tertio
1201 1013 1273 1104 (uel
1288 1014 1339 1084 sie
1357 1040 1367 1081 :
1390 1014 1538 1104 pluries)
1558 1016 1726 1084 canonice

288 1133 332 1184 ac
354 1113 618 1226 perhemptorie
641 1134 719 1183 cum
745 1113 869 1184 edictis
899 1113 1047 1204 publicis
1070 1112 1248 1185 canonicis
1276 1112 1465 1205 propositis
1500 1122 1569 1181 tarn
1600 1111 1635 1180 in
1661 1111 1726 1182 do-

282 1210 466 1282 miciliis
457 1233 613 1305 ipsorum
631 1211 691 1281 ubi
711 1211 837 1281 morari
855 1211 1088 1281 communiter
1103 1219 1377 1295 consueverunt,
1395 1229 1500 1299 quam
1516 1211 1553 1278 in
1569 1209 1728 1280 eeclesiis

281 1308 576 1402 parrochialibus
597 1308 822 1396 eorumdem,
845 1320 883 1378 nt
910 1308 1014 1379 certis
1042 1308 1167 1379 diebus
1196 1320 1231 1377 et
1263 1306 1347 1378 locis
1375 1307 1562 1398 assignatis
1592 1306 1725 1377 eisdem

275 1406 529 1517 personaliter
547 1428 588 1477 ae
609 1405 868 1501 perhemptorie
891 1419 1135 1501 comparerent
1155 1405 1355 1497 responsuri
1385 1403 1519 1474 deiide
1545 1415 1580 1474 et
1599 1404 1726 1473 dicturi

276 1504 334 1575 de
355 1504 507 1574 crimine
526 1504 662 1575 heresis
679 1504 723 1574 de
740 1526 779 1574 se
797 1516 832 1575 et
856 1504 901 1575 de
917 1504 996 1575 aliis
1016 1504 1208 1597 plenariam
1231 1504 1435 1590 veritatem;
1460 1501 1528 1594 ipsi
1554 1511 1671 1571 autem
1692 1512 1728 1572 et

272 1602 473 1694 quilibet
465 1623 619 1696 ipsorum
643 1602 770 1673 diebus
790 1613 825 1673 et
845 1601 967 1673 locis
958 1625 993 1671 ιιι
1010 1601 1134 1671 litteris
1153 1601 1321 1671 citatoriis
1343 1599 1606 1692 comprehensis
1629 1619 1726 1669 com-

269 1719 443 1792 parere,
476 1721 540 1771 nec
568 1721 607 1794 se
633 1721 783 1793 purgare
809 1701 854 1770 de
879 1699 973 1771 dicto
997 1701 1144 1770 crimine
1176 1699 1321 1769 minime
1347 1709 1581 1784 curaverunt,
1607 1717 1726 1790 ymmo

268 1797 419 1868 verius
442 1808 752 1891 contempserunt,
775 1810 811 1869 ιι
832 1819 871 1868 se
893 1798 1146 1868 contumaciter
1171 1797 1424 1882 absentarunt,
1453 1796 1549 1866 unde
1574 1795 1669 1889 ipsos
1692 1807 1728 1864 et

266 1894 492 1986 quemlihet
517 1896 672 1988 ipsorum
701 1907 866 1987 tanquam
893 1907 1075 1989 suspectos
1102 1894 1330 1965 vehementer
1359 1895 1404 1965 de
1435 1894 1574 1978 heresi,
1603 1914 1725 1965 eorum

263 1993 516 2065 contumacia
537 1992 572 2061 iu
592 2013 697 2062 causa
716 1991 798 2064 fidei
819 1993 1005 2084 exigente,
1027 1996 1062 2062 io
1083 1992 1151 2063 hiis
1170 1992 1308 2085 scriptis
1330 1987 1371 2088 [ιο
1390 1992 1430 2060 dl
1451 1987 1483 2088 e]
1504 1991 1726 2084 presentibus

264 2097 464 2183 tanquam
490 2099 716 2161 contumaees
747 2101 782 2161 et
803 2112 842 2162 se
865 2094 902 2160 in
930 2112 1034 2162 causa
1059 2088 1140 2160 fidei
1166 2091 1419 2162 contumaciter
1444 2089 1669 2160 absentantes
1693 2100 1728 2158 et

261 2209 356 2279 pro
384 2187 532 2259 crimine
557 2187 692 2259 heresis
713 2189 917 2280 lugittivos,
940 2188 1313 2259 excommunicationis
1336 2188 1479 2258 viuculo
1502 2187 1723 2258 innodamus.

260 2284 479 2357 Monemus
494 2294 611 2356 autem
632 2286 817 2358 universos
835 2298 871 2357 et
888 2287 1065 2377 singulos,
1093 2286 1348 2378 cujuscumque
1365 2285 1560 2378 dignitatis,
1578 2285 1723 2376 gradus,

259 2393 354 2454 ant
375 2395 487 2454 status
505 2403 567 2453 seu
588 2383 801 2455 conditionis
820 2382 995 2469 existant,
1016 2383 1151 2476 semel,
1170 2384 1327 2454 seeundo
1347 2405 1388 2453 ac
1409 2384 1537 2469 tercio,
1557 2381 1726 2453 canonice

260 2501 332 2552 ac
364 2481 647 2574 perhemptorie,
678 2482 746 2552 suh
775 2481 1149 2552 excommunicationis
1177 2493 1212 2551 et
1239 2482 1317 2552 aliis
1348 2485 1447 2574 penis
1476 2480 1654 2552 canonicis
1682 2501 1727 2551 ne

259 2581 377 2670 quis
400 2599 461 2649 eos
483 2578 540 2649 vel
565 2600 687 2649 eorum
710 2581 862 2671 aliquem
885 2590 1084 2671 receptare,
1105 2579 1160 2650 vel
1185 2581 1337 2649 cumeis
1362 2579 1592 2671 participare,
1614 2577 1727 2649 consi-

260 2675 406 2763 lium,
428 2675 621 2760 auxilium,
644 2677 700 2747 vel
722 2678 877 2748 favorem
897 2677 948 2748 eis
969 2677 1172 2769 impendere
1191 2677 1344 2747 scienter
1362 2698 1506 2768 quoquo
1524 2677 1629 2747 modo
1647 2697 1724 2768 pre·

261 2786 435 2859 sumat,
456 2774 543 2844 alias
561 2774 598 2843 iu
619 2775 786 2845 facientes
808 2775 1045 2858 contrarium,
1074 2774 1139 2845 hac
1159 2786 1277 2846 nostra
1296 2777 1509 2867 competenti
1534 2774 1726 2846 monitione

263 2871 493 2963 premissa,
516 2870 551 2940 in
572 2872 641 2943 hiis
660 2873 800 2965 scriptis
819 2873 1196 2943 excommunicationis
1215 2873 1424 2944 sententiam
1446 2874 1724 2966 promulgamus,

260 2989 435 3041 necnon
455 2969 541 3038 alias
562 2991 669 3062 penas
697 2970 884 3041 canonicas
901 2980 1022 3040 contra
1049 2970 1134 3040 tales
1161 2992 1180 3040 a
1198 2969 1280 3063 jure
1297 2980 1446 3041 statutas
1464 2992 1525 3042 eos
1546 2971 1726 3040 incurrere

260 3067 464 3138 volumus
489 3067 564 3159 ipso
590 3068 695 3139 lactot
724 3069 807 3138 Lata
832 3077 867 3138 et
887 3067 1062 3160 publicata
1083 3066 1148 3136 fuit
1172 3069 1326 3159 predicta
1347 3067 1724 3140 excommunicationis

263 3165 496 3247 sententia,
517 3184 610 3234 anno
630 3177 665 3234 et
683 3165 763 3251 die,
786 3177 853 3236 etc.
870 3214 890 3251 ,κ
903 3177 940 3235 ιιι
959 3185 1078 3257 supra.

265 3413 358 3482 20.
381 3418 515 3483 Forma
531 3420 714 3483 sententie
736 3420 901 3496 religiosi
923 3421 1137 3484 immorandi
1160 3429 1196 3483 et
1219 3421 1450 3496 degradandi
1474 3423 1537 3503 qui
1560 3439 1598 3486 se
1620 3439 1727 3503 oppo-

338 3527 412 3591 suit
424 3526 538 3590 officio
556 3527 812 3608 inquisitionis
828 3528 868 3590 in
882 3526 1043 3592 favorem
1058 3535 1094 3591 et
1110 3527 1357 3592 defensionem
1373 3546 1615 3610 personarum
1639 3546 1725 3594 oon-

339 3634 618 3714 dempnatarum
639 3651 704 3715 pro
724 3635 862 3712 heresi,
886 3636 982 3699 uude
1006 3635 1165 3700 incurrit
1187 3637 1410 3700 sententiam
1435 3637 1726 3702 excommunica-

339 3742 450 3806 tionis
464 3758 573 3822 quam
588 3743 687 3807 ultra
711 3759 851 3807 annum
874 3744 1053 3808 sustinuit
1074 3744 1197 3808 animo
1224 3745 1423 3824 pertinaci,
1451 3762 1494 3809 ex
1515 3761 1585 3827 quo
1610 3751 1726 3808 restat

339 3850 433 3930 quod
449 3857 505 3912 ost
519 3849 620 3914 velut
633 3850 818 3914 hereticus
834 3851 1174 3931 condempnandos.

347 4066 384 4135 ln
406 4065 547 4136 nomine
573 4065 711 4135 Domini
729 4066 838 4140 lhesu
858 4066 1005 4152 Christi,
1031 4088 1147 4138 amen.
1173 4067 1257 4137 Cum
1288 4068 1421 4138 dudum
1449 4067 1530 4136 talis
1558 4067 1723 4138 lraterN.

263 4158 344 4233 de
371 4163 432 4233 tali
461 4163 585 4235 ordine
614 4164 753 4234 fuisset
765 4174 906 4236 notatus
931 4176 967 4235 et
994 4165 1181 4276 plurimum
1204 4160 1246 4261 [p
1273 4166 1314 4234 hl
1341 4162 1377 4261 d]
1405 4165 1606 4235 dillamatus
1631 4165 1726 4257 quod

264 4250 396 4355 ipse,
426 4261 462 4330 in
500 4261 789 4372 impedimentum
821 4260 926 4333 officii
959 4262 1197 4354 inquisitionis
1228 4274 1263 4333 et
1293 4263 1540 4354 inquisitorum
1572 4262 1726 4333 heretice

266 4358 506 4446 pravitatis,
528 4380 664 4430 necnon
686 4359 721 4428 in
742 4361 898 4431 favorem
924 4371 960 4430 et
978 4360 1220 4431 defensionem
1244 4361 1475 4451 quarumdam
1496 4359 1727 4451 singularium

264 4464 528 4545 personarum
550 4457 813 4543 hereticalium‚
839 4469 1080 4550 suspectarum
1101 4457 1146 4529 de
1165 4458 1281 4528 heresi
1301 4458 1358 4528 vel
1378 4457 1724 4549 comdempnatarum

267 4562 363 4640 pro
382 4553 530 4625 crimine
549 4554 703 4641 heresis,
731 4555 839 4626 multa
866 4554 1121 4639 commisisset,
1145 4566 1348 4642 tractasset,
1369 4566 1405 4625 et
1425 4565 1667 4649 procurasset,
1692 4567 1727 4625 ιι

267 4652 530 4739 mundasset,
551 4663 635 4738 ete,
657 4653 711 4731 (in
727 4655 796 4725 istu
821 4652 893 4723 locu
905 4659 1074 4746 potarunt
1094 4652 1258 4723 seriosius
1275 4651 1417 4745 singulo
1433 4651 1640 4748 auplicem),
1663 4674 1729 4724 nos

271 4749 387 4822 tales
405 4749 448 4820 N.
471 4761 506 4820 et
526 4751 567 4819 N.
589 4751 769 4844 episcopi,
792 4751 882 4821 lacta
907 4750 1067 4842 diligenti
1089 4749 1315 4843 inquisitione
1336 4761 1458 4821 contra
1483 4751 1634 4821 eundem
1656 4751 1728 4820 fra-

276 4851 387 4918 trem
412 4847 454 4918 N.
476 4848 611 4919 ordinis
636 4848 736 4934 talis,
758 4848 836 4941 ipso
863 4868 980 4920 coram
1005 4848 1107 4918 nobis
1133 4850 1168 4917 in
1186 4847 1315 4937 juditio
1338 4848 1530 4920 constituto
1555 4848 1601 4918 de
1623 4847 1727 4942 plena

278 4955 335 5014 ει
354 4965 450 5016 mera
474 4948 510 5015 in
537 4957 609 5017 toto
628 4944 833 5035 hujusmodi
852 4944 1090 5038 inquisitionis
1110 4948 1258 5037 negocio
1284 4946 1435 5018 veritate
1453 4946 1602 5018 dicenda
1627 4947 1727 5018 etde

281 5041 497 5137 calumpnia
517 5044 621 5114 etiam
635 5044 844 5134 juramentis
863 5044 908 5114 ab
928 5043 1005 5137 ipso
1023 5046 1177 5137 prestitis
1196 5053 1269 5114 eta
1290 5044 1391 5117 nohis
1411 5045 1584 5137 receptis,
1608 5045 1726 5116 multis
