4574 6404
849 682 976 748 oumrt
1001 682 1098 735 ruas.
1622 636 1692 732 283

262 840 413 914 Ecclesia
432 839 585 910 Romana
604 851 640 909 et
658 840 780 931 prelati
802 850 836 908 et
855 839 1081 930 inquisitores
1096 839 1191 930 ipsos
1209 836 1385 929 Bequiuos
1400 857 1463 906 seu
1484 849 1615 907 sectum
1636 837 1691 929 ip·

264 959 379 1012 sorum
401 939 636 1031 persequitur,
659 948 693 1006 et
713 937 877 1028 reprobat
895 947 930 1007 et
947 936 1180 1018 condemnat,
1199 957 1278 1004 cum
1298 935 1386 1026 ipsi,
1411 947 1448 1003 ut
1468 935 1613 1016 dicunt,
1638 947 1692 1004 te·

265 1047 369 1109 neunt
382 1036 419 1105 et'
436 1033 628 1131 delendant
648 1034 754 1103 vitam
774 1033 899 1104 Christi
919 1046 954 1104 et
973 1033 1212 1123 evangelicam
1236 1042 1499 1124 paupertatem,
1522 1054 1565 1101 eo
1588 1033 1692 1103 modo

264 1132 428 1206 videlicet
446 1153 517 1225 quo
537 1131 621 1224 ipsi,
643 1131 734 1201 sicut
755 1143 915 1223 utsupra
942 1132 1171 1223 premittitur.
1192 1143 1261 1199 tem
1283 1133 1318 1198 in
1347 1129 1503 1199 articulis
1523 1151 1628 1220 quam
1656 1130 1690 1198 in

268 1229 546 1322 interrogaturiis
566 1229 770 1299 eurumdem
789 1228 964 1321 accipiunt
983 1241 1018 1298 et
1035 1237 1231 1322 exponunt.
1250 1228 1356 1310 item,
1379 1237 1560 1320 reputant,
1579 1240 1617 1296 ut
1635 1228 1691 1298 di·

266 1338 367 1414 cunt,
389 1347 429 1398 se
454 1325 564 1396 Deum
584 1326 766 1397 ollendere
786 1327 815 1395 si
837 1327 901 1418 ipsi
919 1327 1123 1416 abjurarent
1141 1327 1218 1395 illos
1243 1324 1408 1394 articulos
1427 1324 1522 1415 quod
1550 1346 1613 1395 nos
1633 1327 1688 1394 in·

266 1424 452 1519 quisitores
477 1435 537 1494 aut
564 1423 686 1516 prelati
709 1423 910 1513 judicamus
935 1445 1013 1493 esse
1037 1445 1204 1495 erroneos
1231 1434 1292 1492 aut
1311 1442 1465 1492 errorem
1487 1433 1522 1491 et
1539 1421 1690 1491 heresim

266 1523 462 1609 continere,
482 1542 571 1612 quus
592 1521 657 1613 ipsi
686 1524 901 1591 econtrario
921 1520 1043 1590 dicunt
1067 1543 1134 1591 non
1161 1543 1240 1591 esse
1260 1540 1426 1590 erroneos
1455 1540 1519 1588 uec
1538 1518 1689 1589 heresim

266 1619 507 1704 continentes,
529 1630 582 1688 set
601 1618 723 1688 dicunt
741 1639 819 1688 esse
838 1618 1031 1688 secundum
1053 1618 1293 1709 evangelicam
1315 1620 1512 1700 veritatem,
1535 1617 1691 1687 dicentes

266 1717 396 1790 bonnm
416 1716 544 1786 malurn
561 1726 596 1786 et
612 1715 740 1785 malum
757 1716 902 1800 bonum,
921 1727 956 1785 et
977 1727 1146 1808 ponentes
1162 1717 1274 1785 lucem
1296 1714 1457 1784 tenebras
1476 1724 1511 1783 et
1529 1714 1693 1786 tenebras

267 1814 392 1886 lucem.
411 1814 516 1898 ltem,
539 1813 661 1883 dicunt
679 1835 718 1883 se
737 1811 880 1883 credere
901 1813 995 1904 quod
1013 1815 1046 1882 in
1068 1814 1259 1906 dampnum
1280 1823 1315 1883 et
1329 1815 1365 1880 iu
1387 1812 1548 1901 injuriam
1571 1813 1690 1904 proxi-

267 1932 401 1982 morum
420 1911 634 1981 redundaret
658 1911 685 1980 si
709 1911 773 2002 ipsi
794 1911 1000 2001 detegerent
1024 1923 1083 1980 aut
1106 1912 1303 1980 revelarent
1325 1909 1590 2000 inquisitoribus
1609 1930 1691 1980 suos

267 2009 453 2103 complices
470 2021 505 2079 et
524 2008 729 2093 credentes,
751 2008 831 2098 quia
853 2030 899 2077 ex
917 2008 1004 2088 boc,
1031 2021 1067 2077 ut
1087 2008 1231 2092 dicunt,
1247 2017 1456 2099 paterentur
1477 2008 1694 2100 persecutio.

267 2126 345 2178 nem
365 2107 411 2177 ab
431 2105 698 2198 inquisitoribus
724 2116 758 2175 et
783 2105 998 2174 sustinerent
1017 2106 1231 2198 dampnum,
1258 2126 1326 2174 non
1354 2104 1576 2175 attendentes
1602 2105 1693 2175 sicut

268 2203 416 2298 populus
435 2213 602 2274 enecatus
623 2203 716 2294 quod
738 2205 773 2270 in
796 2203 907 2295 primo
926 2204 1018 2273 Deus
1040 2225 1107 2273 non
1129 2202 1334 2294 offenditur,
1354 2201 1518 2272 videlicet
1535 2224 1613 2271 cum
1635 2224 1689 2272 er·

267 2321 323 2374 ror
345 2302 523 2392 detegitur
546 2313 580 2369 et
600 2300 731 2370 veritas
753 2300 948 2386 invenitur,
968 2313 1041 2370 eta
1067 2300 1174 2370 devio
1193 2299 1322 2370 erroris
1341 2294 1451 2396 qui[s]
1473 2300 1692 2370 convertitur

267 2410 300 2470 et
318 2399 510 2470 revertitur
527 2398 572 2467 ad
596 2409 725 2467 rectam
746 2397 906 2467 semitam
929 2398 1086 2468 veritatis
1106 2409 1141 2466 et
1169 2418 1322 2467 errorem
1343 2397 1474 2466 deserit
1500 2409 1534 2466 et
1554 2397 1691 2489 abjurat

269 2488 308 2592 [Ρ
322 2493 387 2566 lbi
407 2491 461 2593 c];
479 2496 576 2575 item,
593 2507 762 2586 quantum
778 2495 822 2564 ad
838 2496 1031 2564 secundum
1048 2517 1117 2565 non
1134 2494 1307 2564 redundat
1323 2494 1356 2562 iu
1372 2494 1562 2588 dampnum
1579 2497 1693 2586 proxi·

268 2612 417 2678 murum,
435 2604 488 2663 set
502 2594 595 2663 cedit
609 2592 653 2662 ad
670 2594 800 2663 bonum
818 2612 954 2680 eorum,
972 2594 1114 2684 quando
1128 2604 1285 2662 errantes
1305 2591 1522 2662 reducuntur
1535 2592 1579 2661 ad
1598 2594 1691 2663 viam

268 2691 437 2762 etlumen
460 2693 636 2775 veritatis,
658 2711 702 2759 ne
724 2690 788 2782 ipsi
813 2692 963 2782 amplius
982 2702 1251 2782 corrumpantur
1273 2701 1309 2759 et
1336 2710 1380 2758 ne
1398 2692 1609 2780 contagione
1628 2712 1691 2761 sua

266 2787 428 2881 pestilera
450 2787 618 2880 plurimos
637 2787 785 2880 perdant
799 2797 834 2857 ot
846 2809 965 2857 secum
987 2788 1126 2856 trabant
1144 2788 1178 2855 in
1200 2788 1337 2858 foveam
1358 2789 1449 2857 sicut
1467 2787 1553 2857 ceci.
1572 2787 1613 2857 llt
1628 2789 1693 2880 igi·

267 2895 322 2955 tur
339 2886 432 2956 circa
452 2897 488 2955 et
504 2897 625 2956 contra
646 2885 818 2955 maliciam
838 2897 873 2954 et
895 2884 1062 2955 astuciam
1085 2885 1205 2954 talium
1226 2885 1482 2977 providendum
1503 2896 1558 2954 est
1583 2885 1616 2954 in
1638 2887 1692 2956 in-

267 2982 440 3076 quirendo
458 2983 553 3074 quod
578 2983 722 3053 omnino
748 2993 918 3073 cogantur
936 2981 1057 3076 jurare
1082 2983 1288 3075 simpliciter
1315 2993 1350 3051 et
1376 2983 1535 3053 absolute
1559 2983 1694 3075 absque

266 3078 382 3174 aliqua
401 3080 605 3151 conditione
624 3091 659 3149 et
683 3081 877 3149 retentione
905 3079 950 3151 de
972 3080 1073 3172 plena
1093 3093 1127 3149 et
1156 3100 1251 3149 mera
1272 3079 1420 3150 veritate
1448 3080 1597 3150 dicenda
1624 3093 1693 3151 tam

268 3177 311 3249 de
328 3198 368 3249 se
386 3197 491 3269 quam
515 3177 559 3247 de
582 3177 660 3247 aliis
680 3177 909 3270 complicibus
928 3177 1023 3263 suis,
1043 3190 1077 3248 et
1100 3176 1347 3270 credentibus,
1370 3190 1406 3247 et
1425 3179 1640 3264 fautoribus,
1659 3190 1696 3250 et

267 3274 561 3368 receptatoribus,
587 3286 622 3344 et
647 3274 893 3344 defensoribus
921 3276 1098 3367 ipsorum,
1120 3275 1313 3345 secundum
1341 3274 1553 3345 intellectum
1574 3276 1692 3368 inqui·

267 3371 395 3460 rantis,
412 3373 547 3464 absque
566 3375 663 3443 omni
681 3370 763 3442 dolo
780 3383 815 3442 et
835 3371 990 3457 fallacia,
1008 3374 1136 3442 sivein
1152 3370 1353 3443 confitendo
1370 3372 1415 3442 de
1429 3393 1468 3442 se
1483 3385 1519 3442 et
1537 3373 1582 3442 de
1599 3373 1691 3460 aliis,

266 3469 343 3541 sive
359 3471 397 3539 in
412 3470 660 3563 respondendo
672 3469 717 3538 ad
739 3470 965 3560 interrogata,
983 3469 1193 3540 affirmando
1213 3469 1268 3539 vel
1291 3468 1452 3560 negando
1469 3473 1504 3538 in
1526 3480 1598 3540 toto
1613 3493 1693 3563 pro·

266 3586 365 3638 cassu
395 3567 653 3659 inquisitionis;
680 3567 766 3636 alies
796 3570 975 3637 incurrant
1006 3567 1196 3660 perjurium
1224 3578 1259 3634 et
1291 3588 1415 3659 penam
1444 3568 1586 3660 perjurii
1616 3570 1696 3660 ipso
1786 3656 1790 3664 ἰ

266 3663 370 3738 lacto.
391 3664 594 3735 Cavendum
622 3677 676 3734 est
695 3665 813 3756 itaque
833 3686 877 3734 ne
898 3671 1137 3755 juramentum
1160 3666 1349 3756 recipiatur
1367 3666 1412 3734 ab
1432 3665 1483 3734 eis
1509 3685 1588 3734 cum
1605 3685 1691 3736 con·

265 3760 399 3834 ditione
415 3773 477 3832 aut
496 3762 692 3833 retentione
710 3761 827 3854 aliqua
846 3774 906 3832 aut
924 3783 1003 3832 cum
1023 3762 1272 3854 protestatione
1292 3762 1468 3854 predicta,
1489 3771 1524 3830 et
1541 3782 1694 3855 expuna-

266 3869 321 3928 tur
344 3859 478 3930 eisdem
503 3882 524 3930 e
552 3859 728 3931 contrario
758 3870 793 3929 et
814 3860 950 3930 dicatur
974 3860 1068 3950 quud
1097 3881 1165 3929 non
1196 3870 1250 3928 est
1276 3859 1498 3929 inostensam
1525 3858 1609 3945 Dei,
1629 3881 1696 3930 nec

265 3955 358 4028 Deus
376 3958 588 4042 ollenditur,
612 3957 704 4027 sicut
725 3957 788 4050 ipsi
816 3957 966 4026 credunt
985 3969 1020 4027 et
1039 3957 1178 4044 dicunt,
1199 3978 1278 4025 cum
1300 3978 1319 4027 a
1343 3957 1463 4047 judice
1487 3960 1616 4028 veritas
1637 3959 1691 4028 in·

265 4055 415 4147 quiritur
436 4066 475 4123 nt
501 4076 599 4126 error
622 4068 656 4124 et
681 4053 816 4124 heresis
836 4054 1037 4145 detegatur,
1058 4065 1090 4124 et
1112 4054 1147 4122 in
1173 4053 1239 4124 hoc
1262 4066 1298 4124 et
1315 4076 1422 4146 super
1445 4053 1511 4124 hoc
1529 4055 1692 4125 standum

266 4162 318 4223 est
336 4172 408 4223 nun
424 4173 547 4223 eorum
569 4153 654 4221 tabe
668 4153 825 4244 opinioni
843 4165 895 4221 set
911 4151 1042 4242 juditio
1058 4152 1282 4243 inquirentis.
1304 4150 1404 4237 ltern,
1425 4152 1608 4244 proximus
1623 4175 1694 4223 non

266 4247 396 4320 leditur
411 4271 475 4320 nec
494 4250 685 4343 dampnum
702 4259 763 4318 aut
781 4249 942 4339 injuriam
965 4251 1113 4341 patitur,
1135 4250 1226 4319 sicut
1251 4249 1318 4341 ipsi
1338 4251 1479 4330 dicunt,
1498 4263 1552 4320 set
1576 4261 1629 4320 est
1648 4252 1693 4320 ad

266 4346 342 4438 ejus
360 4346 492 4418 bunum
513 4358 548 4417 et
574 4348 722 4416 salutem
744 4349 881 4432 anime,
901 4347 1044 4439 quando
1069 4347 1117 4415 illi
1141 4347 1200 4438 qui
1229 4347 1348 4416 inlecti
1367 4357 1402 4416 et
1424 4347 1593 4439 implicati
1612 4360 1695 4419 sunt

266 4443 301 4513 in
320 4443 498 4536 aliquibus
518 4445 697 4515 erroribus
718 4445 929 4534 deteguntur
949 4445 992 4514 ad
1015 4445 1079 4516 boc
1101 4456 1137 4512 ut
1155 4447 1374 4535 corriguntur
1390 4455 1425 4514 et
1443 4457 1696 4516 convertantur

266 4540 311 4611 ab
336 4562 457 4613 errore
477 4563 543 4612 suo
569 4542 612 4611 ad
643 4542 732 4611 uiam
755 4543 913 4611 veritatis
936 4553 973 4610 ut
998 4542 1230 4612 emendentur
1258 4563 1301 4610 ne
1323 4543 1356 4611 in
1381 4563 1419 4611 se
1442 4544 1525 4635 ipsis
1544 4543 1695 4636 amplius

266 4651 535 4732 corrumpantur
561 4652 595 4709 et
615 4661 659 4708 ne
688 4633 728 4733 [l0
748 4639 809 4707 151
833 4634 870 4736 d]
896 4639 983 4709 alios
1008 4640 1081 4708 suis
1101 4640 1280 4709 erroribus
1299 4638 1456 4709 inficiant
1479 4652 1514 4711 et
1533 4661 1691 4710 corrum-

268 4746 363 4828 pant.
384 4736 419 4806 Si
440 4747 557 4806 autem
582 4736 805 4828 pertinaciter
826 4738 948 4826 jurare
975 4736 1215 4807 recusaverint
1244 4737 1310 4806 nisi
1335 4759 1414 4808 cum
1438 4736 1640 4809 conditione
1660 4749 1696 4810 et

266 4835 463 4905 retentione
482 4833 661 4926 predictis,
683 4836 719 4903 iu
732 4854 774 4904 eo
792 4854 890 4917 casu,
910 4832 1076 4904 videlicet
1094 4834 1160 4903 nisi
1182 4834 1317 4927 precise
1333 4835 1532 4926 juraverint
1546 4836 1580 4904 in
1597 4835 1694 4929 judi-

266 4929 314 5002 tio
333 4931 493 5023 requisiti
512 4932 559 5001 de
581 4931 682 5023 plena
703 4944 739 5002 et
762 4952 859 5001 mera
880 4931 1031 5001 veritate
1050 4931 1219 5014 dicenda,
1240 4932 1331 5002 sicut
1351 4933 1574 5027 premittitur,
1596 4945 1693 5022 tunc,

264 5029 434 5101 cononica
460 5029 652 5100 munitione
676 5031 867 5123 premissa,
898 5029 1029 5099 teratur
1053 5032 1228 5100 sententia
1254 5032 1628 5102 excommnuicationis
1657 5034 1693 5103 in
