4574 6404
429 665 496 732 ll8
713 680 873 732 nntcrrct
900 680 1139 746 tnoutstrtoms
1167 677 1329 733 nnnnrtcn
1355 675 1565 729 nnavrrnrrs.

427 860 525 909 suam
552 861 655 931 quam
681 839 808 908 imitari
833 838 1002 909 debemus
1021 841 1221 928 constituit;
1244 839 1308 931 ipsi
1330 847 1445 907 autem
1469 837 1503 905 in
1531 838 1704 929 corporali
1733 851 1767 909 et
1794 841 1859 910 de·

428 937 560 1007 lusorio
587 937 797 1007 vestimento
823 948 858 1006 et
880 937 1091 1027 quibusdam
1118 938 1195 1008 aliis
1223 934 1458 1007 exterioribus
1482 934 1717 1005 observantiis
1745 937 1857 1007 vitam

427 1034 551 1104 Christi
572 1034 763 1105 consistere
787 1034 921 1103 insanis
941 1035 1088 1106 vocibus
1112 1035 1295 1127 predicant
1313 1043 1347 1104 et
1371 1033 1407 1101 in
1428 1033 1667 1104 defensionem
1688 1048 1859 1127 concepte

428 1133 573 1202 vesanie
597 1131 783 1202 salvatoris
810 1131 920 1203 nostri
948 1133 1056 1203 verba
1082 1145 1118 1203 et
1136 1133 1233 1203 Beati
1253 1130 1425 1201 Francisci
1451 1130 1607 1220 regulam
1631 1132 1858 1223 scripturam-

427 1251 496 1322 que
515 1249 648 1299 sacram
671 1241 924 1321 repugnantem
941 1230 986 1299 ad
1002 1252 1129 1300 sensus
1148 1234 1203 1300 sui
1225 1230 1432 1323 pravitatem
1453 1228 1636 1297 inflectunt
1655 1228 1859 1322 dictamque

429 1324 469 1424 [p
488 1327 527 1393 at
553 1323 588 1423 d]
609 1327 789 1417 regulam,
812 1328 1036 1419 quantumin
1057 1329 1108 1398 eis
1128 1327 1368 1418 escebtiqna
1390 1325 1678 1419 interpretatione
1700 1347 1859 1398 corrum-

428 1437 527 1519 punt.
548 1424 581 1493 Si
602 1426 714 1510 enim,
736 1446 780 1494 ex
801 1446 844 1496 eo
869 1427 963 1517 quod
987 1426 1156 1497 Dominus
1182 1426 1308 1496 lhesus
1327 1423 1484 1493 Christus
1503 1444 1523 1493 a
1543 1422 1720 1516 superflua
1749 1425 1857 1496 etiam

427 1522 703 1593 necessariorum
724 1544 805 1592 cura
828 1520 983 1593 fidelium
1002 1536 1137 1595 mentes
1160 1523 1309 1594 liberare
1328 1521 1494 1613 cupiens,
1518 1521 1632 1590 vietus
1652 1535 1758 1614 atquc
1777 1545 1859 1595 ves·

428 1625 511 1690 titus
534 1632 569 1690 et
592 1620 732 1690 crastini
761 1621 1033 1692 sollicitudinem
1057 1621 1236 1713 prohibuit
1255 1631 1291 1691 et
1316 1620 1350 1688 in
1375 1619 1576 1712 exemplum
1597 1620 1719 1690 divine
1740 1623 1858 1713 provi-

427 1720 546 1788 dentie
573 1718 727 1788 volatilia
758 1721 823 1789 celi
851 1741 920 1810 que
947 1741 1061 1812 neque
1081 1731 1227 1812 serunt,
1249 1739 1364 1810 neque
1384 1728 1543 1805 metunt,
1568 1738 1684 1808 neque
1710 1739 1858 1811 congre·

426 1827 510 1908 gant
529 1819 565 1885 in
592 1815 717 1886 horrea
745 1817 898 1907 benigne
923 1818 1109 1910 produxit,
1137 1818 1167 1887 si
1195 1827 1337 1909 propter
1361 1835 1402 1885 ea
1429 1816 1486 1885 isti
1507 1816 1687 1907 vaniloqui
1715 1837 1755 1887 ea
1786 1840 1859 1910 que

426 1915 581 1985 hnmano
600 1913 718 1984 studio
737 1914 770 1983 in
790 1914 926 1985 horreis
943 1927 1203 2007 congregantur
1220 1936 1261 1985 ac
1278 1913 1384 1984 etiam
1401 1925 1628 1984 reservantur
1645 1927 1714 1983 tam
1731 1916 1857 2006 grandi

426 2012 614 2105 supercilio
634 2012 851 2082 fastidienter
871 2025 1063 2106 respuunt,
1086 2013 1220 2082 vadant
1239 2024 1273 2082 et
1298 2012 1363 2102 ipsi
1383 2012 1502 2082 avium
1523 2011 1716 2082 imitatores
1740 2013 1859 2086 effecti

427 2109 579 2180 humana
610 2111 784 2180 consortia
815 2112 973 2201 fugiant,
1003 2111 1117 2181 aliena
1148 2111 1332 2203 diripiant,
1361 2109 1469 2179 cruda
1498 2112 1633 2179 semina
1662 2110 1856 2206 mandant,

426 2209 508 2300 quia
536 2208 695 2279 volueres
720 2209 785 2278 celi
806 2208 873 2279 hoc
900 2210 1059 2294 iaciunt;
1088 2230 1153 2278 nec
1179 2209 1338 2278 laborent
1357 2205 1507 2277 fideliter
1529 2218 1564 2277 et
1583 2208 1733 2294 devote,
1755 2211 1859 2281 etde

428 2306 590 2376 mercede
610 2305 739 2376 laboris
765 2327 828 2398 pro
853 2327 892 2376 se
912 2318 946 2376 et
977 2308 1050 2377 suis
1075 2306 1240 2376 fratribus
1267 2306 1423 2398 eorporis
1450 2309 1647 2375 necessaria
1676 2326 1745 2375 non
1766 2309 1858 2378 reei-

428 2406 545 2497 piant;
569 2425 633 2473 nec
653 2405 785 2473 vadant
804 2425 868 2496 pro
886 2405 1079 2475 elemosina
1099 2405 1190 2473 sicut
1209 2413 1350 2473 sanctus
1368 2402 1571 2473 Franciscus
1597 2404 1770 2492 institnit;
1794 2427 1860 2477 nec

428 2523 490 2595 pro
520 2501 787 2571 necessitatibus
819 2500 1036 2574 infirmorum
1070 2513 1105 2572 et
1134 2501 1212 2571 aliis
1244 2498 1409 2571 fratribus
1441 2501 1631 2570 induendis
1660 2503 1859 2574 secundum

426 2600 499 2672 loca
538 2612 572 2668 et
597 2611 752 2691 tempora
779 2610 814 2671 et
840 2600 984 2693 frigidas
1014 2600 1199 2690 regiones,
1240 2599 1389 2669 ministri
1414 2611 1449 2669 et
1471 2599 1637 2669 custodes
1669 2599 1857 2672 sollicitam

424 2720 541 2770 curam
562 2709 685 2789 gerant
709 2697 800 2767 sicut
826 2699 946 2789 regula
972 2697 1100 2784 tradit,
1123 2719 1188 2768 nec
1212 2698 1311 2789 ignes
1337 2697 1551 2782 accendant,
1572 2700 1654 2789 qnia
1681 2696 1749 2768 hoc
1772 2719 1859 2770 aves

426 2819 494 2866 non
513 2796 665 2878 iaciunt;
686 2817 750 2865 nec
769 2808 892 2887 parent
911 2817 1022 2884 escas,
1042 2796 1123 2887 quia
1142 2796 1227 2865 tales
1248 2794 1369 2888 epulas
1383 2795 1448 2865 celi
1466 2794 1628 2865 volucres
1646 2817 1716 2866 non
1734 2798 1856 2889 requi-

425 2907 517 2964 runt.
540 2894 668 2963 Verum
698 2915 767 2963 non
795 2905 848 2965 est
874 2894 939 2964 hee
965 2895 1038 2965 vita
1064 2915 1170 2985 quam
1197 2892 1353 2963 Christus
1377 2893 1549 2982 institnit,
1572 2906 1627 2963 set
1652 2913 1757 2985 quam
1779 2916 1858 2987 per·

424 3013 605 3062 versorum
635 2990 817 3061 hominnm
849 2993 1010 3084 impietas
1041 3004 1076 3062 et
1104 2992 1240 3062 vanitas
1272 2987 1312 3087 [l0
1338 2988 1384 3060 82
1410 2987 1443 3088 a]
1478 2992 1674 3061 adinvenit.
1704 2991 1858 3064 Proinde

421 3091 521 3177 juxta
542 3089 734 3158 doctrinam
761 3092 1001 3181 evangelicam
1022 3091 1137 3160 victus
1157 3101 1262 3182 atque
1284 3090 1433 3160 vestitus
1454 3090 1726 3159 sollicitudinem
1748 3090 1798 3158 illi
1821 3093 1857 3160 in

423 3187 612 3256 crastinum
641 3208 709 3256 non
726 3189 935 3279 ¹extendunt
963 3188 1023 3280 qui
1052 3190 1149 3279 regni
1178 3188 1317 3259 celestis
1346 3186 1560 3257 desiderium
1588 3190 1723 3257 cunctis
1750 3188 1859 3260 rebus

425 3284 675 3376 temporalibus
694 3296 932 3378 anteponunt,
956 3287 1016 3377 qui
1042 3286 1240 3357 laborantes
1263 3307 1410 3379 corpore
1432 3296 1550 3356 mente
1569 3286 1775 3377 quiescunt,
1797 3287 1860 3378 qui

426 3386 458 3451 in
481 3405 584 3452 omne
603 3383 697 3474 qued
724 3394 834 3474 agunt
854 3405 924 3454 non
945 3384 989 3455 de
1017 3383 1145 3455 virtute
1168 3385 1307 3477 propria
1333 3396 1388 3453 set
1415 3382 1459 3454 de
1485 3384 1606 3455 divine
1634 3382 1860 3476 providentie

425 3480 649 3552 miseratione
672 3479 873 3568 confidunt,
904 3482 986 3575 qnia
1012 3483 1045 3551 in
1070 3503 1207 3552 cassum
1229 3482 1383 3552 humane
1408 3482 1656 3552 sollicitudinis
1685 3481 1787 3553 labor
1805 3494 1858 3551 at·

426 3580 570 3662 teritur,
598 3578 665 3647 nisi
692 3579 749 3649 ille
769 3582 829 3674 qui
861 3583 1011 3651 animam
1045 3603 1242 3673 corpusque
1271 3581 1405 3650 creavit
1431 3601 1554 3650 omnes
1586 3591 1722 3650 nostras
1750 3579 1860 3650 actio·

426 3700 488 3748 nes
507 3678 695 3769 aspirando
726 3679 929 3769 preveniat,
953 3678 1155 3769 adjuvando
1179 3681 1296 3749 foveat
1315 3691 1350 3748 et
1369 3678 1413 3747 ad
1442 3677 1545 3749 linem
1574 3700 1686 3769 nsque
1711 3678 1861 3749 feliciter

426 3776 610 3867 dirigendo
632 3776 812 3868 perducat.
832 3777 981 3848 Servant
996 3777 1103 3868 igitur
1119 3777 1226 3847 vitam
1246 3776 1371 3846 Christi
1391 3789 1426 3846 et
1444 3788 1604 3847 sanctum
1624 3776 1858 3868 Evangelium

425 3895 547 3944 omnes
570 3875 629 3966 qni
650 3874 694 3943 dc
720 3875 825 3946 corde
852 3896 960 3967 puro,
987 3875 1206 3946 consciencia
1225 3875 1317 3946 bona
1345 3884 1380 3945 et
1398 3874 1468 3945 fide
1494 3897 1565 3946 non
1594 3874 1672 3945 ficta
1701 3874 1859 3945 caritatis

423 3972 484 4042 Dei
503 3984 537 4042 ct
555 3972 703 4065 proximi
720 3972 863 4043 student
877 3973 1070 4064 adimplere
1086 3972 1310 4060 mandatum,
1327 3973 1422 4065 quod
1443 3973 1586 4066 qnidam
1608 3993 1762 4065 superne
1778 3971 1859 4041 dul·

424 4070 557 4139 cedin'is
578 4070 823 4142 benedictione
838 4072 1014 4163 preventi,
1032 4081 1070 4139 ut
1087 4070 1245 4156 liberius,
1258 4072 1394 4140 cautius
1410 4082 1516 4163 atque
1532 4072 1728 4141 ferventius
1744 4068 1857 4138 adim·

424 4167 520 4260 plere
538 4168 690 4251 valeant,
708 4168 927 4252 obediencie,
946 4168 1127 4254 castitatis,
1142 4168 1358 4261 paupertatis
1369 4169 1570 4240 voluntarie
1585 4167 1856 4240 honorabilibus

424 4266 573 4336 vinculis
599 4288 637 4336 se
663 4278 788 4359 sponte
813 4265 996 4337 cohartant
1025 4266 1268 4360 preceptisque
1295 4266 1486 4338 Dominicis
1515 4266 1763 4337 communibus
1793 4286 1857 4335 su-

424 4365 706 4455 pererogationes
731 4364 956 4435 consiliorum
981 4375 1195 4456 spontaneas
1218 4365 1478 4457 superaddunt,
1499 4377 1537 4434 ut
1553 4363 1726 4457 presentis
1742 4365 1859 4455 gratie

422 4463 622 4554 centuplum
648 4462 820 4555 accipiant
847 4474 881 4532 et
905 4463 1012 4532 vitam
1034 4472 1189 4531 eternam
1211 4461 1302 4532 felici
1326 4464 1532 4534 commerito
1553 4463 1701 4533 feliciter
1728 4481 1858 4552 appre-

422 4559 578 4629 hendant
601 4585 608 4628 :
629 4560 723 4651 qnod
751 4561 875 4631 beatus
900 4559 1102 4629 franciscus
1130 4559 1322 4651 prudenter
1341 4560 1552 4646 attendens,
1574 4559 1735 4651 regulam
1754 4579 1858 4628 suam

422 4678 642 4750 nequaquam
660 4656 889 4749 Evangelium
909 4657 1011 4744 dixit,
1030 4669 1084 4728 sct
1103 4667 1140 4727 nt
1155 4668 1312 4728 sanctum
1331 4657 1563 4749 Evangelium
1586 4653 1627 4753 [1⁰
1644 4655 1690 4728 82
1706 4652 1745 4753 b]
1767 4656 1858 4725 emi·

423 4760 562 4826 nentius
582 4777 601 4825 a
621 4756 694 4826 suis
714 4756 948 4827 imitatoribus
962 4766 997 4825 et
1013 4756 1132 4847 regule
1155 4756 1414 4848 professoribus
1434 4767 1658 4842 servaretur,
1679 4756 1858 4848 preceptis

422 4854 635 4944 evangelicis
656 4853 720 4923 tria
741 4864 823 4924 vota
841 4854 1003 4947 superius
1022 4873 1189 4945 expressa
1209 4854 1414 4947 conjunxit,
1440 4865 1475 4924 et
1498 4854 1557 4924 illa
1575 4851 1801 4947 presentibus
1822 4862 1860 4921 et

423 4952 546 5021 futuris
566 4951 753 5038 fratribus,
780 4952 847 5022 suh
874 4951 978 5021 certis
1003 4946 1295 5036 modificationis,
1317 4951 1621 5023 determinationis
1649 4972 1711 5021 seu
1738 4947 1855 5041 speci·

424 5045 594 5118 ficationis
614 5047 796 5137 limitibus,
817 5048 991 5121 servanda
1013 5048 1206 5119 mandavit.
1221 5050 1320 5134 ltem,
1333 5050 1456 5140 prefati
1475 5048 1649 5121 temerarii
1663 5056 1857 5118 sectatores

1200 5814 1420 5992 Α
1479 6007 1483 6017 ,
