4612 6404
1019 670 1147 736 eurum
1171 671 1268 724 vans.
1796 657 1868 727 297

432 840 467 901 et
484 828 602 922 quoad
629 831 732 898 ritum
761 828 910 898 vivendi
929 828 1088 919 ejusdem
1108 829 1321 920 singularem
1347 850 1366 899 a
1390 832 1568 900 communi
1594 834 1863 907 conversatione

432 937 467 999 et
492 928 565 996 vita
594 924 750 997 fidelium
779 925 1033 1010 dissidentem,
1065 936 1100 996 et
1125 926 1243 1019 quoad
1265 930 1383 998 omnia
1412 940 1447 998 et
1470 929 1609 1020 singula
1635 931 1671 999 in
1696 931 1865 1023 quibusa

432 1045 516 1096 sana
536 1024 696 1095 doctrina
717 1034 788 1093 eta
810 1034 983 1118 potestate
1002 1024 1153 1094 clavium
1180 1024 1334 1095 Ecclesie
1354 1037 1389 1095 et
1408 1026 1620 1119 prelatorum
1642 1030 1719 1119 ejus
1740 1029 1775 1098 in
1802 1030 1864 1099 ali·

432 1144 502 1215 quo
521 1121 643 1192 deviat
662 1133 723 1191 aut
741 1121 931 1193 discordat.
954 1123 1038 1191 ltem
1054 1176 1062 1208 ,
1080 1122 1187 1192 corde
1203 1122 1310 1193 credo
1331 1133 1364 1192 et
1384 1145 1445 1194 ore
1466 1125 1638 1196 confiteor
1656 1147 1734 1195 esse
1760 1148 1864 1196 unam

432 1231 586 1292 sanctam
611 1219 818 1289 catholicam
840 1220 1043 1305 Ecclesiam,
1065 1221 1120 1290 cui
1139 1220 1174 1289 in
1195 1221 1346 1311 presenti
1369 1220 1523 1312 presidet
1541 1224 1782 1293 sanctissimus
1803 1245 1865 1316 pa-

433 1331 485 1388 ter
499 1317 665 1389 dominus
679 1317 721 1388 N.
740 1339 828 1410 papa
844 1318 936 1399 talis,
953 1333 1053 1388 extra
1071 1319 1172 1409 cujus
1191 1317 1344 1388 Ecclesia
1362 1317 1465 1388 fidem
1483 1331 1517 1388 et
1533 1320 1770 1408 obedientiam
1789 1344 1859 1393 non

433 1428 486 1487 est
505 1416 615 1486 salus.
638 1416 746 1501 Item,
769 1437 900 1486 revoco
926 1427 961 1485 et
983 1416 1108 1505 abjuro
1127 1416 1244 1487 omnia
1271 1416 1329 1485 illa
1352 1428 1386 1486 et
1406 1416 1545 1507 singula
1567 1439 1637 1508 que
1657 1418 1731 1488 dixi
1755 1430 1791 1489 et
1810 1440 1868 1490 as·

433 1514 525 1584 serui
555 1514 690 1583 dudum
720 1514 755 1582 in
777 1514 908 1603 juditio
929 1514 963 1581 in
992 1514 1120 1604 quibus
1151 1514 1279 1604 aliquis
1306 1535 1425 1598 error,
1447 1526 1508 1583 aut
1533 1515 1616 1584 lalsa
1643 1516 1784 1608 opinio,
1806 1529 1868 1587 ant

434 1611 591 1682 doctrina
616 1632 763 1682 erronea
791 1632 870 1681 esse
897 1611 1113 1696 dinoscitur,
1139 1621 1200 1681 aut
1225 1611 1503 1702 deprehenditur
1521 1634 1663 1704 quoquo
1684 1615 1810 1701 mode,
1832 1624 1868 1685 et

433 1710 632 1802 specialiter
647 1720 683 1778 et
702 1730 870 1800 expresse
890 1730 1019 1779 revoco
1039 1720 1075 1779 et
1093 1710 1218 1799 abjuro
1239 1708 1274 1778 id
1294 1710 1389 1800 quod
1410 1709 1568 1779 dixeram
1591 1732 1647 1781 me
1668 1712 1813 1782 credere
1832 1722 1868 1783 et

437 1818 555 1878 tenere
579 1807 710 1876 dictum
738 1807 898 1876 ordinem
923 1806 1416 1900 Pseudo-apostolorumesse
1442 1806 1593 1896 bonum,
1615 1819 1651 1879 et
1676 1804 1717 1904 [p
1739 1808 1806 1877 t57
1826 1805 1864 1906 d]

435 1904 528 1995 qnod
549 1905 598 1973 illi
617 1906 676 1995 qni
700 1916 818 1974 tenent
844 1904 974 1973 dictum
995 1905 1177 1992 ordinem,
1195 1926 1299 1997 quem
1320 1906 1417 1998 prius
1436 1906 1641 1976 audiveram
1669 1928 1738 1977 non
1760 1906 1867 1977 luisse

436 2023 497 2094 per
520 2002 640 2072 sedem
662 2003 889 2094 apostolicam
912 2003 1144 2094 aprobatum,
1169 2025 1287 2096 ymmo
1308 2006 1429 2095 pocius
1453 2005 1702 2095 reprobatum,
1724 2014 1868 2098 possent

434 2100 563 2170 salvari
592 2102 745 2171 tenendo
767 2101 894 2191 ipsum.
918 2100 1024 2184 ltem,
1047 2102 1083 2169 id
1111 2102 1205 2192 quod
1232 2102 1390 2171 dixeram
1418 2123 1474 2171 me
1499 2102 1643 2171 credere
1664 2103 1866 2196 quodpapa
1925 2110 1928 2115 ’

395 2220 399 2228 ·
436 2218 600 2268 romanus
625 2209 660 2268 ct
684 2198 809 2290 prelati
836 2197 990 2268 Ecclesie
1019 2211 1054 2269 et
1086 2200 1240 2290 religiosi
1268 2210 1302 2268 et
1331 2200 1555 2290 inquisitores
1575 2200 1767 2291 peccabant
1789 2222 1865 2292 per·

435 2296 616 2387 sequendo
636 2295 767 2365 dictum
788 2296 949 2366 ordinem
967 2308 1002 2364 et
1019 2297 1266 2367 observatores
1288 2298 1460 2386 ejusdem.
1481 2298 1584 2382 ltem,
1605 2299 1639 2366 id
1659 2299 1754 2390 quod
1770 2298 1868 2368 dixe·

435 2413 506 2462 ram
528 2415 584 2463 me
604 2395 749 2464 credere
776 2395 869 2484 quod
891 2394 1065 2463 sententia
1090 2392 1464 2464 excommunicationis
1485 2394 1551 2464 lata
1581 2417 1643 2489 per
1662 2417 1786 2489 papam
1808 2406 1869 2464 aut

435 2512 496 2583 per
510 2492 737 2582 apostolicam
754 2492 874 2561 sedem
892 2491 949 2560 vel
970 2494 1178 2561 auctoritate
1195 2493 1272 2582 ejus
1287 2503 1348 2561 aut
1364 2513 1426 2583 per
1445 2493 1596 2585 prelatos
1617 2493 1770 2562 Ecclesia
1785 2514 1866 2563 con·

435 2597 485 2657 tra
503 2589 735 2659 observantes
752 2589 883 2658 dictum
899 2589 1060 2660 ordinem
1077 2612 1148 2661 uon
1169 2590 1300 2681 ligabat
1315 2610 1390 2659 eos.
1411 2590 1510 2672 ltem,
1534 2591 1568 2660 id
1590 2591 1684 2682 quod
1705 2591 1865 2660 dixeram

434 2688 528 2776 qnod
551 2709 619 2756 non
641 2687 846 2779 reputabam
868 2708 924 2757 me
944 2708 1022 2758 esse
1044 2688 1387 2758 excommunicatum
1414 2688 1566 2758 tenendo
1587 2689 1714 2761 dictam
1735 2698 1867 2759 sectam

434 2793 468 2854 et
486 2784 617 2854 dictum
639 2786 822 2870 ordinem,
843 2786 1007 2876 quamvis
1026 2785 1243 2856 audivissem
1264 2785 1331 2854 dici
1354 2796 1389 2855 et
1407 2785 1585 2855 crederem
1607 2786 1652 2855 ita
1673 2787 1866 2877 essequod

434 2902 556 2952 omnes
582 2895 741 2953 tenentes
768 2882 899 2952 dictum
929 2883 1088 2953 ordinem
1118 2895 1218 2954 erant
1248 2904 1309 2974 per
1336 2883 1525 2952 Ecclesiam
1556 2884 1865 2957 excommunicati.

434 2979 532 3067 ltem,
552 2981 588 3050 id
606 2982 701 3072 quod
723 2981 882 3051 dixeram
899 2982 993 3072 quod
1014 2981 1157 3073 quando
1178 2992 1365 3073 paupertas
1386 2982 1451 3050 luit
1469 2992 1600 3050 mutata
1617 2994 1652 3051 et
1668 2983 1805 3052 sublata
1823 2983 1868 3054 ab
1951 3006 1954 3011 ·

433 3076 586 3147 Ecclesia
606 3090 774 3171 tempore
794 3081 905 3149 sancti
931 3078 1111 3161 Silvestri,
1134 3088 1215 3148 tnnc
1240 3081 1408 3149 sanctitas
1432 3079 1506 3149 vite
1533 3079 1598 3148 luit
1622 3080 1799 3150 subtracta
1824 3080 1869 3150 ab

433 3172 588 3246 Ecclesia
611 3187 646 3245 et
665 3177 838 3270 dyabolus
859 3177 1002 3245 intravit
1022 3177 1056 3245 in
1082 3179 1197 3247 socios
1217 3177 1328 3247 sancti
1349 3176 1506 3248 Silvestri
1528 3187 1562 3246 et
1580 3188 1700 3270 postea
1722 3177 1755 3245 in
1778 3176 1871 3248 hunc

433 3273 618 3345 mundum.
648 3275 755 3355 ltem,
786 3275 820 3343 id
846 3274 940 3366 quod
969 3273 1127 3344 dixeram
1153 3286 1189 3344 et
1215 3274 1434 3344 credideram
1460 3274 1554 3366 quod
1586 3297 1673 3368 papa
1703 3295 1870 3346 romanus

433 3381 494 3439 ant
514 3372 638 3464 prelati
663 3373 817 3442 Ecclesie
842 3393 910 3442 non
937 3383 1083 3463 possunt
1097 3373 1193 3462 juste
1212 3371 1399 3466 prohibere
1419 3394 1481 3465 per
1500 3374 1708 3442 senteutiam
1730 3394 1871 3443 exeom-

433 3470 681 3540 municationis
705 3471 800 3561 quod
829 3471 921 3540 ullus
943 3480 1077 3540 teneret
1096 3481 1156 3540 aut
1175 3481 1335 3540 servaret
1354 3470 1486 3539 dictum
1511 3470 1694 3557 ordinem,
1717 3479 1752 3539 et
1773 3469 1870 3562 quod

433 3566 494 3636 tali
514 3567 741 3661 prohibitioni
762 3581 823 3638 aut
842 3569 1017 3639 sententie
1038 3591 1107 3640 non
1131 3579 1185 3639 est
1205 3566 1458 3640 obediendum.
1481 3568 1586 3654 ltem,
1608 3588 1735 3639 revoco
1755 3578 1790 3637 et
1806 3567 1869 3637 ab·

430 3664 510 3755 juro
530 3665 566 3735 id
585 3666 678 3756 quod
696 3665 854 3736 dixeram
876 3666 970 3759 quod
991 3667 1123 3759 duplex
1141 3679 1195 3737 est
1214 3666 1375 3752 ecclesia,
1398 3666 1564 3735 videlicet
1574 3665 1778 3759 spiritualis,
1799 3685 1870 3756 que

434 3764 540 3834 estin
561 3763 765 3834 hominibus
784 3766 843 3855 qui
865 3767 990 3833 vivunt
1011 3764 1044 3832 in
1067 3777 1273 3857 paupertate
1293 3765 1445 3855 perlecta
1465 3776 1500 3834 et
1520 3764 1553 3832 in
1574 3763 1775 3836 obedientia
1794 3762 1867 3855 spi·

434 3860 550 3930 rituali
570 3861 614 3930 ad
636 3862 745 3931 Deum
765 3863 878 3932 solum
901 3874 935 3931 et
956 3883 1024 3932 non
1045 3863 1090 3937 ad
1111 3863 1264 3954 aliquem
1285 3860 1486 3948 bominem3
1507 3873 1542 3931 ct
1558 3855 1737 3958 carual[is]
1758 3861 1868 3931 ecclc·

434 3961 507 4045 sia,
536 3981 606 4051 que
629 3969 682 4030 est
699 3960 848 4029 'illorum
874 3961 932 4051 qui
955 3961 1142 4030 carnaliter
1168 3971 1203 4029 ot
1223 3963 1257 4028 iu
1284 3959 1420 4030 deliciis
1440 3962 1590 4044 vivunt,
1613 3960 1777 4051 quamvis
1800 3958 1868 4028 sub

434 4057 635 4127 obedientia
659 4057 812 4128 hominis
836 4058 1006 4148 alicujus;
1033 4071 1068 4128 et
1091 4057 1261 4129 confiteor
1285 4079 1390 4127 unam
1415 4068 1548 4127 tantum
1575 4078 1654 4127 esse
1675 4055 1865 4125 Ecclesiam

434 4154 639 4225 catholicam
659 4152 700 4252 [l0
719 4155 787 4224 l58
806 4152 856 4253 aj,
880 4156 914 4224 in
935 4177 1002 4246 qua
1023 4167 1106 4225 suut
1125 4169 1159 4226 et
1178 4156 1306 4226 boniet
1327 4155 1421 4225 mali.
1445 4156 1544 4239 ltcm,
1563 4176 1692 4225 revoco
1711 4154 1746 4224 id
1767 4152 1864 4245 quod

435 4250 1864 4346 dixeramdeecclesiacarnali,quodipsaeratquamlohannesiuApocalipsivo·

434 4362 489 4420 cat
516 4351 717 4422 babilonem
745 4351 962 4420 meretricem
992 4372 1174 4442 magnam,
1198 4352 1301 4435 item,
1324 4351 1471 4422 bestiam
1499 4351 1687 4442 illamque
1712 4348 1864 4418 habebat

434 4459 567 4542 septem
588 4450 701 4541 capita
720 4461 755 4519 et
774 4450 895 4519 decem
912 4470 1064 4534 cornua;
1089 4450 1186 4537 item,
1210 4449 1391 4520 mulierem
1413 4450 1594 4541 illamque
1614 4448 1766 4517 habebat
1785 4447 1864 4515 cali·

434 4565 510 4616 nem
525 4567 670 4618 aureum
692 4549 727 4616 in
750 4569 855 4616 manu
874 4567 938 4617 sua
958 4559 993 4616 et
1013 4547 1153 4639 plenum
1175 4547 1522 4618 abhominationibus
1542 4547 1676 4638 dequo
1697 4543 1866 4637 potabant

434 4663 556 4715 omnes
579 4656 714 4735 gentes.
742 4646 782 4714 Et
804 4644 974 4716 confiteor
992 4657 1147 4715 sanctam
1167 4644 1357 4715 Ecclesiam
1376 4646 1567 4715 Romanam
1594 4664 1672 4714 esse
1698 4643 1792 4711 illam
1820 4641 1867 4711 de

434 4761 502 4831 qua
521 4745 643 4813 scribit
661 4757 804 4813 sanctus
830 4743 957 4813 Paulus
981 4743 1186 4834 apostolus:
1209 4742 1386 4834 Despondi
1407 4743 1500 4811 euim
1522 4762 1585 4811 vos
1612 4742 1670 4809 uni
1693 4742 1770 4810 viro
1789 4739 1865 4808 vir-

434 4841 550 4928 ginem
575 4853 705 4911 castam
726 4842 872 4911 exibere
889 4839 1025 4911 Christo
1042 4834 1083 4934 [ll
1101 4839 1205 4926 Com,
1226 4840 1293 4927 Xl,
1315 4835 1368 4937 xj.
1388 4840 1494 4924 ltem,
1515 4839 1640 4927 abjuro
1659 4836 1864 4930 opinionem

435 4955 617 5009 erroneam
635 4938 1104 5031 quamaliquandohabuiet
1123 4940 1219 5007 tenui
1236 4936 1520 5028 credendoquod
1537 4937 1658 5026 jurare
1677 4937 1713 5004 in
1730 4934 1864 5029 juditio

434 5039 539 5106 ctiam
560 5058 623 5130 pro
640 5037 790 5107 veritate
809 5036 959 5107 dicenda
978 5045 1053 5105 erat
1069 5045 1248 5128 peccatum
1270 5045 1305 5104 et
1324 5035 1499 5119 illicitum,
1521 5045 1556 5105 et
1575 5033 1754 5105 credendo
1768 5032 1864 5123 quod

1672 5156 1709 5220 38
