4574 6404
1020 665 1139 718 rnurra
1167 665 1262 717 rans.
1788 656 1855 722 155

423 823 492 895 mel
512 823 580 895 rite
599 823 634 892 in
655 822 767 893 lorma
787 822 940 893 Ecclesie
959 823 1172 915 baptizatum
1192 825 1238 894 sit
1258 825 1385 894 lactum
1404 824 1592 897 hereticale
1612 837 1646 897 et
1665 831 1778 919 sapiat
1793 829 1852 899 he-

424 921 530 993 resim
551 921 752 1004 manifeste3
774 931 1031 990 sacramentum
1052 921 1146 991 enim
1164 921 1384 1014 baptismatis
1402 923 1545 993 unicum
1568 935 1622 995 est
1645 925 1679 994 in
1700 925 1855 997 Ecclesia

424 1018 595 1090 calholica
616 1028 651 1088 et
670 1015 796 1088 efficax
819 1017 862 1087 ad
884 1018 996 1088 tocius
1015 1018 1118 1112 culpe
1137 1017 1350 1090 deletionem
1372 1032 1407 1090 et
1426 1019 1547 1091 divine
1574 1023 1686 1112 gratie
1705 1023 1854 1094 inlusio-

424 1137 503 1187 nem
524 1127 560 1187 et
586 1115 853 1207 impressionem
881 1116 1067 1185 caracteris
1095 1119 1130 1184 in
1159 1117 1275 1185 anima
1302 1117 1469 1211 baptizati
1494 1117 1538 1187 ad
1567 1121 1853 1212 consequendam

423 1212 534 1283 vitam
555 1223 727 1298 eternam,
747 1213 791 1283 ad
812 1212 907 1303 quod
924 1213 1088 1283 ellectum
1107 1225 1143 1283 et
1159 1214 1204 1283 ad
1221 1213 1352 1283 nullum
1369 1216 1476 1285 alium
1494 1236 1513 1285 a
1529 1216 1601 1293 Deo
1617 1237 1695 1287 esse
1714 1218 1854 1287 institu-

424 1319 496 1380 tum
519 1320 615 1382 tenet
632 1321 668 1380 et
686 1310 798 1381 credit
816 1308 964 1381 firmiter
984 1320 1020 1381 et
1039 1311 1197 1404 predicat
1217 1322 1310 1381 recta
1331 1310 1433 1395 fides,
1455 1312 1556 1403 cujus
1575 1314 1788 1384 contrarium
1810 1315 1855 1385 de

424 1418 647 1479 sacramento
672 1408 836 1499 baptismi
857 1407 1003 1479 credere
1032 1419 1068 1479 et
1086 1408 1218 1479 sentire
1237 1408 1380 1479 videtur
1399 1430 1503 1500 quam
1524 1410 1683 1503 pluribus
1703 1432 1781 1482 esse
1798 1434 1855 1483 er·
1885 1460 1887 1464 -

424 1524 571 1576 roneum
591 1517 626 1576 et
646 1503 780 1575 heresis
810 1518 871 1575 aut
890 1507 1031 1597 sapiens
1051 1506 1202 1577 heresim
1228 1506 1437 1595 manifeste,
1457 1509 1571 1599 etqui
1593 1508 1706 1579 taliter
1726 1509 1854 1602 rebap-

424 1604 506 1672 lizat
527 1602 668 1673 videtur
687 1602 955 1696 quampluribus
975 1625 1092 1674 errare
1112 1603 1146 1672 in
1168 1615 1387 1674 sacramento
1406 1604 1592 1697 baptismi,
1609 1617 1779 1698 qnantum
1800 1616 1854 1677 est

424 1720 469 1771 ex
498 1711 623 1770 natura
649 1700 729 1769 lacti
757 1712 791 1769 et
815 1700 921 1771 modo
948 1711 984 1770 et
1009 1705 1079 1772 ritu
1105 1701 1279 1789 iaciendi3
1308 1723 1445 1794 suoque
1471 1703 1562 1774 lacto
1596 1704 1785 1796 dampnato
1813 1724 1853 1774 ac

425 1792 466 1893 ll>
494 1795 540 1865 86
560 1793 594 1894 a]
623 1800 817 1891 pernitioso
844 1797 1009 1890 exemplo
1037 1799 1163 1893 prebet
1193 1798 1271 1869 aliis
1296 1802 1516 1870 occasionem
1537 1800 1701 1886 errandi,
1724 1810 1759 1871 et
1777 1822 1854 1871 cre·

424 1893 554 1989 dendi,
574 1906 609 1964 et
627 1894 801 1965 sentiendi
822 1894 924 1965 aliter
943 1896 988 1965 dc
1007 1906 1229 1967 sacramento
1248 1897 1415 1989 baptismi
1435 1919 1540 1990 quam
1561 1898 1771 1969 universalis
1790 1898 1853 1967 Ec·

423 1991 530 2063 olesia
549 2002 658 2078 tenet,
678 1992 804 2077 credit,
826 2005 862 2063 et
881 1994 1051 2085 predicat,
1072 2005 1108 2065 et
1127 1993 1233 2064 tradit
1253 1995 1418 2065 omnibus
1436 1995 1617 2066 catholicis
1636 1999 1688 2065 sic
1705 1996 1853 2066 creden-

424 2088 526 2177 dum3
545 2110 591 2161 ex
615 2090 771 2183 predicta
792 2112 934 2183 quoque
955 2092 1229 2185 rebaptizatione
1245 2091 1469 2162 hominumn
1502 2102 1551 2163 tot
1578 2093 1679 2163 annis
1705 2093 1791 2162 citra
1816 2097 1852 2163 in

424 2184 491 2256 illis
506 2187 664 2279 partibus
680 2187 869 2259 observata
887 2188 973 2258 ritus
990 2188 1200 2259 execrabilis
1212 2189 1360 2260 inolevit
1379 2201 1417 2259 ut
1436 2190 1576 2284 publice
1596 2190 1853 2282 rebaptizaren-

425 2293 480 2353 tnr
496 2283 660 2354 homines
680 2295 715 2354 ct
735 2286 900 2355 mulieres
919 2285 1035 2356 taliter
1054 2286 1244 2379 pacientes,
1266 2285 1425 2379 fidesque
1439 2287 1667 2358 adhiberetur
1681 2288 1725 2358 ab
1739 2288 1852 2359 homi·

423 2381 528 2452 nibus
547 2382 642 2473 quod
666 2383 798 2453 virtute
818 2383 965 2453 secundi
990 2383 1211 2476 baptismatis
1236 2384 1315 2454 talis
1341 2385 1472 2454 sanitas
1501 2386 1740 2472 conterretur,
1771 2407 1853 2456 cum

423 2499 547 2549 revera
567 2479 636 2549 tale
655 2500 743 2572 opus
765 2480 825 2550 liat
845 2492 1060 2574 cooperante
1079 2481 1250 2574 dyabol03
1279 2481 1393 2552 virtus
1420 2481 1515 2552 enim
1534 2483 1744 2553 sacramenti
1763 2483 1851 2577 bap·
1956 2542 1959 2547 .

424 2574 517 2646 tismi
537 2577 689 2646 animam
707 2579 855 2649 interius
874 2592 1000 2662 sanat,
1023 2590 1058 2648 et
1077 2578 1225 2648 abluite
1246 2589 1389 2671 peccato
1409 2588 1443 2649 et
1464 2600 1532 2650 non
1553 2601 1703 2672 corpus3
1726 2579 1783 2652 hic
1799 2592 1851 2653 est

424 2671 542 2764 itaque
557 2674 645 2745 ritus
659 2686 693 2744 ct
711 2696 810 2746 error
826 2679 967 2768 sapiens
986 2676 1137 2746 heresim
1161 2676 1345 2747 manifeste
1361 2698 1381 2746 a
1399 2676 1599 2748 christianis
1612 2675 1755 2762 finibus,
1777 2699 1854 2771 pre·

423 2773 540 2841 sertim
570 2771 605 2840 in
629 2784 735 2863 gente
768 2776 870 2844 vanis
900 2773 1209 2866 superstitionibus
1236 2784 1272 2844 et
1297 2774 1447 2866 propriis
1466 2774 1778 2846 adinventionibus
1806 2777 1851 2846 ab

423 2866 503 2939 olim
522 2869 658 2963 dedita,
676 2869 814 2962 longius
831 2871 1076 2964 expellendus.
1094 2870 1240 2959 ldcirco,
1260 2892 1323 2942 nos
1344 2873 1499 2964 prelatus
1514 2873 1700 2965 episcopus
1720 2873 1853 2964 predic·

424 2973 493 3035 tum
516 2966 619 3037 talem
636 2966 677 3037 N.
700 2969 756 3038 vel
777 2968 1008 3061 presbiterum
1031 2990 1124 3038 nunc
1143 2969 1275 3039 saniori
1293 2980 1449 3039 utentem
1469 2970 1615 3041 consilio
1635 2970 1852 3063 penitentem

424 3072 457 3132 et
473 3063 590 3134 redire
609 3063 800 3151 volentem,
824 3077 926 3158 prout
943 3066 1081 3151 asserit,
1099 3065 1142 3135 ad
1162 3064 1316 3137 Ecclesie
1337 3069 1520 3153 unitatem,
1533 3068 1694 3158 abjurato
1710 3071 1850 3159 penitus

423 3180 484 3252 per
503 3161 655 3232 eundem
669 3162 704 3230 in
714 3163 844 3253 juditio
863 3184 981 3234 coram
999 3163 1101 3234 nobis
1122 3163 1409 3256 rebaptizationis
1425 3163 1493 3234 ritu
1514 3166 1644 3257 pariter
1663 3177 1697 3235 et
1716 3186 1850 3254 errore,

331 3321 334 3326 .
423 3277 558 3330 necnon
585 3261 681 3330 omni
708 3260 776 3330 alia
802 3261 919 3331 heresi
943 3262 1197 3352 cujuscumque
1228 3272 1323 3331 secte
1350 3262 1557 3354 dampnate,
1590 3265 1851 3355 promittentem

424 3355 566 3449 insuper
591 3367 626 3426 et
649 3357 825 3447 jurantem
854 3358 899 3428 ad
919 3369 1039 3428 sancta
1066 3358 1130 3429 Dei
1155 3357 1347 3450 Evangelia
1373 3359 1546 3429 mandatis
1572 3363 1700 3431 nostris
1729 3375 1764 3430 et
1789 3360 1850 3430 Ec·
1885 3447 1886 3452 ἵ

424 3451 527 3524 cleeie
544 3453 750 3546 simpliciter
769 3456 941 3539 obedire,
963 3454 1180 3527 absolvimus
1200 3456 1236 3525 in
1261 3457 1371 3527 lorma
1400 3456 1518 3526 debita
1536 3457 1691 3528 Ecclesie
1718 3478 1738 3527 a
1766 3479 1848 3527 sen·

425 3551 530 3621 tentia
549 3556 924 3624 excommunicationis
953 3553 1164 3643 generaliter
1194 3548 1234 3649 [p
1257 3553 1303 3621 85
1330 3549 1366 3650 b]
1396 3553 1615 3646 promulgata
1634 3564 1755 3625 contra
1775 3575 1849 3625 sor·

425 3647 568 3742 tilegos,
605 3650 873 3742 supersticiosos
921 3662 956 3721 et
1000 3650 1257 3743 rebaptizantes
1296 3650 1524 3741 hujusmodi,
1566 3663 1601 3722 et
1640 3653 1850 3723 sacramenti
1912 3695 1923 3711 ·

423 3743 641 3839 baptismatis
663 3768 731 3817 non
751 3759 819 3817 tam
841 3748 1010 3819 abusores
1026 3769 1131 3839 quam
1153 3748 1258 3818 etiam
1281 3769 1521 3841 perversores,
1540 3751 1644 3819 ritum
1659 3771 1790 3821 novum
1809 3769 1850 3818 ac

423 3844 701 3937 superstitiosum
722 3845 916 3937 sapientem
937 3845 1089 3916 heresim
1113 3849 1148 3915 in
1168 3845 1229 3915 Dei
1249 3845 1402 3915 Ecclesia
1423 3844 1652 3933 inducentes,
1679 3847 1708 3916 si
1731 3857 1849 3916 tamen

424 3937 466 4012 de
484 3941 592 4012 corde
605 3942 699 4012 bono
720 3954 754 4012 ct
774 3941 843 4013 lide
864 3963 933 4014 non
954 3941 1031 4012 ficta
1049 3942 1093 4012 ad
1114 3943 1267 4013 Ecclesia
1289 3943 1433 4013 redierit
1450 3946 1619 4014 unitatem
1638 3954 1673 4014 et
1692 3944 1849 4035 injuncta

423 4036 487 4108 sibi
507 4038 672 4109 mandata
692 4043 901 4110 servaverit.
923 4040 964 4109 Et
983 4043 1065 4132 qnia
1087 4039 1121 4109 iu
1139 4040 1248 4111 Deum
1271 4052 1304 4111 et
1319 4051 1475 4110 sanctam
1492 4051 1638 4111 matrem
1658 4040 1848 4111 Ecclesiam

424 4144 456 4205 et
473 4147 594 4206 contra
620 4133 724 4206 fidem
747 4137 952 4207 catholicam
986 4149 1054 4206 tam
1082 4138 1239 4229 graviter
1267 4136 1417 4229 deliquit
1436 4141 1470 4207 in
1491 4137 1681 4230 dampnato
1699 4138 1849 4209 crimine

423 4232 662 4326 rebaptizandi
682 4234 841 4305 homines
861 4236 1080 4327 baptizatos,
1099 4236 1308 4327 sicutsupra
1325 4236 1507 4306 recitatum
1528 4247 1582 4306 est
1600 4247 1636 4306 et
1654 4236 1722 4307 sibi
1740 4257 1848 4328 expo·

294 4352 297 4357 ⁴
423 4329 541 4421 situm,
561 4351 620 4417 ne,
642 4330 733 4402 sicut
755 4354 818 4403 nec
837 4333 940 4402 decet
960 4353 1024 4402 nec
1042 4332 1202 4425 expedit,
1229 4333 1322 4402 idem
1343 4336 1475 4403 crimen
1495 4343 1676 4403 remaneat
1694 4333 1849 4425 impuni-

424 4435 507 4516 tum,
525 4429 571 4499 de
589 4428 761 4499 bonorum
781 4429 935 4500 virorum
958 4441 1027 4498 tarn
1046 4430 1289 4520 religiosorum
1306 4451 1411 4521 quam
1429 4430 1639 4500 secularium
1654 4434 1847 4523 peritorum

424 4525 456 4593 in
476 4535 626 4619 utroque
640 4531 721 4617 jure
744 4522 933 4622 [consilio],
957 4548 1042 4612 nos,
1070 4525 1196 4596 Christi
1225 4530 1367 4596 nomine
1395 4531 1583 4615 invocato,
1613 4540 1698 4611 etc,
1728 4538 1765 4598 ut
1788 4549 1848 4598 su·

423 4641 501 4713 pra,
523 4623 562 4693 in
578 4622 702 4716 forma
719 4625 865 4694 alteriue
880 4624 1044 4695 sententie
1055 4623 1276 4717 precedentis
1294 4645 1403 4717 osque
1426 4623 1478 4693 ihi
1502 4649 1513 4691 :
1539 4637 1742 4718 perpetuam
1767 4636 1848 4715 agat

423 4720 647 4811 penitentiam
669 4721 714 4792 de
732 4723 950 4810 commissis3
971 4729 1003 4792 et
1019 4720 1179 4793 addatur·
1196 4721 1245 4791 sic
1267 4747 1278 4790 :
1301 4732 1487 4814 portetque
1506 4733 1676 4816 perpetuo
1694 4723 1729 4791 in
1749 4726 1847 4792 omni

423 4827 518 4888 veste
537 4838 602 4887 sua
620 4819 794 4911 superiori
812 4820 989 4890 urceolum
1010 4841 1073 4891 seu
1089 4819 1260 4891 citrellum
1282 4840 1391 4888 unum
1412 4819 1456 4889 de
1475 4817 1568 4891 filtro
1586 4823 1701 4891 crocei
1719 4820 1847 4890 coloris

423 4924 500 4986 ante
519 4924 642 5007 pectus
661 4917 918 5009 dependentem
938 4928 972 4988 et
991 4918 1096 4987 alium
1114 4928 1207 4989 retro
1223 4919 1315 4988 inter
1330 4916 1508 5010 spatulas,
1525 4920 1602 4989 sinc
1621 4918 1750 5010 quibus
1765 4938 1846 5010 pro-

424 5011 634 5083 minentibus
649 5015 739 5084 intra
759 5015 814 5085 vel
832 5026 931 5085 extra
952 5036 1127 5086 carcerem
1152 5016 1318 5107 deinceps
1338 5036 1409 5087 nnn
1429 5015 1568 5086 incedat
1587 5019 1622 5084 in
1643 5015 1846 5086 detestatio·
1907 5026 1912 5035 “
