4612 6404
768 603 895 671 eurum
921 604 1019 657 runs.

305 893 338 956 6.
364 893 494 956 Modus
517 891 703 956 scribendi
725 891 993 970 abjurationem
1015 907 1079 970 per
1100 890 1286 954 notarium
1309 890 1396 953 talis
1415 898 1482 954 est.

227 1138 269 1207 Et
279 1137 409 1207 ibidem
432 1135 608 1229 predictus
626 1135 703 1205 talis
716 1136 758 1205 N.
780 1136 815 1204 io
826 1136 956 1226 juditio
970 1136 1180 1206 constitutus
1199 1156 1315 1205 coram
1337 1135 1471 1227 prelato
1490 1135 1609 1228 inqui·

179 1237 287 1307 sitore
306 1235 362 1304 vel
385 1233 443 1303 tali
473 1236 652 1326 episcopo,
674 1235 905 1304 saerosanctis
923 1233 1123 1325 Evangeliis
1138 1233 1201 1304 Dei
1219 1232 1341 1326 positis
1367 1253 1483 1303 coram
1510 1233 1606 1327 ipso,

179 1332 282 1404 hexis
301 1332 474 1423 genibus,
496 1331 674 1421 abjuravit
694 1333 832 1423 penitus
851 1353 990 1402 omnem
1008 1331 1158 1401 heresim
1177 1331 1405 1401 extollentem
1427 1354 1466 1402 se
1485 1332 1611 1402 adver-

179 1453 240 1502 sus
260 1430 365 1500 fidem
390 1429 597 1499 catholicam
627 1430 763 1499 Domini
788 1429 894 1499 ihesu
924 1428 1071 1513 Christi,
1102 1441 1137 1499 et
1163 1450 1303 1500 omnem
1333 1430 1548 1500 credentiam
1576 1444 1611 1500 et

180 1530 336 1599 lavarem
370 1540 406 1598 et
442 1529 714 1620 receptationem
750 1538 785 1597 et
813 1528 1055 1597 defensionem
1088 1526 1322 1598 hereticorum
1357 1529 1611 1619 cujuscumque

181 1639 275 1698 secte
305 1624 514 1718 reprobate,
542 1627 822 1716 quibuscumque
856 1625 1059 1696 nominibus
1090 1637 1319 1712 censeantur,
1347 1637 1383 1694 et
1410 1625 1611 1717 specialiter

184 1719 224 1819 [l0
244 1723 312 1792 t88
328 1719 364 1820 b]
384 1723 560 1814 abjuravit
573 1737 703 1793 sectam
724 1723 862 1794 illorum
882 1735 917 1793 et
936 1723 1160 1814 heresimqui
1173 1723 1293 1793 dicunt
1313 1745 1352 1794 se
1373 1734 1493 1793 tenere
1512 1724 1608 1795 illam

184 1823 290 1893 vitam
312 1843 417 1913 quarn
442 1821 528 1891 lalso
547 1822 668 1891 dicunt
685 1822 912 1913 apostolicam
939 1830 973 1892 el
1000 1822 1207 1914 perlectam,
1234 1822 1416 1892 senilium
1448 1822 1611 1895 ordinem

185 1920 321 1990 illorum
350 1919 741 2011 Pseudo-apostolorum
768 1941 872 2011 quem
902 1919 1004 1990 sedes
1027 1929 1226 1990 romanaet
1249 1921 1439 2013 apostolica
1466 1922 1609 1998 minime

184 2019 406 2110 approbavit,
429 2029 482 2087 set
503 2021 624 2110 pocius
647 2017 862 2110 reprobavit,
884 2017 950 2087 snb
970 2039 1058 2110 pena
1080 2039 1148 2108 que
1168 2017 1308 2108 dejure
1327 2019 1476 2089 debetur
1496 2020 1610 2116 relap-

183 2117 231 2203 sis
249 2115 283 2184 in
299 2116 451 2185 heresim
466 2119 499 2184 in
516 2116 645 2206 juditio
662 2117 871 2207 abjuratam.
889 2115 986 2198 Item,
1004 2115 1162 2210 promisit
1175 2128 1210 2186 et
1223 2117 1357 2206 juravit
1371 2138 1409 2187 se
1428 2140 1490 2208 pro
1507 2142 1610 2212 posse

183 2236 247 2286 suo
269 2217 433 2307 persequi
453 2228 488 2284 et
507 2214 666 2284 revelare
685 2236 748 2284 sen
767 2215 934 2305 detegere
954 2214 1141 2299 hereticos,
1164 2226 1199 2283 et
1218 2214 1422 2302 eredentes,
1445 2228 1480 2285 et
1498 2220 1611 2291 lauto-

183 2334 239 2382 res
252 2366 260 2395 ,
274 2323 308 2380 et
329 2324 577 2404 receptatores,
596 2324 630 2382 et
646 2312 852 2383 defensores
867 2334 1003 2401 eorum,
1022 2332 1063 2383 ac
1081 2313 1185 2383 etiam
1203 2334 1266 2403 pro
1287 2313 1401 2384 heresi
1416 2315 1612 2405 lugittivos,

183 2422 218 2482 et
234 2411 434 2503 specialiter
454 2410 498 2479 de
518 2411 610 2479 dicta
630 2423 724 2480 secta
741 2411 1131 2502 Pseudo-apostolorum
1147 2467 1156 2496 ,
1174 2412 1469 2505 quandocumque
1489 2426 1523 2484 et
1540 2416 1613 2485 ubi-

183 2530 335 2601 cumque
355 2509 499 2579 sciverit
518 2530 579 2578 eus
596 2529 674 2578 esse
695 2508 749 2578 vel
770 2509 923 2601 aliquem
939 2510 984 2579 de
1003 2510 1181 2603 predictis.
1205 2509 1304 2594 Item,
1327 2511 1486 2604 promisit
1503 2526 1538 2583 et
1551 2514 1611 2607 ju-

184 2608 274 2677 ravit
293 2627 331 2676 se
352 2620 471 2677 tenere
491 2618 526 2676 et
538 2627 683 2677 servare
701 2605 805 2677 iidem
825 2608 1031 2678 catholicam
1054 2630 1160 2700 quam
1183 2606 1339 2678 Romana
1360 2609 1513 2680 Ecclesia
1533 2633 1611 2704 pre·

183 2706 276 2775 dicat
295 2717 328 2774 et
348 2707 528 2787 observat,
541 2716 576 2774 et
590 2726 713 2797 parere
726 2707 899 2775 mandatis
916 2705 1070 2777 Ecclesie
1082 2717 1116 2776 et
1134 2705 1383 2796 inquisitorum
1401 2720 1435 2776 et
1457 2709 1612 2799 recipere

98 2885 108 2901 .
183 2817 218 2873 et
239 2825 301 2895 pro
322 2824 425 2895 posse
451 2825 516 2872 suo
536 2803 706 2895 prolicere
735 2814 769 2873 et
791 2803 967 2895 complere
996 2804 1222 2897 penitentiam
1244 2805 1321 2875 sive
1351 2825 1475 2899 penam
1506 2829 1612 2898 quam

185 2901 411 2992 inquisitores
449 2902 517 2971 sibi
551 2903 720 2971 duxerint
754 2903 1026 2993 injungendam,
1058 2915 1090 2971 et
1124 2923 1303 2992 nunquam
1331 2904 1453 2995 lugere
1479 2927 1543 2975 nec
1574 2930 1614 2979 se

182 3002 334 3068 scienter
357 3014 391 3069 et
410 2999 663 3069 contumaciter
682 2999 886 3081 absentare,
917 3011 971 3070 set
998 3002 1120 3069 venire
1145 3021 1263 3072 coram
1291 3001 1376 3094 ipsis
1396 3002 1441 3072 ad
1465 3001 1558 3074 diem
1580 3019 1615 3076 et

183 3097 270 3173 dies,
294 3097 590 3189 quandocumque
606 3098 974 3189 etquocienscumque
993 3099 1097 3169 luerit
1113 3097 1317 3191 requisitus,
1340 3113 1375 3171 et
1389 3100 1505 3173 adhuc
1525 3104 1613 3174 ohli-

183 3194 280 3285 gavit
299 3217 337 3265 se
358 3207 392 3263 et
411 3198 529 3266 omnia
551 3197 642 3265 bona
666 3217 747 3279 sua;
771 3209 806 3266 et
825 3197 875 3265 sie
894 3197 1024 3266 ibidem
1046 3198 1110 3266 luit
1131 3218 1193 3288 per
1213 3196 1344 3268 dictum
1365 3199 1613 3290 inquisitorem

185 3294 430 3363 reconciliatus
454 3306 490 3364 et
507 3295 702 3364 secondum
730 3296 874 3365 formam
896 3294 1050 3364 Ecclesia
1070 3294 1114 3364 ah
1134 3298 1512 3370 excommunicationis
1534 3301 1613 3370 vin-

183 3392 261 3459 culo
280 3392 483 3485 absolutus,
511 3396 541 3461 si
569 3404 684 3462 tamen
706 3394 750 3462 de
775 3393 881 3464 eorde
905 3391 998 3461 hono
1024 3404 1059 3461 et
1085 3390 1155 3461 fide
1185 3415 1254 3463 non
1283 3393 1361 3465 ficta
1389 3398 1432 3465 ad
1459 3397 1613 3469 Ecclesie

185 3489 326 3558 redierit
353 3494 542 3572 unitatem,
575 3502 610 3560 et
638 3490 800 3559 mandata
828 3490 894 3559 sibi
925 3490 1079 3581 injuncta
1104 3495 1322 3579 servaverit,
1355 3505 1389 3563 et
1414 3486 1551 3586 plenam
1578 3506 1613 3566 et

184 3607 313 3655 meram
334 3598 401 3655 tam
422 3589 466 3656 de
486 3610 525 3658 se
541 3609 645 3680 quam
665 3587 710 3657 de
729 3589 806 3658 aliis
824 3588 868 3656 de
888 3587 980 3659 laeto
999 3587 1131 3658 heresis
1150 3589 1331 3660 confessus
1355 3592 1459 3661 luerit
1480 3597 1609 3664 verita·

105 3698 110 3707 ·
184 3694 265 3754 tem.
288 3684 358 3754 Hec
376 3685 540 3778 deposuit
558 3696 593 3755 et
612 3686 792 3756 confessus
820 3686 883 3754 tuit
906 3698 940 3756 et
962 3684 1117 3778 predicto
1139 3687 1242 3756 modo
1261 3688 1457 3778 abjuravit,
1480 3693 1611 3782 promi·

182 3781 297 3872 sitque
311 3795 417 3874 atque
429 3785 563 3873 juravit
577 3804 693 3853 coram
713 3785 847 3875 prelato
864 3783 1084 3875 inquisitore,
1104 3804 1196 3853 anno
1216 3797 1251 3853 et
1270 3785 1328 3854 die
1343 3789 1472 3879 quibus
1488 3809 1609 3880 supra,

182 3879 217 3946 in
239 3875 280 3973 [l0
300 3880 367 3948 l88
385 3876 417 3977 c]
440 3881 519 3950 aula
540 3881 666 3952 domos
688 3880 945 3972 inquisitionis,
968 3881 1023 3950 vel
1048 3881 1081 3948 in
1108 3881 1165 3950 tali
1193 3880 1288 3967 loco,
1314 3884 1349 3952 in
1375 3888 1550 3976 presentia
1578 3900 1613 3958 et

184 3978 382 4048 testimonio
409 3980 527 4048 talium
549 3990 584 4049 et
605 3978 723 4048 talium
747 3979 883 4049 testium
905 3979 948 4047 ad
971 3978 1037 4048 hoe
1058 3990 1281 4065 vocatorum,
1304 3993 1339 4051 et
1360 3986 1429 4053 mei
1450 3983 1527 4054 talis
1548 4007 1612 4055 no-

182 4075 257 4142 tarii
285 4077 413 4167 publici
435 4089 469 4145 et
489 4077 597 4165 jurati
623 4077 683 4168 qui
716 4097 858 4168 presens
885 4077 1047 4157 interlui,
1076 4087 1111 4147 et
1134 4066 1278 4169 scripsi,
1305 4090 1340 4148 et
1360 4083 1497 4174 recepi,
1519 4093 1554 4152 et
1577 4083 1611 4151 in

183 4172 355 4262 publicam
377 4176 522 4244 sormam
541 4174 673 4264 redegi.

181 4429 214 4488 7.
239 4429 316 4493 Hee
333 4438 389 4492 est
403 4429 520 4493 forma
539 4446 602 4492 seu
618 4430 748 4493 modus
767 4432 992 4495 conveniens
1008 4431 1204 4509 abjurandi
1225 4433 1384 4498 heresim
1407 4436 1446 4499 in
1464 4426 1630 4513 juditio(

230 4645 302 4733 ligo
323 4646 401 4715 talis
426 4646 467 4714 N.
497 4645 531 4714 in
557 4645 686 4736 juditio
710 4647 922 4716 constitutus
947 4667 1065 4717 eoram
1087 4646 1187 4719 vobis
1212 4649 1419 4742 inquisitore
1446 4653 1523 4739 tali,
1555 4654 1612 4724 vel

182 4744 346 4836 episeopo
366 4744 442 4826 tali,
466 4744 697 4814 sacrosanctis
715 4743 914 4834 Evangeliis
940 4743 999 4813 Dei
1020 4764 1137 4815 coram
1157 4768 1212 4816 me
1229 4749 1373 4841 positis,
1397 4747 1495 4820 flexis
1514 4752 1613 4842 geni·

181 4842 266 4922 hus,
282 4842 406 4931 abjuro
425 4852 460 4912 et
478 4862 609 4932 renegu
628 4840 766 4933 penitus
786 4861 926 4910 omnem
945 4840 1096 4911 heresim
1114 4844 1341 4915 extollentem
1366 4868 1405 4916 se
1433 4847 1608 4920 adversus

180 4936 284 5009 fidem
304 4939 510 5009 catholicam
531 4937 669 5010 Domini
692 4937 796 5008 ihesu
821 4937 967 5020 Christi,
989 4950 1024 5008 et
1048 4961 1189 5011 omnem
1208 4943 1424 5014 credentiam
1447 4958 1482 5015 et
1507 4946 1608 5018 lavo·
