4574 6404
933 677 1052 728 naama
1078 678 1175 730 raas.
1701 667 1767 735 tt7

340 837 517 909 narrando
542 836 704 929 protulit,
728 836 801 928 pari
829 835 963 907 ratione
990 857 1111 907 omues
1137 836 1205 906 alie
1233 837 1354 928 regule
1380 858 1574 930 omnesque
1602 849 1767 911 tractatus

339 945 540 1007 sanctornm
567 946 702 1027 patrum
730 935 808 1024 ejus
835 934 998 1027 potestati
1025 934 1296 1019 subtrahuntur,
1319 936 1399 1025 quia
1428 957 1497 1007 non
1527 937 1639 1007 solnm
1670 938 1766 1009 illum

340 1043 393 1106 set
412 1055 516 1104 omne
541 1053 664 1102 verum
684 1054 705 1102 a
728 1052 952 1123 quocumque
974 1031 1110 1102 dicatur
1128 1053 1148 1101 a
1175 1031 1304 1124 Spiritu
1324 1032 1451 1105 Sancto
1470 1056 1548 1105 esse
1567 1035 1765 1124 sentimus,

341 1142 376 1202 ει
393 1131 580 1203 Dominum
600 1130 743 1200 Jhesum
765 1129 831 1199 nisi
851 1130 886 1199 in
906 1129 1036 1222 Spiritu
1056 1129 1182 1200 Sancto
1203 1129 1320 1200 dicere
1341 1153 1410 1201 non
1428 1132 1608 1218 valemus;
1628 1148 1682 1204 set
1702 1135 1767 1207 bec

341 1229 446 1322 impia
466 1240 549 1299 sunt
566 1240 601 1299 et
619 1250 638 1298 a
659 1250 765 1299 seusu
790 1228 923 1298 romani
953 1225 1125 1320 pontificis
1147 1227 1284 1319 penitus
1304 1228 1432 1299 aliena.
1455 1229 1489 1299 Si
1515 1230 1607 1299 enim
1629 1233 1766 1322 predic-

343 1329 387 1398 tis
402 1327 522 1397 verbis
538 1329 647 1420 ipsam
666 1327 821 1418 regulam
837 1325 1033 1395 auctoritati
1050 1325 1159 1395 sancti
1171 1325 1351 1417 Evangelii
1362 1338 1561 1418 coequavit,
1578 1350 1641 1397 cur
1656 1330 1767 1421 ipsam

340 1425 549 1518 approbavit
568 1436 603 1494 et
621 1423 855 1509 confirmavit,
877 1445 939 1494 cur
956 1423 1089 1514 aliquid
1105 1426 1140 1491 in
1161 1445 1202 1493 ea
1220 1423 1425 1516 supplevit?
1441 1425 1500 1495 Set
1518 1425 1568 1494 hii
1583 1427 1766 1499 vanissimi

339 1521 501 1594 homines
521 1522 653 1592 trahem
671 1522 837 1614 superbie
854 1520 889 1589 in
904 1519 979 1589 suis
996 1521 1126 1591 occulis
1146 1522 1381 1614 preferentes,
1400 1544 1464 1592 nec
1484 1524 1638 1613 regulam
1661 1525 1764 1597 intel-

340 1619 475 1711 ligunt,
499 1641 563 1690 nec
582 1621 677 1712 quod
696 1622 808 1690 sancti
827 1618 1007 1710 Evangelii
1026 1621 1168 1689 nomine
1187 1620 1390 1710 designatur
1409 1621 1608 1711 aliqualiter
1625 1623 1764 1714 sciunt,

340 1718 492 1788 absurda
511 1728 595 1788 sunt
615 1718 679 1788 hec
703 1728 738 1788 et
757 1717 894 1788 eminus
913 1737 933 1785 a
953 1715 1141 1787 christiana
1165 1716 1294 1809 pietate
1315 1717 1488 1810 pellenda.
1511 1719 1598 1789 Dicti
1625 1742 1766 1815 quoque

340 1825 550 1901 sectatores,
568 1816 663 1886 omni
683 1815 924 1886 moderatione
943 1815 1096 1904 rejecta,
1117 1815 1151 1883 in
1167 1816 1367 1887 blasfemias
1385 1827 1491 1885 ruunt
1509 1827 1543 1885 et
1562 1817 1595 1885 in
1613 1820 1767 1908 quadam

342 1924 562 1985 monstruosa
588 1914 698 1983 stricti
718 1913 858 1983 babitus
886 1922 954 1983 tam
976 1912 1197 1984 deformitate
1216 1935 1321 2006 quam
1342 1913 1569 1985 difformitate
1592 1925 1627 1984 et
1646 1919 1766 2010 singu·

341 2011 477 2081 laritute
497 2033 565 2104 qna
585 2012 799 2103 obteguntur
814 2021 849 2081 et
864 2011 899 2078 in
918 2009 1141 2082 abdicatione
1160 2012 1365 2082 victualium
1385 2032 1455 2103 que
1475 2032 1537 2102 pro
1557 2018 1766 2087 necessitate

340 2109 498 2180 locorum
519 2120 554 2179 et
577 2121 772 2200 temporum
791 2110 893 2200 juxta
914 2107 1111 2199 pontificale
1136 2109 1313 2180 decretum
1334 2110 1379 2179 ad
1400 2110 1612 2201 prelatorum
1632 2113 1766 2203 ordinis

341 2207 522 2278 arbitrium
538 2220 796 2298 congregantur
814 2203 854 2303 [f0
874 2207 913 2275 8t
939 2203 976 2302 h]
995 2228 1035 2277 ac
1050 2207 1154 2277 etiam
1172 2218 1396 2280 reservantur
1411 2210 1519 2277 vitam
1538 2206 1666 2279 Christi
1681 2232 1765 2282 con-

340 2304 465 2376 sistere
484 2305 600 2376 lienda
626 2306 781 2374 vanitate
800 2304 1039 2390 contendunt,
1063 2326 1156 2377 novo
1182 2305 1452 2396 argumentandi
1471 2327 1600 2396 genere
1624 2310 1765 2379 conclu-

342 2402 466 2474 dentes
485 2405 580 2497 qnod
603 2404 688 2473 tales
705 2403 853 2489 habitus
878 2402 1017 2474 strictos
1037 2403 1236 2495 deponere,
1259 2405 1368 2474 victui
1389 2405 1585 2474 necessaria
1604 2404 1654 2474 sic
1681 2428 1766 2477 con-

341 2521 487 2593 gregare
506 2511 541 2572 et
559 2502 594 2571 in
613 2502 856 2571 crastinum‘et
874 2500 918 2570 ad
935 2512 1137 2593 preceptum
1153 2501 1288 2572 romani
1304 2499 1477 2595 pontificis
1491 2524 1673 2573 reservare
1688 2527 1767 2577 esse

341 2596 464 2670 Christi
485 2600 592 2669 vitam
613 2601 841 2690 extinguere,
864 2598 977 2690 etqui
997 2620 1057 2669 eos
1077 2600 1121 2669 ad
1139 2600 1205 2670 hoc
1222 2601 1395 2691 agendum
1414 2600 1541 2690 quavis
1558 2603 1766 2674 auctoritate

341 2706 470 2789 cogunt
488 2696 661 2767 Christum
681 2697 725 2768 de
743 2717 922 2790 synagoga
943 2696 1152 2789 propellunt.
1173 2697 1201 2768 0
1221 2699 1356 2768 insania
1373 2697 1479 2768 vitam
1495 2697 1619 2768 Christi
1640 2699 1676 2769 in
1696 2713 1764 2772 tam

342 2794 490 2867 ridendo
509 2795 651 2882 habitu,
672 2796 707 2863 in
728 2804 795 2864 tam
815 2795 1014 2867 detestabili
1036 2795 1227 2867 rebellione
1244 2796 1479 2867 constituerel
1497 2794 1653 2867 Christus
1670 2802 1764 2869 enim

340 2913 403 2985 pro
427 2905 545 2964 nostra
570 2894 683 2964 salute
701 2904 736 2963 et
755 2893 828 2963 vite
852 2893 1046 2964 mutatione
1070 2894 1181 2964 factus
1202 2895 1373 2965 obediens
1394 2915 1504 2985 usque
1526 2894 1570 2962 ad
1592 2907 1763 2981 mortem,

341 2992 469 3062 servile
483 3003 694 3063 tormentum
714 2991 827 3061 crucis
846 2992 966 3061 subire
982 3012 1053 3062 non
1067 2992 1202 3079 renuit3
1221 2992 1286 3085 ipsi
1307 3004 1424 3062 autem
1442 3012 1580 3063 summo
1593 2992 1763 3085 pontifici,

342 3089 416 3179 ejus
427 3090 574 3175 vicario,
589 3089 824 3161 obedientiam
840 3090 889 3159 rei
905 3089 997 3160 licite
1010 3102 1045 3159 et
1060 3089 1170 3159 facilis
1185 3091 1436 3161 contumaciter
1449 3090 1638 3181 denegant.
1653 3091 1766 3164 Chris·

341 3195 395 3258 tus
423 3198 580 3258 mortuus
604 3199 657 3258 est
684 3199 723 3256 nt
741 3186 831 3258 lilios
856 3188 918 3257 Dei
938 3188 998 3277 qui
1026 3198 1125 3258 eraut
1149 3188 1299 3280 dispersi
1326 3198 1556 3279 congregaret
1573 3189 1608 3257 in
1628 3212 1762 3275 unum,

341 3284 427 3355 tales
446 3307 532 3357 vero
554 3285 710 3378 perversi
731 3284 906 3371 homines,
929 3285 1107 3356 caritatem
1125 3286 1320 3377 preclarum
1340 3287 1562 3379 perfectionis
1583 3289 1763 3358 vinculum

341 3402 418 3454 ase
436 3383 661 3476 repellentes,
682 3383 848 3476 optimam
871 3382 1074 3474 religionem
1093 3405 1162 3476 que
1182 3384 1276 3477 ipsos
1297 3385 1331 3453 in
1351 3384 1429 3453 sinu
1448 3405 1512 3454 suo
1531 3386 1620 3454 fovit
1637 3386 1766 3476 pietate

342 3492 498 3552 materna
525 3493 694 3573 quantum
723 3480 757 3549 in
787 3481 838 3551 eis
864 3491 917 3551 est
942 3481 1107 3551 scindunt
1133 3491 1168 3552 et
1191 3483 1226 3551 in
1253 3482 1314 3552 Dei
1340 3482 1493 3552 Ecclesia
1518 3503 1766 3574 perversorum

341 3577 541 3670 dogmatum
562 3580 711 3651 dissidia
729 3579 916 3650 seminant.
935 3577 1090 3650 Christus
1109 3581 1170 3672 qui
1190 3581 1355 3650 universa
1375 3579 1553 3667 condidit,
1571 3582 1629 3650 cui
1648 3582 1766 3652 omnia

341 3677 521 3765 serviunt,
552 3689 590 3747 ut
623 3677 885 3748 insidiatoribus
916 3678 1096 3748 materiam
1124 3677 1279 3748 scandali
1309 3679 1535 3748 submoveret
1571 3699 1634 3769 pro
1661 3699 1700 3747 se
1730 3690 1767 3749 et

339 3771 440 3846 Petro
468 3776 663 3846 indebitum
685 3774 866 3866 didragma
895 3776 998 3845 etiam
1026 3775 1214 3866 gentilibus
1239 3776 1367 3865 solvit;
1386 3776 1452 3868 ipsi
1482 3796 1567 3847 vero
1591 3774 1762 3863 regularis

341 3873 580 3965 professionis,
592 3869 938 3970 ylmlmochristiane
949 3874 1129 3965 religionis
1140 3875 1521 3965 suavejngnmetonus
1532 3874 1611 3944 leve
1624 3868 1714 3967 [f08l
1729 3870 1762 3970 c]

340 3982 565 4063 rumpentes,
596 3971 740 4064 pusillos
769 3991 809 4040 ac
838 3991 983 4061 magnos
1013 3971 1166 4062 graviter
1195 3971 1444 4043 scandalizant.
1477 3969 1632 4041 Christus
1659 3970 1764 4042 beato

339 4064 439 4139 Petro
458 4070 605 4161 ejusque
627 4068 889 4140 successoribus
914 4070 1043 4139 terreni
1060 4089 1102 4138 ac
1126 4069 1265 4140 celestis
1284 4069 1421 4162 imperii
1437 4070 1517 4159 jura
1537 4067 1760 4148 committens

339 4165 591 4257 plenitudinem
618 4166 824 4238 inconvulse
847 4168 1027 4259 potestatis
1048 4166 1212 4253 indulsit3
1235 4168 1301 4259 ipsi
1324 4180 1439 4236 autem
1464 4187 1648 4236 romanum
1675 4186 1761 4258 pon-

339 4262 465 4335 tificem
487 4266 532 4335 de
549 4266 623 4336 suis
641 4265 868 4349 indumentis,
887 4266 1158 4356 congregatione
1174 4276 1208 4333 et
1220 4265 1458 4335 reservatione
1469 4264 1674 4334 victualium
1689 4284 1759 4335 non

341 4383 442 4454 posse
461 4362 649 4455 disponere
674 4362 883 4432 insaniendo
902 4360 1089 4432 affirmant.
1111 4361 1267 4434 Christus
1287 4361 1478 4432 humanum
1498 4383 1610 4454 genus
1630 4362 1674 4430 ab
1695 4382 1761 4431 ex-

340 4460 524 4532 terioribus
543 4462 588 4530 ad
618 4461 808 4543 interiora,
831 4481 851 4529 a
871 4459 1120 4552 temporalibus
1146 4459 1192 4529 ad
1216 4471 1336 4530 eterna
1357 4459 1544 4531 traducens
1565 4461 1599 4530 in
1625 4457 1694 4529 lide
1715 4480 1762 4529 ex

340 4577 406 4649 qua
423 4559 539 4649 justus
564 4558 675 4646 vivit,
699 4558 733 4628 in
758 4579 912 4651 speque
939 4578 1007 4628 non
1033 4556 1235 4643 confundit,
1258 4559 1292 4626 in
1317 4560 1555 4649 caritateque
1580 4578 1763 4648 nunquam

340 4655 490 4742 excidit,
513 4656 547 4725 in
572 4676 745 4748 paceque
770 4676 909 4726 omnem
933 4677 1075 4726 sensnm
1102 4668 1311 4747 exsuperat,
1339 4656 1374 4723 in
1402 4655 1690 4748 humilitateque
1716 4655 1762 4725 ad

338 4772 376 4824 sc
392 4753 637 4824 celsitudinem
661 4755 782 4824 divine
802 4753 992 4843 majestatis
1010 4752 1176 4839 inclinat,
1198 4753 1234 4822 in
1247 4753 1388 4843 justicia
1408 4774 1478 4845 qne
1504 4753 1641 4845 piorum
1663 4772 1762 4823 men·

340 4857 390 4921 tes
411 4861 580 4939 exornat,
604 4852 638 4919 in
658 4851 832 4944 spirituali
850 4850 979 4942 gaudio
998 4872 1068 4943 qno
1087 4850 1204 4921 omnia
1224 4851 1399 4944 pascitur,
1421 4860 1456 4920 et
1473 4851 1616 4920 omniuo
1637 4850 1672 4919 in
1692 4850 1760 4920 hiis

340 4944 440 5018 donis
459 4948 587 5040 quibus
606 4948 696 5020 bene
717 4945 1073 5046 [a]llicimur,quibus
1086 4969 1190 5020 nemo
1205 4948 1428 5036 malentitur,
1441 4969 1510 5039 que
1526 4948 1618 5018 Deus
1639 4947 1675 5017 iu
1695 4969 1761 5020 no·

338 5041 488 5118 bissina
510 5047 611 5118 nobis
631 5058 809 5140 operatur,
832 5058 990 5119 sanctum
1006 5046 1235 5139 Evangelium
1255 5067 1400 5139 regnum
1419 5047 1574 5117 celorum
1595 5056 1630 5117 ει
1650 5045 1757 5115 vitam
