4574 6404
435 630 501 698 lta
717 645 878 698 rusorum
904 644 1145 712 ruaursrrrours
1172 643 1333 698 usnemun
1360 642 1573 696 ruuvmsrrs.

431 811 623 896 preventus
647 822 753 894 super
778 802 956 894 premissis
978 802 1205 894 penitentiam
1230 823 1295 873 nec
1319 799 1541 872 diffinitivam
1562 804 1772 872 sententiam
1799 803 1864 874 ha·
1914 801 1923 817 '

431 899 577 986 buisse3
597 898 818 969 attendentes
843 901 988 992 insuper
1008 901 1103 992 quod
1124 900 1258 970 crimen
1281 899 1414 970 heresis
1436 909 1578 992 propter
1599 899 1652 969 sui
1674 901 1865 972 enormita-

432 1009 501 1068 tem
523 1018 592 1067 non
612 996 723 1067 solum
745 997 780 1065 in
802 997 895 1066 vivis
914 1006 968 1067 set
985 997 1090 1067 etiam
1108 997 1143 1066 iu
1163 997 1337 1068 defunctis
1354 997 1482 1067 debeat
1498 997 1686 1092 vindicari,
1710 999 1865 1071 maxime

431 1096 467 1164 in
488 1115 530 1164 eo
549 1115 630 1163 casu
661 1094 695 1163 in
715 1117 786 1186 quo
806 1093 955 1164 heredes
974 1094 1019 1164 ad
1039 1094 1295 1165 successionem
1317 1095 1363 1166 ob
1381 1094 1534 1164 heresim
1561 1094 1615 1163 sni
1643 1095 1772 1167 actoris
1791 1117 1862 1168 non

432 1191 562 1263 debent
589 1191 748 1276 admitti,
772 1213 841 1262 non
868 1192 1030 1262 obstante
1058 1192 1153 1284 quod
1184 1193 1260 1286 ipso
1289 1193 1433 1262 vivente
1461 1192 1718 1264 interveniente
1753 1194 1865 1287 ipsius

432 1299 543 1361 morte
567 1310 637 1360 uon
666 1289 770 1359 luerit
797 1311 902 1381 super
927 1290 1106 1381 premissis
1134 1311 1195 1382 per
1220 1288 1441 1359 diffinitivam
1467 1292 1675 1360 sententiam
1704 1290 1864 1361 declara-

433 1400 528 1481 tum,
549 1387 683 1456 vocalis
706 1385 897 1457 heredibus
920 1397 955 1457 et
978 1387 1151 1458 bonorum
1171 1387 1414 1458 detentoribus
1435 1387 1557 1479 prelati
1577 1387 1618 1457 N.
1642 1387 1797 1458 defuncti
1818 1388 1863 1459 ad

430 1484 644 1554 audiendum
665 1484 941 1556 declarationem
963 1505 1004 1554 ac
1021 1484 1230 1555 seutentiam
1252 1495 1403 1555 nostram
1420 1483 1479 1554 die
1494 1495 1530 1554 et
1545 1484 1623 1556 loco
1640 1486 1864 1577 presentibus

430 1582 616 1672 assignatis
641 1582 775 1653 eisdem
803 1582 1064 1675 perhemptoria
1091 1602 1131 1652 ac
1156 1582 1310 1675 precise,
1330 1582 1494 1653 sedentes
1519 1603 1582 1673 pro
1598 1583 1777 1669 tribunali,
1799 1582 1863 1654 ha·

429 1680 553 1751 bentes
573 1702 635 1772 pre
654 1680 784 1750 occulis
801 1680 914 1751 solum
928 1679 1053 1766 Deum,
1064 1681 1295 1751 sacrosanctis
1310 1680 1371 1749 Dei
1391 1680 1591 1770 Evangeliis
1605 1680 1726 1772 positis
1743 1701 1861 1752 coram

431 1777 546 1862 nobis,
569 1778 613 1848 de
635 1773 675 1873 [ll
695 1779 739 1846 67
762 1774 794 1876 c]
816 1779 988 1849 bonorum
1008 1781 1168 1849 virorum
1195 1779 1383 1871 peritorum
1409 1778 1444 1846 in
1467 1779 1547 1867 jure
1574 1777 1757 1870 prehabito
1789 1799 1862 1848 ma·

430 1887 509 1946 turo
533 1876 701 1962 consilio,
723 1875 848 1947 Christi
873 1877 1014 1947 nominc
1037 1875 1221 1962 invocato,
1244 1878 1280 1945 in
1299 1874 1368 1944 biis
1392 1875 1615 1967 presentibus
1636 1877 1773 1970 scriptis
1799 1897 1863 1968 per

431 1970 653 2043 diffinitivam
672 1974 881 2044 sententiam
903 1974 1122 2044 declaramus
1141 1984 1176 2044 et
1196 1973 1468 2066 pronunciamus
1492 1973 1666 2064 prelatum
1691 1973 1794 2044 talem
1815 1973 1858 2044 N.

429 2091 492 2164 per
515 2092 554 2142 ea
578 2093 647 2164 que
667 2072 711 2142 de
731 2073 807 2165 ipso
827 2072 1026 2142 invenimus
1046 2071 1263 2142 commisisse
1283 2071 1316 2140 iu
1338 2070 1485 2141 crimine
1505 2069 1658 2140 heretice
1677 2071 1862 2162 pravitatis

430 2168 538 2238 luisse
557 2170 758 2240 credentem
780 2169 1013 2239 hereticorum
1035 2170 1213 2240 erroribus
1233 2168 1316 2238 dum
1338 2168 1501 2254 vivebat,
1524 2168 1709 2260 ipsumque
1728 2168 1804 2238 lore
1828 2169 1859 2237 si

430 2265 569 2337 viveret
592 2287 633 2335 ac
659 2267 830 2359 peniteret
855 2265 1124 2352 inmorandum,
1146 2266 1233 2336 alias
1253 2285 1338 2336 vero
1358 2266 1425 2335 nisi
1451 2268 1625 2359 peniteret
1653 2267 1858 2357 relinquen-

430 2362 513 2431 dum
538 2363 681 2434 brachio
709 2374 744 2434 et
765 2363 895 2454 juditio
919 2367 1016 2434 curie
1040 2364 1230 2449 secularis,
1253 2373 1288 2432 et
1313 2374 1570 2454 consequenter
1594 2384 1673 2433 ossa
1698 2362 1860 2451 ejusdem

430 2461 683 2530 extumulanda
704 2461 749 2531 de
765 2461 873 2532 sacris
892 2461 1087 2549 cimiteriis,
1102 2462 1131 2531 si
1148 2462 1193 2532 ab
1208 2460 1346 2533 ossibus
1363 2459 1519 2531 fidelium
1538 2461 1672 2553 possint
1688 2461 1858 2555 discerni,

432 2578 473 2627 ac
492 2559 595 2628 etiam
619 2559 878 2646 comburenda,
898 2570 933 2629 et
952 2559 1043 2630 bona
1063 2560 1172 2652 ipsius
1190 2558 1412 2629 decernimus
1431 2555 1669 2629 confiscanda.
1692 2559 1775 2629 Lata
1795 2557 1861 2629 luit

428 2655 585 2747 predicta
605 2657 781 2726 sententia
802 2656 837 2725 in
858 2656 1004 2728 ecclesia
1024 2657 1139 2726 Sancti
1159 2654 1326 2748 Stephani
1345 2655 1507 2741 Tholose,
1528 2676 1622 2725 anno
1642 2666 1678 2725 et
1697 2656 1769 2742 die,
1788 2667 1856 2725 etc.

477 2751 521 2822 Si
535 2775 619 2823 aero
632 2752 810 2846 predictus
827 2754 906 2825 talis
921 2753 966 2824 N
966 2808 990 2836 .,
1009 2753 1096 2825 duni
1115 2754 1265 2839 vivebat,
1283 2752 1405 2847 fuisset
1423 2753 1635 2824 esculentia
1653 2774 1858 2825 excommu-

427 2849 612 2921 nicationis
630 2852 704 2921 lata
722 2875 745 2921 a
763 2873 896 2923 canone
903 2851 1129 2943 judicialiter
1146 2850 1320 2922 absolutus
1338 2856 1371 2922 et
1388 2851 1679 2943 reincorporatus
1697 2850 1859 2922 Ecclesia

427 2948 555 3018 unitati
571 2948 661 3019 sicut
676 2949 714 3018 in
731 2949 947 3040 hujusmodi,
959 2957 1146 3044 postquam
1164 2949 1202 3018 in
1211 2948 1348 3041 juditio
1366 2956 1447 3018 sunt
1465 2948 1615 3042 confessi
1632 2955 1664 3020 ct
1683 2948 1856 3043 peniteat,

426 3045 467 3113 ab
485 3045 744 3138 inquisitoribus
762 3055 814 3118 est
835 3047 920 3136 sieri
944 3048 1179 3119 conrnrunitcr
1200 3053 1419 3133 consuetum,
1441 3052 1523 3118 tunc
1544 3047 1588 3115 de
1611 3045 1860 3118 extenuatione

426 3146 462 3213 et
479 3141 711 3214 combustione
729 3145 857 3215 ornum
874 3146 974 3216 nulla
992 3153 1074 3218 esset
1093 3146 1130 3215 in
1148 3144 1318 3215 senentio
1336 3144 1467 3216 mentio
1485 3143 1669 3238 facienda.

425 3394 485 3459 26.
508 3396 640 3460 Forma
654 3399 836 3461 sententie
849 3398 1005 3477 alicujus
1018 3397 1179 3462 defuncti
1193 3398 1256 3478 qui
1271 3398 1341 3462 luit
1354 3398 1476 3462 fautor
1495 3399 1740 3463 hereticorum
1762 3399 1853 3462 dum

463 3502 619 3577 viveret,
643 3504 687 3567 de
704 3520 777 3583 qua
796 3503 954 3568 tentoria
973 3522 1048 3569 non
1070 3507 1258 3570 invenitur
1275 3507 1502 3584 judicialiter
1522 3505 1638 3570 inisse
1662 3505 1855 3570 confessus

465 3626 533 3673 nec
549 3627 571 3673 a
587 3611 771 3674 sententia
785 3612 1172 3676 excommunicationis
1181 3613 1411 3692 judicialiter
1423 3613 1630 3677 absolutus.

476 3822 586 3922 [F06'l
606 3822 691 3923 d]ln
713 3828 854 3898 nomine
871 3829 1024 3923 Domini,
1042 3850 1158 3899 amen.
1175 3827 1347 3911 Quoniam
1369 3850 1432 3899 uos
1454 3829 1539 3899 tales
1560 3839 1595 3899 et
1615 3829 1715 3913 tales,
1737 3829 1855 3920 inqui-

428 3925 553 3995 sitores
573 3924 726 3995 heretice
750 3924 933 4018 pravitatis
958 3929 993 3995 in
1018 3948 1128 4019 regno
1147 3927 1290 3996 Francia
1316 3948 1377 4020 per
1400 3927 1520 3997 sedem
1546 3926 1773 4018 apostolicam
1792 3925 1855 3996 de·

428 4022 553 4113 putati,
585 4044 647 4114 per
673 4023 934 4115 inquisitionem
954 4045 1023 4117 que
1044 4021 1083 4093 lit
1107 4025 1316 4116 generaliter
1340 4035 1460 4095 contra
1483 4045 1605 4095 omnes
1626 4024 1772 4094 inlectos
1792 4034 1855 4094 aut

425 4130 564 4190 notatos
585 4120 629 4190 de
649 4119 804 4191 heretica
832 4122 1024 4214 pravitate,
1045 4143 1085 4191 ac
1106 4144 1167 4214 per
1187 4132 1292 4193 testes
1312 4134 1470 4214 receptos
1496 4122 1532 4191 in
1556 4121 1708 4212 juditio,
1730 4142 1772 4191 ac
1791 4142 1856 4215 per

425 4217 662 4310 actapublice
687 4229 930 4311 etprocessus
959 4219 1198 4311 inquisitionis
1226 4219 1384 4310 ejusdem
1412 4220 1609 4290 invenimus
1637 4229 1672 4289 et
1698 4218 1855 4311 legitime

424 4313 526 4384 nobis
550 4326 686 4384 constat
704 4316 799 4408 quod
816 4316 893 4386 talis
911 4316 953 4385 N.
977 4316 1179 4399 defunctus,
1199 4317 1282 4386 dum
1304 4317 1461 4403 vivebat,
1483 4317 1574 4387 vidit
1592 4326 1628 4386 et
1646 4315 1804 4386 visitavit
1817 4318 1854 4387 in

425 4410 484 4480 tali
500 4411 576 4483 loco
596 4412 685 4482 duos
705 4414 877 4485 hereticos
897 4423 932 4484 et
951 4413 1081 4484 ibidem
1102 4414 1209 4485 semel
1231 4414 1339 4484 verba
1359 4425 1395 4484 et
1414 4415 1686 4507 predicationem
1706 4414 1854 4486 alterius

423 4509 578 4602 ipsorum
596 4509 749 4596 audivit,
767 4523 803 4582 et
818 4511 970 4603 quedam
989 4510 1055 4581 alia
1076 4514 1111 4581 in
1132 4513 1287 4582 favorem
1304 4511 1476 4583 dictorum
1496 4512 1730 4582 hereticorum
1749 4531 1850 4583 com·

425 4606 540 4693 misit,
561 4607 606 4676 de
630 4608 759 4699 quibus
783 4630 853 4680 non
882 4620 1018 4679 constat
1042 4610 1155 4701 ipsum
1184 4611 1311 4695 luisse,
1334 4610 1416 4679 dum
1443 4608 1600 4696 viveret,
1622 4607 1852 4680 emendatum

425 4725 490 4773 nec
520 4703 669 4774 finaliter
699 4706 934 4798 penitentem,
965 4728 1030 4777 nec
1061 4726 1082 4776 a
1113 4710 1285 4778 sententia
1322 4707 1694 4778 excommunicationis
1728 4706 1798 4778 lata
1830 4729 1852 4779 a

424 4820 557 4872 canone
582 4803 792 4892 generaliter
819 4814 938 4876 contra
966 4804 1052 4875 tales
1076 4804 1184 4875 luisse
1207 4804 1420 4895 judicialiter
1444 4804 1670 4891 absolutum3
1693 4814 1851 4897 postmo-

423 4897 506 4968 dum
527 4920 628 4987 vero,
649 4901 782 4971 vocatis
801 4912 836 4972 et
854 4901 968 4972 citatis
989 4899 1069 4972 liliis
1086 4912 1120 4972 et
1143 4903 1331 4973 heredibus
1351 4923 1392 4972 ac
1410 4902 1583 4973 bonorum
1604 4901 1850 4975 detentoribus

425 4995 545 5086 prelati
566 4996 607 5066 N.
630 4996 783 5068 deluncti
813 5000 849 5069 in
873 4999 1022 5094 propriis
1047 4999 1252 5094 domiciliis,
1274 4999 1531 5093 propositisque
1550 4999 1674 5071 edictis
1693 4999 1849 5093 publicis
