4612 6404
1027 637 1147 690 ranrn
1173 638 1270 691 raas.
1796 615 1864 684 157

437 794 476 894 [l’
494 796 540 866 87
560 792 594 893 a]
614 794 854 890 singilhztim).
876 796 975 879 ltem,
997 794 1112 867 dictus
1130 795 1295 867 sacerdos
1314 795 1531 887 aliquociens
1545 796 1582 864 in
1598 797 1685 866 lesto
1701 794 1857 867 Paschali

434 894 584 967 hostiam
604 914 674 964 non
693 901 933 965 consecratam
953 892 1104 963 scienter
1123 914 1257 986 ponens
1275 893 1365 964 iuter
1381 894 1468 964 alias
1487 903 1708 964 consecratas
1733 892 1856 965 minis·

435 993 542 1064 travit
567 990 707 1062 cuidam
737 1010 888 1084 persone
914 1011 1019 1081 quam
1047 990 1205 1062 nominat
1232 990 1277 1061 de
1307 991 1509 1085 voluntate,
1538 1002 1572 1060 et
1596 1011 1794 1079 consensu,
1823 1004 1859 1063 et

433 1089 647 1162 conscientia
662 1099 698 1158 et
716 1109 762 1158 ex
781 1087 944 1160 condicto
963 1087 1056 1161 dicte
1076 1108 1239 1181 persone,
1261 1088 1331 1158 acsi
1351 1088 1478 1159 dictam
1498 1107 1683 1181 personam
1699 1109 1857 1159 commu·

434 1189 566 1258 nicaret
583 1186 629 1258 de
651 1185 764 1258 hostia
789 1196 992 1257 consecrata
1013 1207 1093 1258 cum
1119 1205 1160 1256 ea
1185 1187 1385 1257 reverentia
1411 1207 1481 1278 que
1503 1182 1542 1255 fit
1565 1184 1709 1277 Corpori
1731 1184 1858 1258 Christi

433 1307 495 1356 seu
516 1283 632 1356 hostie
648 1293 864 1369 consecrate,
879 1303 1027 1354 accenso
1045 1282 1177 1354 lumine
1191 1304 1256 1354 seu
1275 1284 1420 1369 tortitio‚
1436 1284 1589 1354 scienter
1603 1281 1776 1374 fingentes
1791 1305 1857 1363 seu

433 1381 639 1453 simulantes
661 1391 808 1473 uterque
824 1380 980 1475 ipsorum
998 1401 1037 1453 se
1048 1381 1180 1473 Corpus
1194 1380 1320 1451 Christi
1338 1381 1404 1452 iste
1419 1381 1635 1452 ministrasse
1650 1390 1686 1450 et
1701 1380 1792 1452 alius
1803 1404 1856 1455 re·

433 1480 588 1574 cepisse,
611 1477 769 1573 publice,
794 1478 953 1570 pluribus
975 1477 1175 1550 videntibus
1196 1489 1231 1549 et
1250 1479 1445 1550 astantibus
1469 1488 1504 1549 et
1524 1477 1752 1549 adorantibus
1768 1478 1853 1552 hos·

434 1578 539 1667 tiam,
563 1587 601 1647 ut
618 1589 672 1650 est
691 1576 812 1647 moris.
833 1575 904 1648 Nos
923 1576 1041 1667 itaque
1063 1577 1218 1669 prelatus
1237 1577 1423 1669 episcopus
1442 1597 1550 1668 super
1568 1575 1725 1668 predicta
1744 1575 1858 1670 bapti·

433 1677 573 1749 zatione
605 1675 807 1769 ymaginum
848 1673 1074 1764 corrigenda·
1088 1685 1123 1744 et
1158 1674 1272 1745 modis
1303 1683 1339 1745 et
1377 1674 1477 1766 penis
1513 1672 1642 1744 debitis
1677 1676 1857 1766 punienda

434 1773 620 1846 consilium
640 1772 829 1843 habuimus
848 1793 928 1842 cum
949 1771 1107 1864 pluribus
1127 1773 1213 1841 viris
1238 1772 1411 1863 religiosis
1430 1791 1471 1842 ac
1498 1770 1656 1864 personis
1676 1771 1858 1845 ecclesias·

424 1873 514 1944 ‘ticis
531 1872 566 1942 in
584 1891 682 1941 sacra
702 1870 829 1963 pagiua
846 1869 993 1941 eruditis
1008 1880 1044 1939 et
1061 1892 1141 1941 cnm
1162 1869 1280 1939 multis
1298 1869 1516 1961 sapientibus
1536 1880 1571 1939 et
1588 1868 1709 1962 peritis
1727 1869 1760 1939 iu
1776 1872 1869 1959 jure-

434 1968 605 2042 cnuonico
623 1980 660 2040 et
677 1969 787 2040 civili.
806 1965 942 2048 Quibus
959 1968 995 2038 in
1016 1989 1123 2038 unum
1142 1968 1270 2061 pariter
1287 1967 1521 2059 congregatis,
1545 1966 1732 2037 collatione
1750 1990 1858 2062 super

435 2069 503 2140 hoc
520 2065 638 2137 habita
658 2065 832 2157 diligenti,
853 2064 1120 2159 quampluribus
1140 2065 1254 2136 visum
1276 2067 1440 2157 estquod
1459 2064 1636 2158 baptizare
1655 2064 1741 2134 tales
1761 2088 1859 2160 yma·

435 2167 536 2259 gines
555 2185 618 2235 seu
643 2184 902 2256 quamcumque
922 2184 996 2233 rem
1013 2163 1117 2233 aliam
1137 2162 1412 2234 irrationabilem
1430 2163 1464 2232 in
1481 2163 1577 2234 loute
1595 2162 1796 2253 baptismali
1811 2166 1857 2236 ad

435 2260 607 2335 maleficia
632 2283 694 2333 seu
721 2263 766 2332 ad
786 2274 885 2333 actus
903 2261 960 2331 vel
980 2261 1125 2332 allectos
1146 2260 1255 2331 malos
1274 2282 1336 2353 per
1358 2262 1444 2331 tales
1468 2260 1648 2354 ymagines
1665 2281 1857 2351 procuran-

435 2361 519 2447 dos,
539 2359 717 2431 servando
737 2360 883 2431 formam
901 2358 1070 2451 baptismi
1087 2358 1202 2428 taliter
1215 2359 1439 2451 baptizando,
1458 2358 1503 2428 sit
1520 2359 1647 2429 lactum
1669 2357 1857 2432 hereticale

435 2472 472 2530 et
489 2459 603 2552 sapiat
620 2457 772 2528 heresim
794 2456 975 2529 manifeste
992 2477 1039 2527 ea
1059 2468 1183 2526 natura
1199 2457 1309 2549 ipsius
1328 2456 1407 2526 lacti
1424 2512 1432 2538 ,
1451 2456 1604 2548 pensatis
1622 2458 1728 2526 etiam
1745 2457 1858 2530 modis

436 2568 472 2628 et
492 2551 533 2654 [l⁰
553 2555 598 2624 87
624 2551 663 2653 h]
687 2555 963 2626 circumstanciis
986 2553 1154 2641 laciendi,
1184 2555 1371 2646 visumque
1399 2563 1453 2625 est
1470 2554 1522 2625 eis
1539 2554 1774 2646 baptizantem
1793 2577 1856 2627 seu

434 2666 589 2726 actorem
604 2652 710 2743 hujus
730 2653 804 2724 lore
820 2652 919 2724 velut
933 2651 1124 2722 hereticum
1142 2653 1372 2744 puniendum.
1389 2651 1652 2722 Sacramentum
1665 2653 1759 2722 enim
1772 2653 1857 2747 bap·

438 2752 531 2823 tismi
550 2772 595 2823 ex
615 2752 737 2822 divina
757 2750 976 2822 institutione
996 2748 1115 2821 datum
1137 2761 1241 2820 estet
1258 2749 1436 2821 sanxitum
1455 2748 1540 2820 solis
1567 2749 1767 2820 hominihus
1788 2755 1854 2822 mi·

436 2849 655 2922 nistraudum
680 2850 725 2918 ad
752 2849 994 2919 remissionem
1022 2848 1125 2941 culpe
1162 2859 1196 2918 et
1222 2848 1333 2938 gratie
1360 2847 1421 2917 [lei
1449 2849 1660 2918 inlusionem
1686 2847 1720 2916 in
1747 2848 1856 2919 vitam

435 2958 615 3036 eternam3
643 2947 743 3037 cujus
768 2950 819 3017 rei
847 2946 941 3016 nulla
968 2945 1216 3017 irrationabilis
1242 2955 1400 3016 creatura
1427 2966 1540 3037 capax
1559 2956 1612 3016 est
1635 2945 1706 3016 ullo
1726 2946 1854 3036 modo;

435 3046 536 3136 cujus
557 3045 770 3116 contrarium
791 3045 936 3114 credere
954 3055 988 3114 et
1005 3044 1136 3114 sentire
1155 3063 1253 3113 error
1270 3054 1323 3114 est
1350 3055 1385 3114 et
1412 3043 1546 3113 heresis
1566 3043 1770 3130 manifesta3
1792 3066 1856 3117 nec

435 3141 599 3215 etiamad
616 3140 721 3212 linem
739 3143 795 3213 vel
815 3141 977 3213 ellectum
996 3141 1123 3226 alium,
1140 3144 1322 3234 presertim
1344 3140 1473 3211 malum
1492 3151 1527 3211 et
1545 3140 1722 3229 illicitum,
1737 3163 1855 3214 sacra-

435 3251 592 3313 mentum
612 3240 831 3332 baptismatis
851 3250 904 3310 est
923 3239 1094 3310 divinitus
1112 3239 1330 3325 institutum,
1352 3241 1447 3331 quod
1468 3239 1555 3308 nulli
1571 3238 1760 3326 catholico,
1778 3261 1859 3333 pre-

435 3340 539 3432 cipue
550 3358 701 3432 persoue
718 3337 968 3423 ecclesiastice,
984 3346 1038 3407 est
1053 3336 1185 3407 licitum
1205 3340 1390 3428 ignorare;
1411 3335 1548 3428 quodsi
1562 3357 1677 3423 secus,
1695 3337 1767 3408 Deo
1782 3360 1857 3431 per-

437 3438 609 3522 mittente,
624 3457 668 3507 ex
686 3436 823 3508 occulto
838 3457 902 3507 suo
920 3434 1047 3526 juditio
1066 3437 1238 3520 evenerit,
1252 3445 1327 3506 arte
1346 3446 1381 3505 et
1400 3437 1604 3526 operatione
1622 3433 1767 3528 dyaboli
1787 3458 1856 3508 non

436 3535 568 3607 virtute
586 3535 796 3605 sacramenti
816 3533 1036 3626 baptismatis
1057 3533 1092 3603 id
1112 3535 1303 3623 contingit3
1324 3532 1384 3623 qui
1404 3542 1521 3602 autem
1541 3532 1653 3602 credit
1671 3542 1732 3602 aut
1750 3534 1857 3604 sentit

436 3632 538 3704 aliter
557 3633 602 3703 de
622 3634 752 3703 virtute
771 3642 806 3701 et
826 3628 979 3701 efficacia
997 3632 1207 3701 sacramenti
1227 3629 1389 3722 baptismi
1419 3641 1513 3699 errat
1543 3633 1635 3702 circa
1653 3651 1853 3702 sacramen·

437 3740 509 3800 tum
531 3730 659 3824 ipsum.
680 3728 863 3821 Baptizans
884 3729 1003 3819 itaque
1020 3731 1220 3822 ymaginem
1240 3727 1296 3797 vcl
1317 3749 1391 3798 rem
1418 3728 1692 3800 irrationabilem
1710 3750 1756 3799 ex
1780 3730 1856 3822 ipso

436 3826 528 3900 facto
545 3849 612 3899 suo
629 3848 669 3897 se
687 3825 841 3899 ostendit
855 3826 900 3896 de
918 3826 1094 3918 baptismo
1110 3826 1210 3896 aliter
1223 3825 1367 3896 credere
1387 3837 1423 3895 et
1440 3826 1572 3897 sentire
1591 3847 1697 3917 quam
1715 3826 1857 3896 univer-

436 3923 518 3996 salis
538 3924 691 3995 Ecclesia
707 3923 866 4017 predicat
885 3933 920 3994 et
937 3924 1122 4006 observat,
1139 3923 1234 4014 quod
1253 3944 1409 3994 errorem
1429 3926 1585 3994 continet
1601 3935 1636 3993 et
1649 3926 1742 4015 sapit
1758 3922 1856 3994 here·

436 4023 502 4093 sim
527 4022 729 4104 manifeste,
759 4024 943 4113 vergitque
971 4021 1005 4090 in
1031 4022 1221 4114 perniciem
1249 4021 1345 4112 quod
1371 4033 1425 4092 est
1443 4021 1487 4091 ad
1506 4020 1654 4091 salutem
1674 4019 1855 4090 hominum

438 4120 648 4191 institutum.
677 4119 874 4189 Ministrare
900 4130 1016 4189 autem
1049 4140 1118 4191 non
1144 4128 1382 4190 consecratam
1410 4119 1559 4189 hostiam
1592 4119 1669 4188 loco
1695 4117 1856 4210 Corporis

436 4215 563 4289 Christi
581 4238 645 4288 seu
660 4217 775 4288 hostie
793 4229 995 4290 consecrate
1009 4219 1230 4309 mudemque
1244 4217 1311 4287 sihi
1328 4215 1567 4288 reverenciam
1584 4209 1625 4311 [p
1644 4215 1689 4284 87
1705 4211 1738 4313 c]
1756 4215 1857 4286 exhi·

436 4315 766 4409 bereperniciosum
780 4312 985 4406 figmentum
1000 4327 1054 4384 est
1072 4315 1106 4384 in
1119 4325 1339 4386 sacramento
1358 4312 1529 4400 veritatis,
1548 4313 1643 4406 quod
1660 4324 1752 4383 recta
1767 4313 1856 4385 fides

437 4413 623 4501 abhorret;
646 4433 782 4484 necnon
801 4423 981 4505 peccatum
999 4424 1052 4482 est
1071 4413 1244 4505 ydolatrie
1261 4423 1456 4484 creaturam
1472 4431 1534 4503 pro
1551 4422 1709 4482 creatore
1724 4411 1856 4503 snppli-

437 4511 523 4585 citer
540 4511 706 4597 adorare,
728 4531 798 4602 que
824 4511 941 4581 omnia
961 4522 1125 4601 tanquam
1151 4511 1256 4602 impia
1282 4520 1318 4578 et
1341 4529 1488 4580 erronea
1514 4522 1597 4579 sunt
1613 4507 1817 4579 omnimode
1836 4529 1857 4578 a

436 4608 497 4678 Ilei
515 4609 668 4680 Ecclesia
686 4618 755 4679 eta
771 4606 900 4678 tinibus
920 4606 1075 4678 fidelium
1097 4606 1319 4699 expellenda.
1341 4606 1486 4693 ldcirco,
1510 4627 1573 4677 nos
1593 4607 1747 4698 prelatus
1766 4606 1859 4699 epis·

435 4726 544 4800 oopus
561 4707 755 4799 predictum
776 4706 818 4776 N.
838 4706 1070 4798 presbiterum
1090 4700 1332 4774 nunc‘sauiori
1354 4715 1507 4774 utentem
1532 4702 1679 4775 consilio
1700 4703 1858 4795 peniten-

437 4812 562 4875 temet
588 4804 703 4875 redire
722 4802 912 4890 volentem,
935 4814 1038 4895 prout
1065 4804 1210 4886 asserit,
1232 4802 1276 4872 ad
1295 4801 1449 4872 Ecclesia
1476 4801 1669 4882 unitatem,
1697 4800 1858 4889 abjurato

436 4901 576 4992 penitus
596 4923 658 4994 per
677 4900 828 4971 eundem
851 4901 885 4970 iu
902 4901 1031 4992 juditio
1049 4921 1165 4971 coram
1187 4899 1289 4970 nobis
1308 4919 1427 4970 errore
1446 4909 1481 4969 et
1501 4901 1569 4969 ritu
1597 4898 1788 4969 execrabili
1813 4898 1859 4968 de

435 4998 670 5092 baptizatione
696 4999 920 5093 ymaginum,
954 5020 1099 5070 necnon
1117 4997 1212 5069 omni
1244 4996 1312 5067 alia
1341 4997 1456 5068 heresi
1479 4997 1730 5089 cujuscumque
1763 5006 1858 5066 secte
