4574 6404
429 656 497 726 tta
714 670 877 766 00101100
903 670 1143 736 ruoursrrrorus
1170 670 1333 723 00001100
1359 669 1570 722 0011111110.

426 830 535 923 11010,
569 829 626 900 vel
647 828 843 912 auxilium,
873 826 927 898 vel
957 828 1139 916 favorem,
1168 840 1284 921 preter
1308 828 1412 899 aliam
1439 849 1589 922 penam,
1614 848 1659 899 ex
1680 839 1763 897 tunc
1779 829 1860 921 ipso

422 930 503 1020 jure
524 929 560 998 in
581 938 788 1021 perpetuum
806 928 853 996 sit
870 925 981 995 lactus
1002 926 1156 997 infamis.

474 1024 709 1118 d)lnhouore
724 1023 829 1093 etiam
847 1043 910 1093 seu
925 1022 1035 1114 gloria
1058 1024 1439 1117 possuutinquisitores
1458 1024 1597 1116 punire,
1611 1023 1693 1115 quia
1710 1035 1862 1116 possunt

428 1123 567 1216 privare
586 1141 656 1192 non
675 1120 788 1192 solum
809 1120 1003 1205 hereticos,
1021 1121 1229 1208 credentes,
1246 1133 1481 1214 receptatores
1501 1134 1536 1192 et
1557 1121 1785 1201 defensores,
1805 1133 1862 1191 set

428 1221 532 1291 etiam
552 1217 643 1290 filios
663 1229 698 1289 et
717 1228 862 1311 nepotes
884 1218 1040 1311 ipsorum
1061 1218 1274 1306 honoribus,
1294 1219 1544 1311 dignitatibus,
1566 1217 1690 1289 olliciis
1710 1218 1862 1310 puhlicis

426 1330 462 1387 et
482 1314 931 1401 beneficiisecclesiasticis,
950 1316 1042 1387 sicut
1060 1316 1105 1387 de
1123 1317 1189 1386 hoc
1203 1328 1358 1388 notatum
1375 1327 1428 1388 est
1443 1318 1533 1386 10110
1552 1343 1559 1385 ;
1583 1315 1711 1394 Quinto
1724 1315 1863 1386 0001100

428 1413 665 1508 inquisitores,
686 1425 722 1484 et
739 1423 869 1484 cetera.

474 1513 508 1603 e)
534 1513 634 1599 ltem,
661 1513 763 1602 vigor
787 1511 971 1603 potestatis
990 1509 1096 1583 010011
1121 1512 1359 1604 inquisitionis
1376 1515 1468 1582 circa
1494 1511 1720 1603 inquisitores
1740 1524 1861 1582 osteu-

426 1611 521 1679 ditur
540 1610 574 1678 10
595 1609 747 1700 hiisque
765 1609 1030 1679 committuntur
1046 1612 1097 1679 eis
1117 1611 1325 1701 exequenda
1343 1605 1383 1706 [0
1401 1608 1469 1679 100
1485 1605 1535 1706 0],
1555 1611 1655 1699 juxta
1676 1609 1863 1679 discretio·

426 1729 506 1778 nem
535 1719 570 1777 et
606 1706 788 1777 arbitrium
819 1707 1038 1789 eorumdem,
1069 1707 1150 1800 quia
1184 1709 1261 1777 talis
1291 1720 1443 1800 potestas
1474 1718 1528 1777 est
1564 1713 1609 1775 ad
1645 1719 1860 1798 utrumque,

426 1806 594 1874 videlicet
619 1803 664 1873 ad
693 1804 931 1895 puniendum,
958 1803 1015 1874 vel
1042 1805 1289 1874 remittendum
1317 1805 1468 1895 rigorem
1489 1805 1524 1874 in
1550 1806 1650 1897 penis
1669 1825 1732 1873 seu
1755 1804 1861 1896 peni—

426 1902 544 1972 tentiis
561 1901 738 1994 aliquibus
755 1901 994 1993 injungendis,
1018 1901 1077 1971 ubi
1097 1914 1132 1973 et
1150 1902 1292 1993 quando
1313 1903 1423 1994 piatas
1440 1904 1604 1986 suaserit,
1627 1901 1682 1971 vel
1703 1901 1861 1972 evidens

427 1999 559 2069 utilitas
576 1997 657 2069 0001
678 2011 712 2068 01
731 1997 837 2070 010011
855 1999 1014 2091 exegerit
1030 2000 1106 2069 sine
1126 1998 1220 2069 dolo.
1245 1999 1285 2069 Et
1304 2001 1381 2069 talis
1401 2011 1553 2091 potestas
1577 2009 1631 2068 est
1657 2002 1861 2090 vigorosior

427 2117 531 2189 quam
558 2097 615 2166 illa
633 2118 702 2188 que
720 2095 950 2167 determinata
974 2097 1089 2167 estad
1110 2097 1255 2167 alteram
1279 2110 1410 2190 partem
1431 2108 1578 2167 tanturn.
1602 2096 1642 2165 Et
1668 2096 1735 2166 hoc
1764 2107 1862 2187 patet

427 2194 463 2263 iu
486 2193 603 2263 multis
621 2194 761 2264 casibus
778 2206 813 2264 et
830 2194 985 2265 articulis
1005 2215 1094 2286 quos
1114 2195 1224 2286 magis
1244 2196 1462 2287 experientia
1492 2196 1615 2279 docet,
1637 2204 1672 2263 et
1698 2194 1799 2263 stilus
1825 2204 1863 2263 et

428 2313 513 2361 usus
539 2290 644 2362 010011
670 2291 906 2384 inquisitionis
932 2291 967 2361 in
995 2291 1221 2384 inquisitione
1246 2292 1441 2363 Tholosana
1466 2303 1501 2362 et
1523 2291 1791 2362 Carcassouensi
1812 2289 1860 2360 ab

426 2390 571 2482 antiquo
592 2390 703 2458 tenuit
731 2400 766 2458 et
796 2390 974 2474 servavit,
996 2390 1042 2459 de
1066 2389 1215 2460 consilio
1245 2390 1451 2482 peritorum,
1482 2389 1625 2481 proviso
1651 2399 1766 2459 tamen
1796 2408 1863 2481 per

424 2487 643 2580 dyocesanos
665 2495 699 2555 et
724 2486 968 2578 inquisitores,
1001 2508 1045 2556 ne
1074 2487 1141 2580 ipsi
1161 2487 1248 2569 odii,
1269 2491 1400 2578 gratie,
1421 2487 1478 2557 vel
1505 2487 1635 2557 amoris
1662 2487 1767 2571 lucri,
1789 2495 1856 2555 aut

426 2585 564 2654 eomodi
587 2584 787 2675 temporalis
810 2595 970 2678 optentu,
989 2597 1109 2655 contra
1124 2585 1302 2674 justiciam
1323 2597 1358 2655 et
1378 2585 1634 2655 conscienciam
1657 2605 1755 2654 suam
1778 2604 1860 2676 pro·

426 2683 553 2752 cedere
573 2704 641 2752 uon
660 2681 847 2752 obmittant
871 2694 990 2753 contra
1015 2704 1294 2775 quemcumque,
1318 2683 1374 2752 ubi
1403 2684 1506 2752 luerit
1535 2682 1725 2775 procedere
1750 2701 1862 2774 super

426 2778 579 2849 heretica
599 2779 784 2872 pravitate,
800 2792 861 2849 aut
883 2801 926 2850 ne
946 2780 1091 2850 obtentu
1120 2778 1244 2850 eodem
1267 2781 1474 2873 pravitatem
1504 2780 1637 2871 ipsam,
1661 2779 1715 2851 vel
1742 2779 1857 2871 impe·

426 2877 619 2946 dimentum
640 2875 745 2948 010011
765 2877 819 2947 sui
831 2877 933 2948 alicui
954 2876 1181 2970 imponendo,
1193 2899 1272 2947 enm
1288 2900 1395 2969 super
1411 2878 1476 2948 hoc
1491 2888 1695 2969 presumant
1712 2896 1860 2970 quoquo

426 2973 531 3044 modo
551 2995 694 3059 vexare,
716 2974 784 3045 sub
804 2996 893 3069 pena
913 2975 981 3045 lata
1000 2976 1034 3044 in
1055 2974 1194 3045 novella
1213 2975 1660 3045 constitutioneClementis
1679 2996 1767 3068 pape
1783 2969 1856 3042 Vl:

425 3070 622 3141 Multorum
639 3071 793 3165 querela.
1443 3149 1447 3158 .
1775 3111 1778 3119 ·

474 3166 514 3262 s)
541 3169 577 3237 ln
606 3168 673 3240 isto
698 3181 814 3240 autem
846 3170 923 3242 loco
951 3172 1142 3240 notandum
1177 3182 1230 3241 est
1258 3171 1471 3256 incidenter,
1505 3171 1600 3262 quod
1632 3171 1860 3261 inquisitores

426 3266 580 3336 heretice
599 3266 781 3359 pravitatis
809 3269 844 3337 in
870 3268 1025 3359 partibus
1044 3268 1251 3341 Tholosanis
1279 3281 1314 3338 et
1337 3267 1673 3338 Carcassouensibus
1705 3288 1857 3337 cousue-

427 3373 554 3432 verunt
572 3364 745 3456 stilusque
762 3376 798 3434 et
814 3386 898 3435 usus
915 3364 1020 3435 010011
1035 3367 1273 3457 inquisitionis
1286 3366 1331 3435 ab
1348 3366 1495 3437 exordio
1513 3388 1584 3458 quo
1600 3367 1729 3458 incepit
1745 3386 1860 3455 usque

425 3461 460 3529 in
481 3461 664 3531 odiernum
686 3462 779 3531 diem
800 3463 915 3532 extitit
933 3475 968 3532 et
986 3465 1152 3549 cucurrit,
1173 3464 1230 3534 ubi
1255 3475 1290 3533 01
1308 3464 1453 3554 quando
1481 3462 1675 3556 expediens
1694 3474 1728 3533 et
1749 3465 1859 3532 ratio-

422 3559 537 3628 nabile
559 3558 671 3629 visum
690 3559 805 3646 luerit,
823 3561 1003 3650 assignare
1025 3555 1066 3656 [10
1086 3560 1154 3630 100
1171 3557 1206 3658 b]
1227 3574 1260 3631 01
1277 3560 1447 3653 prefigere
1465 3573 1603 3653 tempus
1622 3561 1752 3650 gratie,
1774 3580 1856 3652 pro·

423 3658 593 3726 mittendo
613 3657 778 3726 videlicet
802 3659 948 3748 gratiam
968 3671 1000 3728 et
1028 3659 1204 3730 servando
1225 3660 1431 3751 promissam
1461 3659 1680 3751 impunitatis
1704 3659 1856 3738 mortis,

421 3757 570 3824 carceris
597 3754 675 3824 sive
700 3754 809 3839 muri,
841 3755 939 3824 exilii
974 3769 1008 3825 et
1038 3754 1297 3827 confiscationis
1328 3757 1499 3826 bonorum
1532 3757 1591 3825 uni
1619 3777 1769 3844 persone
1797 3755 1857 3826 vel

423 3851 581 3943 pluribus
600 3865 726 3943 sponte
747 3853 970 3922 venientibus
991 3855 1079 3922 10110
1110 3864 1247 3947 tempus
1265 3875 1328 3922 seu
1352 3856 1444 3924 diem
1467 3854 1577 3944 gratie
1600 3856 1651 3923 eis
1678 3851 1854 3944 prefixum

420 3950 464 4017 00
486 3947 723 4019 confitendum
750 3971 856 4042 super
881 3951 971 4020 lacto
997 3950 1130 4020 heresis
1150 3951 1195 4022 de
1214 3973 1252 4021 se
1272 3962 1306 4020 et
1326 3952 1370 4022 de
1395 3952 1472 4020 aliis
1502 3952 1692 4044 plenariam
1723 3950 1856 4021 verita·

422 4056 510 4130 teru;
532 4059 566 4116 et
586 4047 686 4116 stilus
706 4061 741 4116 01
759 4069 841 4117 usus
862 4047 1061 4139 hujusmodi
1089 4049 1298 4119 observatus
1327 4050 1377 4118 sic
1404 4049 1521 4119 extitit
1536 4051 1639 4138 juata
1662 4059 1697 4117 et
1722 4069 1854 4118 secun·

423 4143 505 4212 dum
526 4143 799 4214 consultationes
819 4167 882 4214 seu
901 4145 1047 4215 consilia
1068 4147 1293 4238 prelatorum.

472 4241 507 4309 ln
537 4241 792 4311 consultatione
814 4243 843 4311 si
868 4243 1011 4334 quidem
1042 4254 1078 4312 01
1101 4244 1322 4314 ordinatione
1354 4245 1488 4314 domiui
1514 4242 1605 4312 Petri
1625 4243 1855 4329 Albauensis,

423 4338 577 4431 episcopi
594 4339 796 4425 cardinalis,
809 4361 854 4410 ex
867 4341 1115 4411 commissione
1130 4342 1196 4411 sibi
1215 4344 1330 4410 lactaa
1347 4341 1492 4412 domino
1510 4361 1598 4433 papa
1612 4362 1718 4434 super
1738 4339 1857 4411 010010

423 4435 662 4527 inquisitionis
683 4437 951 4528 inquisitoribus
972 4439 1006 4506 iu
1029 4437 1237 4508 Lombardia
1257 4439 1307 4508 sic
1326 4439 1494 4509 babetur:
1508 4440 1591 4507 Cum
1609 4460 1719 4531 nuper
1735 4439 1853 4509 domi·

380 4557 384 4567 ·
426 4555 492 4602 nus
513 4555 615 4627 papa.
637 4531 688 4602 Et
708 4534 837 4627 iufra:
859 4536 913 4605 Ad
935 4537 1000 4606 hoc
1019 4547 1152 4626 ergout
1171 4536 1332 4607 homines
1352 4538 1395 4606 ad
1415 4536 1518 4606 fidem
1540 4536 1724 4627 spontanei
1744 4547 1856 4605 attra-

423 4629 551 4700 hantur
570 4643 605 4701 et
624 4631 659 4702 in
680 4633 843 4703 noticiam
862 4635 1018 4704 omnium
1041 4634 1159 4703 veniat
1178 4634 1273 4725 quod
1293 4633 1446 4704 Ecclesia
1469 4635 1623 4705 Romana
1645 4643 1680 4704 et
1699 4633 1856 4724 delegati

423 4729 467 4796 ab
493 4729 569 4821 ipsa
592 4741 746 4821 querunt
763 4733 898 4801 animas
918 4732 1056 4801 salvare
1075 4743 1110 4801 01
1131 4730 1236 4801 00010
1257 4732 1462 4802 catholicam
1484 4732 1528 4801 ab
1548 4732 1711 4801 omnibus
1731 4731 1855 4802 obser·

423 4825 514 4911 vari,
533 4828 677 4920 expedit
692 4828 785 4920 quod
801 4827 959 4915 heretici,
973 4830 1158 4899 credentes
1173 4842 1208 4899 et
1218 4830 1387 4916 lautores,
1398 4830 1602 4899 defensores
1612 4840 1647 4900 et
1656 4839 1853 4922 receptato-

424 4942 480 4990 res
498 4944 618 4993 eorum
639 4935 776 5017 tempus
788 4927 930 5018 aliquod
940 4926 1105 5011 habeant,
1120 4927 1208 4997 inira
1225 4927 1319 5018 quod
1338 4927 1472 5019 possint
1484 4926 1684 4998 voluntarie
1697 4929 1855 5019 penitere

423 5029 458 5087 et
480 5019 593 5090 redire
604 5020 648 5091 ad
663 5020 747 5092 fidei
763 5023 936 5094 catholice
953 5027 1135 5094 unitatem.
1150 5022 1201 5092 Et
1216 5025 1341 5117 infra:
1353 5024 1423 5094 lllis
1436 5036 1554 5095 autem
1574 5025 1634 5117 qui
1648 5024 1694 5095 ad
1707 5023 1853 5094 mauda-

1105 5783 1110 5807 '
1185 5764 1418 5984 ἢ
