4574 6404
429 631 496 699 loo
712 644 875 697 rnncrrcn
900 644 1141 711 rnoursrrrorns
1169 641 1331 696 nnnnrrcn
1358 639 1571 692 nunvrrnrrs.

429 803 643 896 adimplere,
661 803 773 874 dietas
789 803 901 895 lingas
915 823 983 873 non
1001 801 1174 897 portando
1188 825 1250 874 seu
1270 802 1401 871 dictum
1418 819 1593 870 carcerem
1606 820 1677 871 non
1693 798 1864 872 intrando

428 923 490 972 seu
519 901 704 971 temerarie
725 913 803 994 post
829 900 1025 992 ingressum
1056 900 1191 993 absque
1217 911 1336 971 nostra
1363 918 1426 968 seu
1456 907 1655 968 nostrorum
1683 896 1718 966 in
1742 898 1864 991 inqui-

428 998 565 1069 sitionis
594 996 710 1070 ollicio
738 1019 982 1070 successorum
1011 999 1156 1069 licencia
1188 997 1375 1083 exeundo,
1411 1017 1473 1065 seu
1500 1006 1620 1065 contra
1648 995 1765 1085 jurata
1801 1017 1866 1088 per

429 1118 509 1166 enm
529 1117 752 1188 quocumque
776 1106 934 1189 tempore
953 1097 1145 1183 veniendo,
1163 1116 1241 1178 uos,
1262 1117 1306 1166 ex
1326 1115 1418 1164 nnnc
1437 1104 1476 1162 ut
1498 1113 1543 1162 ex
1564 1102 1646 1163 tunc
1663 1103 1699 1163 et
1716 1113 1762 1163 ex
1778 1103 1866 1164 lunc

429 1203 468 1263 ol
487 1215 531 1264 cx
555 1215 661 1277 nuuc,
681 1194 796 1286 ipsum
816 1204 980 1286 tanquam
1002 1194 1180 1287 perjurum
1198 1206 1233 1264 el
1252 1192 1516 1284 impenitenlern
1533 1189 1719 1281 culpisque
1735 1193 1865 1260 astrio-

429 1305 502 1361 tum
531 1291 706 1384 prioribus
738 1292 772 1359 in
800 1290 868 1360 hiis
897 1292 1035 1384 scriptis
1061 1291 1284 1384 presentibus
1313 1288 1689 1360 excommunicationis
1720 1288 1865 1359 vinculo

429 1390 653 1460 innodamus.
674 1388 856 1459 Monemus
879 1399 997 1459 antem
1019 1389 1188 1460 canonice
1208 1389 1393 1458 universos
1412 1397 1448 1456 et
1468 1386 1626 1476 singulos
1647 1407 1691 1455 ne
1715 1384 1862 1478 aliquis,

428 1488 684 1578 cujuscumque
713 1486 925 1558 conditionis
957 1482 998 1582 [Ρ
1022 1485 1067 1555 58
1094 1483 1148 1583 ο],
1174 1486 1354 1578 dignitatis
1374 1495 1434 1554 aul
1451 1484 1583 1576 gradus
1602 1483 1745 1567 existat,
1767 1483 1865 1555 dicto

430 1585 488 1655 tali
508 1585 549 1654 N.
574 1606 642 1655 non
663 1584 850 1672 complenti
868 1588 1035 1677 premissa
1051 1596 1112 1655 aut
1131 1607 1176 1655 ne
1192 1605 1232 1654 ea
1248 1582 1423 1676 compleat
1444 1582 1629 1653 consilium
1644 1635 1653 1666 ,
1670 1580 1862 1668 auxilinm,

431 1682 487 1753 vel
509 1683 665 1752 favorem
692 1682 845 1752 scienter
863 1682 1065 1774 impendat;
1094 1683 1129 1751 in
1150 1682 1228 1752 illos
1247 1693 1362 1751 autem
1387 1680 1447 1773 qui
1474 1679 1687 1751 contrarium
1715 1679 1864 1750 fecerint

427 1803 473 1851 ex
491 1801 598 1874 nunc,
616 1779 771 1872 predicta
785 1779 979 1850 monitione
997 1781 1179 1873 premissa,
1198 1780 1232 1849 in
1244 1778 1312 1849 hiis
1326 1779 1548 1871 presentibus
1561 1776 1701 1868 scriptis
1717 1797 1862 1848 excom-

430 1878 677 1948 municationis
697 1880 906 1947 sententiam
928 1878 1203 1969 promulgamus.
1226 1877 1297 1947 Hac
1316 1888 1432 1947 autem
1455 1875 1613 1968 predicto
1631 1875 1673 1943 N.
1701 1873 1861 1964 injunxi·

429 1997 525 2062 mm,
550 1987 681 2046 retenta
712 1974 813 2045 nobis
841 1996 882 2044 ac
901 1976 1029 2045 nostris
1055 1976 1089 2043 in
1115 1974 1231 2046 officio
1260 1974 1498 2065 inquisitionis
1523 1972 1787 2043 successoribus
1816 1971 1861 2041 li-

427 2073 512 2143 bera
541 2083 712 2165 potestate
737 2072 914 2156 addendi,
940 2072 1182 2160 diminuendi,
1216 2071 1397 2158 mutandi,
1425 2072 1616 2142 alleviandi
1636 2070 1671 2139 in
1704 2069 1864 2162 predicta

429 2171 619 2262 penitentia
652 2170 729 2240 sive
766 2191 879 2261 pena,
911 2171 1232 2261 quocienscumque
1265 2169 1366 2240 nobis
1400 2191 1463 2240 sen
1490 2170 1618 2240 nostris
1649 2168 1682 2236 in
1712 2168 1864 2259 inquisi-

429 2268 534 2338 tionis
554 2267 670 2340 olficio
689 2267 951 2338 successoribus
978 2269 1022 2338 de
1041 2270 1213 2347 bonorum
1247 2271 1402 2338 virorum
1430 2267 1578 2338 consilio
1608 2265 1723 2335 visum
1754 2265 1865 2336 fuerit

427 2366 611 2458 expedire.
631 2366 712 2434 Lata
735 2366 800 2434 luit
818 2365 884 2435 hec
901 2369 1098 2453 sententia,
1120 2378 1189 2436 etc.

480 2461 572 2540 Quia
591 2485 675 2533 cero
694 2462 841 2533 diversis
860 2463 1021 2533 cleeriis
1039 2463 1151 2534 modt’s
1169 2462 1375 2555 hujusmodi
1391 2463 1477 2556 salsi
1490 2468 1587 2533 testes
1605 2461 1700 2556 faba
1722 2481 1864 2554 compo·

427 2573 516 2631 nunt
533 2568 565 2632 el
583 2559 801 2655 derelinqunt,
822 2559 885 2632 hoc
903 2563 970 2632 erit
993 2561 1206 2655 peneraliter
1224 2559 1480 2632 observandum
1503 2559 1597 2655 quod
1618 2579 1803 2653 processus
1831 2565 1865 2628 et

427 2658 528 2752 culpae
545 2658 684 2752 talium,
705 2664 787 2730 ante
802 2658 963 2753 sormam
981 2659 1156 2747 sententie,
1176 2659 1384 2753 sinpr'llutim
1406 2665 1442 2730 et
1459 2658 1520 2729 sub
1538 2655 1742 2750 compendio
1760 2678 1865 2751 pers·

428 2756 650 2849 lrinponlum
672 2762 705 2825 et
715 2755 875 2827 seriosius
892 2757 1007 2850 quales
1024 2756 1160 2851 suem'ul
1175 2757 1378 2852 recitentur,
1396 2756 1496 2828 verbi
1503 2755 1626 2848 pratia
1641 2755 1775 2827 incuso
1792 2754 1865 2826 alio

427 2855 573 2925 alteram
590 2854 677 2947 falsi
695 2853 799 2927 lestis.

476 2953 512 3023 ln
546 2953 686 3024 nomine
717 2952 877 3038 Domini,
910 2973 1011 3022 amen
1039 2949 1109 3047 (l).
1141 2953 1279 3023 Dudum
1312 2952 1390 3023 talis
1418 2954 1459 3022 N.
1491 2955 1537 3025 de
1564 2954 1624 3023 tali
1652 2952 1753 3038 loco,
1782 2951 1864 3024 talis

364 3048 371 3065 ’
426 3051 610 3145 dyocesiS,
638 3053 674 3118 in
693 3050 823 3140 juditio
846 3051 1056 3121 constitutus
1075 3072 1192 3122 coram
1214 3052 1314 3122 nohis
1335 3051 1543 3143 inquisitore
1564 3050 1623 3121 tali
1640 3050 1700 3139 N.‚
1718 3050 1864 3140 juratos

424 3149 469 3219 de
488 3149 637 3219 veritate
656 3147 805 3218 dicenda
826 3148 871 3219 de
891 3148 980 3218 lacto
1000 3147 1134 3220 heresis
1155 3162 1223 3219 tam
1244 3149 1399 3220 decent
1419 3149 1464 3220 de
1483 3146 1667 3242 principali
1687 3167 1795 3240 quam
1817 3147 1865 3219 de

424 3245 502 3315 aliis
522 3239 562 3341 [l‘
579 3244 623 3313 58
642 3242 679 3342 d]
702 3256 738 3315 ut
759 3247 876 3333 testis,
899 3248 935 3314 in
954 3247 1175 3318 consessione
1194 3268 1258 3318 sua
1277 3269 1383 3341 quam
1402 3267 1519 3317 coram
1539 3246 1641 3317 nobis
1659 3245 1743 3317 lecit
1763 3265 1863 3319 anno

425 3353 460 3412 et
479 3342 537 3413 die
556 3342 636 3428 tali,
666 3343 830 3436 deposuit
850 3344 1016 3414 nonnulla
1043 3345 1088 3416 de
1112 3346 1203 3417 lacto
1224 3355 1259 3415 et
1282 3345 1428 3416 crimine
1456 3345 1591 3416 heresis
1611 3352 1733 3414 contra
1752 3364 1864 3436 quos-

421 3440 504 3511 dam
533 3441 694 3512 homines
722 3444 783 3533 qui
814 3442 848 3510 in
873 3442 1095 3514 confessione
1125 3463 1189 3512 sua
1219 3444 1369 3536 propriis
1396 3442 1598 3513 nominibus
1627 3441 1863 3533 designantur

423 3537 496 3632 (cel
507 3544 679 3632 poterunt
694 3538 840 3609 nomina
861 3561 986 3610 eorum
1008 3540 1169 3634 emprirni
1186 3540 1224 3611 in
1242 3541 1305 3613 boc
1323 3542 1407 3627 loco,
1428 3540 1498 3611 nisi
1512 3562 1558 3610 ee
1573 3561 1682 3611 causa
1699 3538 1863 3610 rationo-

424 3636 486 3706 hili
511 3636 648 3728 fuerint
670 3635 912 3731 subticendo);
936 3658 1026 3729 quos
1054 3638 1215 3710 homines
1242 3650 1277 3709 et
1305 3661 1383 3711 cum
1416 3640 1545 3731 quibus
1573 3637 1725 3709 assernit
1755 3635 1862 3709 talem

427 3734 618 3805 hereticum
643 3755 683 3805 se
712 3735 841 3804 vidisse
870 3747 1012 3806 etcum
1041 3735 1136 3808 dicto
1169 3737 1325 3808 heretico
1360 3758 1398 3808 se
1427 3748 1463 3808 et
1489 3737 1666 3830 predictos
1697 3734 1863 3808 homines

424 3832 577 3903 scienter
597 3832 841 3924 participasse,
865 3833 1051 3926 ipsumque
1071 3834 1264 3905 hereticum
1286 3847 1502 3928 receptasse,
1525 3855 1619 3905 nunc
1638 3834 1743 3920 istos,
1766 3855 1864 3906 nunc

424 3930 523 4018 illos,
556 3941 591 4000 et
620 3929 812 4021 aliquando
838 3930 927 4002 duos
958 3952 1004 4001 ex
1031 3931 1100 4020 eis,
1128 3942 1164 4002 et
1182 3933 1374 4026 aliquando
1402 3945 1471 4003 tres
1489 3933 1612 4020 simol,
1641 3932 1677 4001 in
1705 3930 1862 4004 diversis

425 4028 550 4098 diebus
576 4038 610 4097 et
640 4029 801 4099 noctibus
828 4040 863 4098 el
891 4029 1055 4099 domibus
1079 4041 1185 4123 atque
1212 4031 1321 4118 locis,
1353 4043 1456 4123 prout
1482 4032 1518 4101 in
1546 4030 1769 4102 consessione
1795 4050 1863 4101 sua

425 4124 562 4216 plenius
588 4126 809 4212 continetur,
842 4125 1110 4198 determinando
1137 4140 1275 4221 tempus
1304 4141 1340 4199 et
1370 4130 1514 4199 modum
1540 4140 1575 4199 et
1605 4124 1673 4199 alia
1698 4148 1761 4221 per
1788 4149 1862 4219 que

425 4221 612 4293 videbatur
640 4225 751 4316 prima
775 4224 863 4294 sanie
888 4223 1005 4293 dicere
1030 4225 1233 4296 ceritatem.
1256 4227 1363 4316 ltem,
1392 4239 1472 4320 post
1491 4226 1638 4318 primam
1661 4225 1860 4297 consessio·

424 4340 503 4389 nem
523 4341 622 4389 suam
654 4323 777 4391 laetam
806 4322 851 4391 de
872 4321 1037 4414 predictis
1063 4323 1129 4393 luit
1151 4324 1341 4416 requisitus
1368 4335 1404 4395 et
1432 4324 1697 4396 reexaminatus
1725 4323 1861 4417 pluries

423 4416 575 4488 diversis
604 4418 739 4489 vicibus
760 4430 796 4489 et
820 4418 1037 4512 temporibus
1065 4429 1180 4490 utrum
1206 4432 1325 4492 essent
1351 4443 1436 4492 vera
1460 4422 1519 4493 illa
1548 4443 1618 4514 que
1644 4421 1863 4515 deposuerat

422 4527 543 4586 contra
566 4515 741 4607 predictos
760 4515 922 4588 homines
942 4518 987 4587 de
1013 4518 1102 4589 lacto
1121 4517 1271 4607 heresis,
1301 4530 1335 4590 et
1360 4521 1529 4591 continue
1556 4519 1803 4614 perseveravit
1823 4520 1861 4589 in

424 4612 534 4705 prima
554 4612 776 4705 depositione
794 4635 955 4686 asserens
975 4635 1052 4685 eam
1074 4617 1212 4708 penitus
1231 4638 1309 4688 esse
1327 4638 1470 4706 veram,
1493 4639 1558 4688 nec
1576 4617 1711 4709 aliquid
1736 4617 1860 4689 varia-

424 4710 475 4780 vit
494 4711 529 4780 in
551 4711 693 4797 eadem,
716 4733 780 4783 nec
802 4713 836 4781 in
863 4711 967 4784 modo
986 4713 1150 4800 dicendi,
1172 4715 1290 4786 necin
1312 4726 1489 4810 tempore,
1514 4715 1635 4787 necin
1664 4714 1772 4803 locis,
1794 4737 1861 4810 per

457 5018 494 5087 (l)
510 5020 595 5076 Casus
609 5024 689 5076 istius
702 5025 832 5077 sententie
848 5023 879 5077 dc
893 5023 966 5088 sacto
979 5024 1036 5091 full
1053 5024 1175 5092 Thelme,
1192 5041 1267 5080 anno
1282 5027 1392 5081 Domini
1404 5026 1585 5084 reddente.
1602 5026 1630 5082 A
1643 5027 1670 5082 la
1685 5041 1796 5098 merge.
