4574 6404
429 645 497 714 tut)
712 658 874 711 rnacrrcn
901 659 1139 725 rnoursrrronrs
1167 659 1329 712 rrnunrree
1354 657 1565 709 univimus.

424 833 460 891 et
493 821 571 908 jura
604 817 828 888 ecclesiarum
863 827 898 887 et
935 816 1087 887 officium
1115 817 1354 909 inquisitionis
1390 816 1544 887 heretice
1576 820 1757 910 pravitatis
1791 841 1855 911 pro

426 917 562 987 viribus
582 915 792 985 defendatis.

473 1015 544 1085 Hec
562 1026 678 1084 autem
702 1012 818 1083 omnia
839 1014 940 1083 vobis
960 1014 1176 1106 injungimus
1197 1024 1330 1084 retenta
1348 1013 1451 1083 nobis
1470 1025 1505 1081 et
1529 1024 1686 1083 nostrum
1708 1013 1855 1085 cuilibet

424 1135 465 1184 ac
502 1114 630 1182 nostris
673 1112 707 1179 iu
744 1109 858 1180 officio
899 1111 1135 1203 inquisitionis
1174 1111 1437 1182 successoribus
1480 1111 1637 1202 plenaria
1675 1122 1852 1202 potestate

424 1209 596 1296 addendi,
615 1208 856 1291 diminuendi,
875 1209 1112 1279 commutandi
1127 1231 1168 1280 ac
1185 1212 1289 1279 etiam
1309 1209 1510 1278 remittendi
1530 1208 1564 1277 in
1581 1209 1736 1300 predicta
1752 1210 1852 1301 peni·

427 1310 534 1379 tentia
550 1308 626 1378 sive
645 1326 755 1397 pena,
777 1308 807 1375 si
829 1317 864 1375 et
879 1306 1173 1399 quandocumque
1193 1307 1295 1377 nohis
1313 1305 1368 1375 vel
1390 1308 1441 1375 cis
1462 1306 1576 1376 visum
1597 1305 1704 1376 inerit
1721 1306 1854 1377 lacien-

425 1407 522 1476 dum.
545 1405 628 1474 Data
650 1403 714 1472 luit
737 1402 802 1472 hec
827 1404 1018 1494 penitentia
1038 1426 1151 1490 anno,
1174 1405 1232 1474 die
1248 1417 1283 1474 et
1303 1404 1380 1474 loco
1399 1415 1434 1472 et
1462 1403 1684 1495 presentibus
1704 1404 1856 1475 testibus

425 1504 554 1595 quibus
573 1522 693 1595 supra.

472 1602 508 1670 Si
541 1621 627 1670 vero
647 1621 691 1669 ex
717 1599 833 1691 aliqua
859 1609 953 1669 certa
982 1620 1087 1670 causa
1114 1600 1217 1670 alicui
1246 1621 1308 1670 seu
1338 1599 1515 1690 aliquibus
1544 1599 1655 1690 gratia
1692 1599 1856 1670 notabilis

425 1699 529 1769 luerit
546 1698 795 1790 exprimenda,
818 1699 945 1787 poterit
968 1698 1018 1767 sic
1040 1699 1147 1768 scribi
1170 1699 1236 1768 isto
1260 1697 1386 1782 modo,
1410 1708 1488 1790 post
1513 1696 1599 1766 illud
1627 1697 1672 1768 de
1690 1698 1856 1768 crucibus

426 1797 483 1867 ubi
505 1796 632 1865 dicitnr
650 1816 755 1887 supra
779 1820 787 1862 ι
810 1801 874 1864 aut
891 1794 1061 1885 deficient
1077 1801 1256 1879 velustate,
1278 1795 1428 1865 addatur
1445 1796 1496 1863 sic
1519 1821 1526 1861 :

473 1894 549 1963 Tibi
571 1914 654 1962 vero
672 1893 729 1962 tali
749 1893 794 1962 de
815 1895 874 1962 tali
890 1893 985 1977 loco,
1007 1893 1271 1964 considerantes
1289 1892 1383 1984 qnod
1405 1892 1440 1959 iu
1456 1892 1678 1963 conlessione
1694 1904 1752 1961 tna
1773 1914 1856 1985 per·

424 2012 589 2062 severans
609 2004 643 2060 et
664 2003 804 2082 paratus
832 1993 1011 2082 suscipere
1041 1991 1265 2083 penitentiam
1295 2011 1357 2081 pro
1382 1989 1579 2060 commissis
1598 2011 1618 2059 a
1639 2000 1673 2059 te
1700 1991 1736 2058 in
1764 1991 1857 2062 lacto

425 2089 560 2159 heresis
580 2088 744 2158 detentus
763 2091 799 2156 in
819 2108 959 2158 carcere
973 2100 1022 2159 tot
1039 2089 1140 2158 annis
1157 2087 1428 2184 (eoeprimantnr
1442 2087 1544 2177 aner)
1561 2108 1686 2180 penam
1704 2089 1856 2159 carceris

425 2186 642 2270 sustinuisti,
668 2188 842 2278 parcimus
865 2207 911 2255 ex
933 2186 1172 2256 misericordia
1191 2208 1211 2256 a
1231 2187 1353 2276 majori
1378 2206 1467 2278 pena
1491 2206 1553 2255 sen
1576 2186 1765 2277 penitentia
1792 2186 1856 2256 tihi

426 2285 564 2369 debita,
587 2284 633 2354 de
661 2283 771 2374 gratia
791 2283 952 2375 speciali,
975 2295 1242 2376 compensantes
1269 2285 1331 2354 tibi
1361 2304 1485 2375 penam
1511 2282 1668 2375 preteriti
1688 2287 1856 2376 temporis

428 2384 641 2476 profuturo.

474 2480 549 2550 Tibi
568 2501 654 2551 vero
674 2479 748 2563 tali,
773 2479 894 2548 detali
914 2480 1003 2565 loco,
1025 2493 1059 2551 et
1080 2481 1140 2549 tali
1154 2482 1257 2549 uxori
1278 2491 1336 2549 tue
1356 2490 1498 2571 propter
1519 2489 1566 2556 te,
1587 2478 1857 2551 considerantes

425 2578 518 2671 quod
546 2591 580 2647 tu
611 2578 644 2646 in
672 2597 771 2647 muro
796 2577 952 2648 existens
977 2578 1080 2648 talem
1112 2576 1304 2647 hereticum
1334 2577 1521 2660 revelasti,
1556 2578 1640 2646 item
1671 2587 1855 2647 tractatum

425 2677 504 2746 talis
535 2676 580 2746 de
607 2686 719 2745 morte
748 2674 964 2766 inquisitoris
993 2675 1200 2767 tempestive
1223 2684 1258 2744 et
1277 2669 1317 2770 [p
1349 2675 1394 2743 55
1423 2670 1458 2770 b]
1480 2673 1630 2765 provide
1655 2672 1857 2764 siguificare

424 2775 572 2858 curasti,
595 2787 629 2843 et
648 2784 817 2864 qnantum
839 2774 928 2843 inte
949 2775 1013 2843 luit
1034 2773 1188 2866 periculo
1211 2773 1305 2863 quod
1329 2773 1489 2842 accidere
1512 2781 1649 2862 poterat
1666 2773 1855 2860 occuristi,

423 2872 644 2942 attendentes
664 2871 768 2940 etiam
798 2870 893 2961 qnod
920 2871 1082 2941 detentus
1104 2873 1140 2938 in
1162 2890 1262 2939 muro
1283 2869 1400 2939 multis
1422 2869 1524 2939 annis
1550 2869 1728 2961 pacienter
1747 2874 1856 2941 susti·

424 2970 544 3054 unisti,
569 2969 742 3062 parcimus
762 2989 781 3038 a
802 2989 891 3060 pena
913 2968 1070 3062 relapsus
1090 2980 1125 3038 et
1146 2967 1391 3038 inmorationis
1416 2989 1462 3038 ex
1488 2966 1729 3037 misericordia
1753 2978 1790 3038 et
1810 2990 1858 3039 ex

423 3068 534 3159 gratia
552 3079 654 3137 antea
677 3066 738 3136 tibi
760 3068 951 3159 promissa,
978 3067 1007 3136 si
1033 3066 1226 3136 hereticum
1252 3065 1442 3136 revelares.
1472 3063 1524 3134 Et
1549 3063 1599 3135 sic
1620 3063 1665 3135 de
1690 3065 1857 3136 mesimi-

424 3164 509 3234 libus
527 3164 642 3235 causis
653 3163 785 3256 poterit
804 3163 1030 3233 consimiliter
1046 3162 1154 3234 scribi
1172 3169 1203 3232 ei
1216 3163 1378 3255 emprimi
1395 3163 1464 3234 loco
1482 3184 1556 3233 suo.

427 3422 484 3483 15.
511 3420 666 3483 Monitio
691 3427 821 3484 contra
850 3419 935 3482 illos
961 3419 1021 3498 qni
1048 3418 1208 3481 irrident
1234 3425 1299 3481 aut
1324 3418 1524 3482 molestant
1550 3433 1657 3482 cruce
1687 3418 1857 3494 signatos

854 3543 959 3590 suam
975 3526 1218 3606 penitentiam
1236 3525 1425 3590 facientes.

473 3774 510 3842 ln
528 3773 669 3842 nomine
686 3771 838 3857 Domini,
859 3791 975 3841 anien.
994 3770 1077 3840 Cum
1098 3771 1292 3840 secundum
1310 3789 1432 3840 vocem
1448 3767 1664 3839 Dominicam
1681 3780 1717 3839 et
1733 3789 1857 3839 exem·

426 3871 522 3964 plum
553 3870 691 3940 Domini
717 3870 824 3939 lhesn
852 3868 977 3937 Christi
1006 3880 1208 3960 peccatores
1235 3868 1306 3937 sint
1333 3866 1378 3936 ad
1409 3866 1636 3958 penitentiam
1661 3866 1856 3955 invitandi,

423 3969 583 4060 gaudere
603 3978 766 4061 opportet
784 3967 813 4035 si
839 3966 1067 4059 penitentiam
1088 3965 1155 4035 sibi
1180 3965 1379 4057 impositam
1407 3964 1585 4055 pacienter
1606 3966 1804 4034 sustineant
1823 3976 1859 4035 et

424 4067 647 4159 subportant.
668 4064 745 4148 Quo
765 4066 857 4133 circa
876 4083 940 4133 nos
960 4064 1189 4154 inquisitores
1209 4062 1332 4155 prelati
1353 4081 1537 4132 monemus
1554 4061 1678 4150 semel,
1699 4061 1858 4135 secundo

423 4184 464 4233 ac
489 4163 597 4234 tercio
616 4160 850 4255 peremptorie
870 4181 910 4230 ac
931 4163 1064 4255 precise
1083 4173 1118 4230 et
1133 4160 1324 4230 districtius
1341 4158 1541 4229 inhibemus
1559 4181 1603 4230 ue
1625 4158 1723 4252 quis,
1741 4160 1859 4250 cujus·

424 4281 574 4352 cumque
601 4259 814 4331 conditionis
842 4270 903 4328 ant
925 4269 1036 4328 status
1056 4259 1206 4345 existat,
1233 4257 1430 4328 irrisionem
1457 4256 1609 4348 aliquam
1639 4267 1701 4327 aut
1728 4256 1857 4328 moles·

425 4361 506 4428 tiam
540 4370 719 4451 presumat
748 4357 877 4426 inlerre
903 4357 1142 4449 penitentibus
1168 4355 1297 4447 quibus
1323 4375 1445 4424 cruces
1465 4375 1528 4448 pro
1553 4355 1700 4426 crimine
1718 4354 1857 4426 heresis

423 4467 507 4526 sunt
524 4455 688 4547 imposite
706 4466 741 4525 et
757 4456 926 4545 injuncte,
950 4476 1011 4525 sen
1033 4453 1225 4546 penitentie
1240 4452 1439 4546 disciplina,
1460 4474 1524 4522 seu
1543 4472 1767 4545 quecumque
1785 4451 1856 4524 alia

423 4574 487 4647 pro
510 4553 604 4623 dicto
623 4552 770 4623 crimine
787 4554 930 4623 nomine
949 4552 1140 4644 penitentie
1160 4562 1242 4621 sunt
1262 4552 1434 4642 injuncta,
1457 4571 1560 4621 neca
1578 4551 1665 4621 locis
1683 4549 1854 4644 propriis,

425 4672 489 4722 nec
508 4671 528 4720 a
547 4650 793 4721 communibus
811 4649 1029 4721 commerciis
1049 4649 1305 4733 excludantur,
1327 4670 1372 4719 ne
1390 4670 1452 4741 per
1471 4648 1537 4719 hec
1555 4659 1617 4719 aut
1635 4647 1703 4718 hiis
1723 4647 1856 4719 similia

424 4749 622 4818 retardetur
636 4750 822 4819 conversio
865 4757 1076 4833 eccatorum,
1098 4757 1133 4817 et
1152 4767 1197 4817 ne
1216 4745 1379 4818 conversi
1394 4765 1414 4814 a
1432 4745 1624 4839 penitentia
1645 4745 1858 4839 resipiscant

424 4865 487 4916 seu
508 4867 553 4916 ex
573 4845 641 4915 hiis
661 4847 717 4916 vel
738 4845 816 4916 aliis
840 4769 881 4942 fh
901 4844 946 4912 55
964 4840 996 4940 c]
1020 4845 1207 4937 prebeatur
1221 4843 1355 4915 eisdem
1375 4845 1513 4915 occasio
1532 4843 1731 4916 relabendi.
1751 4841 1857 4927 Quod

424 4942 454 5012 si
472 4963 574 5014 secus
591 4964 611 5013 a
627 4963 802 5036 quoquam
820 4942 925 5013 luerit
943 4952 1206 5036 attemptatum,
1223 4952 1345 5013 contra
1365 4944 1572 5013 temerarios
1587 4951 1855 5034 presumpturos

426 5050 591 5133 tauquam
621 5051 742 5112 contra
771 5039 998 5133 impedituros
1024 5061 1087 5111 seu
1115 5040 1351 5112 retardatores
1378 5039 1516 5132 negocii
1535 5037 1618 5110 fidei
1637 5049 1674 5112 et
1701 5038 1855 5134 inquisi-
