4574 6404
426 670 494 741 lit
710 684 873 736 unacum
900 683 1140 750 ruoursrrrcms
1167 682 1330 739 acumicr
1357 682 1568 734 enavimus.

423 845 613 916 Romanam
631 856 666 914 ct
686 864 802 934 regem
824 842 966 912 Francis
985 863 1030 914 cx
1051 864 1120 913 oua
1141 855 1256 935 parte,
1279 854 1314 912 ct
1333 841 1511 934 quondam
1528 841 1774 933 Raymnndum
1794 863 1861 913 co·

426 942 545 1012 mitem
568 939 802 1012 Tholosanum
823 960 868 1010 ex
887 939 1010 1025 altera,
1032 961 1102 1033 qne
1123 941 1305 1032 negocium
1334 938 1414 1009 fidei
1446 949 1590 1028 tangere
1610 938 1861 1024 dinoscuntur,

424 1040 515 1113 sicut
533 1039 745 1132 promotioni
765 1037 900 1128 negocii
919 1047 955 1106 et
973 1051 1163 1130 augmento
1184 1039 1294 1130 ipsius
1314 1035 1397 1106 fidei
1416 1035 1520 1105 luerit
1534 1046 1787 1128 opportunum.
1812 1035 1867 1108 Et

424 1137 529 1232 infru
549 1161 560 1204 .·
580 1136 686 1206 Vobis
704 1135 913 1204 auctoritate
936 1136 1148 1227 presentium
1171 1136 1308 1227 plenam
1328 1133 1556 1204 concedimus
1577 1134 1790 1204 facultatem.
1815 1173 1865 1187 -

425 1236 524 1319 ltem,
548 1235 581 1303 in
601 1234 668 1302 alia
690 1232 804 1301 littera
824 1232 981 1322 ejusdcm
1001 1233 1195 1303 Alexandri
1215 1253 1303 1324 pape
1319 1231 1395 1300 llll¹i
1414 1231 1682 1322 inquisitoribus
1702 1232 1735 1300 in
1757 1233 1860 1305 Lom-

425 1333 545 1404 bardia
566 1357 573 1399 :
593 1329 784 1423 Cupientes
797 1335 838 1399 ut
849 1329 1033 1420 negocium
1049 1329 1279 1424 inquisitionis
1296 1325 1337 1426 [θ’
1354 1328 1421 1396 lor
1438 1326 1472 1424 a]
1490 1326 1583 1398 vohis
1595 1329 1788 1401 continuisse.
1807 1327 1867 1403 Er

424 1430 530 1525 infra
551 1455 561 1496 :
581 1427 787 1498 Discrctioni
804 1439 922 1498 vestre
942 1449 1004 1520 per
1021 1428 1211 1521 apostolica
1232 1427 1359 1519 scripta
1382 1426 1588 1495 mandamus
1607 1428 1774 1517 quatinus
1795 1449 1863 1500 vos

425 1541 459 1598 et
478 1537 631 1597 vestrum
654 1525 780 1614 singuli
804 1546 865 1615 per
887 1547 1009 1595 omnes
1028 1528 1297 1596 communitates
1317 1523 1498 1594 civitatum
1526 1534 1561 1592 et
1582 1524 1735 1593 locorum
1757 1526 1863 1596 Lom-

424 1626 548 1696 bardie
567 1635 601 1693 et
629 1622 780 1692 lllarchie
807 1621 992 1693 Januensis
1018 1626 1061 1693 ad
1084 1623 1323 1716 recipiendum
1351 1633 1386 1690 et
1405 1622 1666 1691 observandum
1687 1625 1863 1694 constitu-

426 1725 540 1794 tiones
559 1722 769 1813 apostolicas
785 1732 905 1789 contra
923 1719 1097 1791 hereticos
1112 1722 1225 1791 editas
1239 1732 1345 1812 atque
1362 1718 1457 1808 leges
1476 1739 1564 1810 qoas
1583 1721 1762 1810 qnondam
1779 1720 1863 1792 Fre·

426 1820 565 1891 dericos
583 1818 665 1888 olim
686 1818 920 1889 Romanorum
943 1815 1147 1910 imperator,
1171 1830 1252 1887 tnnc
1272 1819 1306 1885 in
1332 1818 1523 1886 devotione
1549 1818 1740 1908 apostolice
1764 1818 1864 1890 sedis

426 1919 597 1997 existens,
619 1916 790 1984 adversus
811 1913 999 1986 hereticam
1022 1917 1227 2008 pravitatem
1254 1915 1409 1984 edidisse
1428 1914 1643 1996 dinoscitur,
1667 1936 1804 1986 necnon
1826 1928 1864 1986 et

428 2028 465 2083 ut
484 2014 600 2084 omnia
616 2013 660 2082 ab
678 2014 743 2094 eis,
765 2023 802 2080 ul
817 2013 957 2098 dicitur,
978 2015 1155 2105 editaque
1171 2014 1337 2105 predictis
1351 2012 1661 2081 constitutionibus
1672 2025 1706 2081 et
1723 2013 1864 2103 legibus

426 2111 692 2204 quomodolibet
711 2111 856 2179 obviare
875 2132 937 2180 seu
963 2133 1163 2202 processum
1200 2109 1437 2201 inquisitionis
1469 2109 1668 2196 hujusmodi
1699 2112 1892 2202 faciende,

427 2210 599 2303 impedire
619 2209 786 2277 videntur
806 2208 851 2277 de
868 2209 1121 2301 capitularibus
1141 2209 1214 2279 suis
1243 2229 1385 2299 prorsus
1408 2206 1593 2288 abradant,
1614 2219 1649 2277 ct
1665 2207 1794 2278 similia
1816 2210 1865 2280 de

426 2320 544 2379 cetero
559 2327 626 2376 nou
642 2316 863 2396 atteurptent,
879 2305 1071 2377 monitione
1081 2306 1266 2400 premissa,
1279 2326 1340 2398 per
1350 2305 1725 2375 excommunicationis
1739 2306 1772 2375 in
1786 2327 1866 2398 per·
1926 2379 1930 2387 ,

427 2427 532 2477 sonas
543 2405 621 2476 etin
634 2415 742 2473 terras
752 2423 874 2473 eorum
886 2404 1061 2475 interdicti
1074 2405 1282 2483 sententias,
1295 2402 1530 2495 appellatione
1543 2413 1690 2483 remota,
1707 2404 1862 2493 cogatis,

425 2527 494 2575 ooo
512 2504 673 2574 obstante
689 2500 717 2569 si
737 2500 929 2593 aliquibus,
947 2503 1181 2586 etc-ltcm,
1204 2504 1239 2570 in
1260 2501 1375 2570 littera
1392 2499 1582 2570 Clementis
1603 2521 1690 2592 pape
1709 2500 1786 2569 llll²i
1809 2502 1864 2572 io·

423 2600 653 2696 quisitoribus
673 2599 708 2667 in
728 2599 937 2670 Lombardia
957 2598 1079 2670 :Licet
1095 2623 1142 2670 em
1160 2598 1338 2679 omnihus,
1351 2595 1404 2667 Et
1423 2595 1547 2690 infru:
1567 2598 1608 2667 Et
1624 2597 1773 2668 faciendi
1793 2600 1861 2670 ob·

422 2699 556 2771 servari
579 2695 830 2767 inviolabiliter
845 2718 968 2769 omnes
988 2701 1257 2769 constitutiones
1269 2697 1480 2789 apostolicas
1495 2706 1529 2765 et
1545 2695 1640 2787 leges
1659 2696 1864 2788 imperiales

422 2819 485 2892 per
504 2797 681 2890 quondam
702 2793 923 2865 Fredericom
945 2796 1027 2868 olim
1043 2797 1276 2868 Romanorum
1300 2796 1561 2885 imperatorem,
1584 2805 1665 2863 tunc
1690 2794 1723 2861 in
1745 2794 1861 2865 ‹levo-

422 2899 518 2966 tioue
534 2895 690 2964 Romane
706 2892 859 2963 Ecclesie
874 2896 1133 2985 persistentem,
1148 2893 1266 2963 Padue
1287 2892 1525 2984 promulgatas
1544 2892 1718 2961 adversus
1738 2890 1863 2982 hujus·

423 2993 516 3063 modi
546 3003 678 3083 pestem
707 2989 861 3060 heretice
890 2991 1087 3083 pravitatis.
1110 2990 1164 3061 Et
1183 2990 1288 3085 insrc
1311 3015 1317 3058 :
1340 2989 1446 3059 Plena
1468 2990 1514 3058 sit
1532 2989 1633 3059 vobis
1653 3001 1687 3058 et
1710 2988 1863 3080 singulis

423 3104 579 3160 vestrum
603 3088 816 3181 presentium
841 3099 961 3161 tenore
983 3085 1150 3188 [l0l07b]
1170 3088 1493 3169 facultas-hem,
1514 3089 1549 3154 in
1568 3087 1680 3158 littera
1700 3086 1862 3177 ejusdcm

421 3186 610 3257 Clementis
634 3207 721 3279 pape
745 3185 821 3254 llllli
855 3199 890 3256 et
913 3188 1071 3278 Gregorii
1100 3208 1188 3280 pape
1216 3186 1257 3256 lli
1285 3198 1320 3255 et
1346 3184 1513 3278 Nicholay
1535 3205 1624 3276 pape
1644 3183 1719 3252 llllti
1740 3187 1860 3256 cousi·
1918 3200 1920 3204 ·

424 3285 517 3354 milis
549 3285 679 3354 tenoris
714 3283 981 3375 inquisitoribus
1015 3285 1254 3355 Tholosanis:
1291 3282 1366 3352 Pre
1394 3282 1539 3354 cunctis.
1572 3281 1623 3351 Et
1648 3281 1782 3374 infra:
1819 3283 1863 3354 Et

424 3383 575 3453 lacieudi
592 3381 774 3452 observari
797 3382 914 3452 omnia
934 3395 1062 3453 statuta
1090 3383 1238 3474 provide
1259 3381 1351 3451 edita
1375 3392 1442 3450 tam
1465 3402 1525 3472 per
1546 3379 1667 3449 sedem
1688 3381 1860 3471 apostoli-

423 3502 499 3551 cam
520 3501 624 3572 quam
645 3483 679 3548 in
700 3480 859 3550 conciliis
879 3481 1070 3572 legatorum
1092 3480 1250 3571 ejusdem
1268 3479 1378 3560 sedis,
1401 3480 1555 3548 cleliam
1576 3478 1611 3545 iu
1633 3479 1743 3547 lorma
1763 3479 1862 3570 pacis

425 3579 507 3649 olim
529 3578 614 3647 inite
631 3579 721 3646 inter
738 3576 927 3648 Romanam
949 3578 1137 3649 Ecclesiam
1159 3590 1194 3646 ct
1212 3577 1306 3646 clare
1328 3577 1495 3646 memorie
1516 3596 1632 3665 regern
1649 3574 1793 3647 Francie
1814 3598 1863 3648 ex

426 3689 523 3769 parte
555 3696 643 3760 uua,
684 3687 718 3744 et
744 3676 920 3766 qnondam
956 3676 1189 3746 Raimundum
1217 3676 1381 3744 comitem
1410 3673 1645 3743 Tholosannm
1679 3694 1725 3742 ex
1761 3688 1864 3765 parte

425 3776 549 3855 altera,
571 3794 640 3863 que
661 3772 843 3862 negocium
865 3771 945 3843 fidei
968 3786 1110 3863 tangere
1130 3770 1700 3862 dinoscuntur,sicutpromotioni
1721 3773 1865 3862 negocii

425 3884 459 3940 et
484 3871 758 3960 augmentationi
788 3867 871 3940 fidei
895 3871 998 3941 luerit
1022 3882 1279 3962 opportunum,
1313 3871 1413 3960 plena
1442 3870 1488 3938 sit
1514 3869 1617 3938 vobis
1646 3879 1679 3936 ct
1706 3868 1863 3959 siugulis

427 3981 581 4039 vestrum
605 3967 818 4060 presentium
841 3980 963 4039 tencre
983 3968 1140 4037 facultas,

475 4066 522 4135 [le
543 4065 707 4158 predictis
730 4065 834 4134 ctiam
863 4065 1012 4135 habetur
1040 4068 1075 4133 iu
1091 4067 1191 4155 jure,
1219 4065 1326 4135 Extra
1345 4064 1390 4135 de
1410 4064 1574 4134 hereticis
1594 4063 1683 4133 libro
1702 4063 1760 4132 Vl⁰
1782 4090 1790 4132 ;
1817 4064 1866 4136 Ut

424 4163 587 4256 officium
627 4162 871 4256 inquisitionis.
902 4162 956 4233 Et
982 4162 1121 4256 infru:
1158 4164 1183 4253 S
1213 4163 1405 4233 Statoimus
1436 4162 1580 4253 insuper
1612 4175 1649 4230 ut
1678 4174 1860 4253 potestas,

423 4263 641 4351 capitaneus,
664 4282 726 4329 seu
749 4273 874 4341 rector,
897 4261 953 4330 vel
974 4260 1150 4341 consoles,
1170 4282 1233 4331 seo
1254 4261 1371 4352 quivis
1392 4260 1450 4329 alii
1471 4260 1531 4351 qui
1551 4259 1685 4328 civitati
1711 4273 1863 4349 presunt

424 4359 480 4428 vol
499 4359 575 4428 loco
593 4358 691 4427 alleri
712 4358 756 4428 ad
779 4379 935 4449 presens,
958 4370 1019 4427 aut
1038 4359 1230 4449 preluerint
1251 4359 1285 4426 iu
1315 4361 1490 4431 loturum,
1515 4357 1559 4425 ad
1588 4359 1861 4448 requisitionem

424 4457 702 4549 dyocesanorum
729 4458 783 4525 vel
812 4448 1020 4526 vicariorum
1046 4477 1189 4524 suorum
1211 4477 1273 4526 scu
1293 4455 1540 4547 inquisitorum
1568 4453 1721 4523 heretice
1743 4457 1864 4547 pravi·

426 4555 505 4623 tatis
519 4556 639 4643 jurent
666 4554 799 4645 precise
818 4554 1001 4623 attendere
1022 4553 1287 4633 iuviolabiliter,
1305 4566 1341 4623 et
1358 4573 1516 4631 servare,
1538 4573 1578 4622 ac
1608 4553 1723 4621 lacere
1744 4572 1764 4621 a
1785 4554 1865 4624 suis

424 4653 575 4720 subditis
595 4653 777 4721 observari
798 4662 869 4720 toto
896 4663 1051 4743 tempore
1076 4653 1129 4719 sui
1155 4651 1335 4743 regiminis
1356 4653 1391 4719 in
1411 4651 1512 4719 terris
1531 4670 1595 4718 sue
1620 4649 1864 4737 jurisdictioni

426 4749 635 4840 regimiuive
655 4750 822 4837 subjectis
842 4749 1111 4819 constitutiones
1142 4761 1262 4819 contra
1283 4747 1477 4829 hereticos,
1505 4746 1711 4826 credentes,
1736 4767 1861 4840 recep·

427 4857 574 4925 latores,
606 4848 758 4915 lautores
784 4856 818 4915 et
847 4846 1051 4916 defensores
1079 4867 1200 4917 eorum
1225 4848 1455 4938 ipsorumque
1479 4843 1569 4914 filios
1598 4865 1639 4912 ac
1664 4855 1812 4934 nepotes
1841 4867 1863 4915 a

428 4936 469 5037 [τ’
491 4942 557 5010 lor
578 4941 610 5039 c]
638 4946 723 5012 sede
747 4945 936 5035 apostolica
969 4945 1204 5035 promulgatas
1230 4965 1271 5013 ac
1301 4944 1406 5013 etiam
1434 4943 1663 5035 approbatas,
1695 4963 1765 5033 qne
1797 4946 1863 5032 qui

423 5041 543 5129 jurare
564 5043 715 5110 uoluerit
736 5052 769 5108 et
788 5060 933 5110 servare
945 5092 955 5128 ,
983 5052 1020 5109 ut
1041 5041 1179 5111 inlamis
1196 5054 1231 5110 et
1249 5055 1412 5132 tanquam
1434 5040 1666 5109 hereticorum
1686 5040 1803 5109 lautor
1820 5060 1864 5110 ac

969 5702 1362 6020 a.
