4574 6404
913 673 1039 739 curum
1064 672 1161 725 nnus.
1339 717 1341 722 Α
1685 655 1757 729 tat

325 853 445 904 ueram
465 843 610 903 matrem
636 831 775 904 Domini
804 832 909 904 Jhesu
937 831 1087 915 Christi,
1119 851 1184 903 nec
1209 829 1320 899 inisse
1349 829 1531 899 mutierem
1551 829 1751 916 carnalem,

325 929 387 1002 sod
402 939 533 1001 sectam
552 950 654 1001 snam
675 942 710 1002 et
728 930 888 1004 ordinem
907 952 1009 1001 suum
1026 930 1148 1001 dicunt
1161 948 1240 998 esse
1254 925 1399 996 Mariam
1417 925 1620 1016 Virginem,
1643 926 1678 997 id
1700 938 1755 998 est

325 1047 443 1099 reram
466 1027 693 1121 penitentiam
717 1040 847 1099 castam
873 1038 908 1100 et
932 1028 1105 1118 virginem
1132 1046 1202 1118 que
1230 1034 1377 1113 generat
1396 1021 1487 1093 filios
1505 1023 1586 1105 Dei,
1609 1025 1752 1116 quando

327 1127 544 1219 recipiuntur
563 1125 608 1194 ad
625 1125 774 1197 eundem
794 1138 924 1196 sectam
946 1136 981 1195 et
993 1124 1166 1196 ordinem.
1190 1123 1298 1211 item,
1322 1120 1613 1192 resurrectionem
1630 1141 1752 1215 corpo·

324 1243 399 1293 rum
419 1223 653 1294 humanorum
672 1225 823 1294 futuram
845 1233 996 1315 negant,
1021 1223 1097 1293 ioco
1117 1222 1193 1312 ejus
1212 1218 1453 1309 confingentes
1471 1217 1622 1309 quedam
1642 1218 1748 1313 spiri-

325 1321 431 1391 tuaiia
447 1341 594 1414 corpora
615 1331 651 1390 et
667 1321 854 1413 quemdam
876 1321 1078 1391 interiorem
1096 1319 1296 1401 hominem,
1328 1317 1363 1385 in
1384 1314 1513 1408 quibus
1531 1325 1567 1386 et
1583 1316 1749 1408 qualibus

323 1416 446 1488 dicunt
464 1421 756 1489 resurrectionem
778 1418 928 1488 iuturam
948 1439 1026 1488 esse
1049 1415 1323 1509 intelligendam.

371 1515 550 1586 Prodictos
559 1535 697 1586 errores
708 1517 978 1609 etquampiures
998 1515 1085 1586 aiios
1096 1518 1157 1607 qui
1168 1536 1213 1584 ex
1228 1515 1279 1583 eis
1300 1511 1497 1583 necessario
1511 1524 1749 1582 consecuntur

320 1613 680 1684 tenentetcreduntet
689 1612 1252 1704 dogmatizant3etnichilominus‚
1262 1608 1411 1702 palliatis
1420 1605 1696 1775 verbisetphfflt
1710 1605 1746 1709 a]

321 1711 520 1795 rocubntis,
533 1711 644 1804 prima
656 1711 743 1781 facie
759 1707 1573 1803 videnturinexpertishominibusettaycisoon
1604 1707 1666 1777 teri
1682 1728 1746 1778 ve·

323 1829 397 1879 ram
409 1805 529 1892 fldem,
542 1807 936 1880 dicendosecrederein
947 1807 1055 1876 Deum
1070 1807 1220 1890 Patrem,
1230 1816 1265 1874 et
1276 1804 1415 1890 Filium,
1427 1803 1634 1895 etSpiritum
1645 1802 1749 1875 Sanc·

325 1915 412 1992 tum,
426 1917 618 1976 creatorem
631 1905 803 1985 omnium,
825 1919 914 1976 etse
933 1906 1077 1977 credere
1089 1899 1153 2001 [in]
1166 1912 1321 1973 sunctum
1337 1901 1527 1973 Romanam
1541 1900 1745 1988 Ecclesiam,

325 2015 359 2074 et
373 2003 408 2074 in
423 2002 610 2074 Domirmm
626 2003 767 2074 ihesum
783 2002 978 2088 Christum,
998 2015 1033 2074 et
1047 2005 1183 2074 beatum
1200 2000 1342 2070 Mariam
1360 1999 1539 2090 Virginem
1554 2052 1563 2084 ,
1581 2010 1616 2068 st
1633 2000 1747 2069 incar-

326 2101 500 2173 nationem
530 2112 565 2171 et
589 2101 788 2194 passionem
813 2114 848 2171 et
873 2101 1164 2172 resurrectionem
1185 2110 1220 2169 et
1238 2097 1476 2168 ascentionum
1498 2096 1655 2186 ejusdem
1676 2097 1745 2168 Dc·

327 2198 408 2269 mini
426 2198 532 2270 ihesu
560 2196 708 2284 Christi,
730 2210 765 2269 et
790 2210 947 2269 sanctum
971 2199 1207 2291 baptismum,
1233 2205 1268 2264 et
1294 2215 1413 2266 veram
1436 2195 1685 2288 penitentiam,
1713 2205 1748 2265 et

327 2317 447 2367 verum
465 2295 598 2388 Corpus
611 2293 752 2382 Christi,
772 2307 808 2366 et
824 2307 1080 2366 sacramentum
1104 2293 1330 2374 matrimonii,
1352 2314 1429 2362 cum
1448 2304 1578 2373 tamem
1600 2293 1748 2363 veritate

328 2393 528 2486 diligentius
547 2395 770 2476 examinata,
790 2393 957 2486 inquisita
981 2404 1016 2463 et
1032 2404 1231 2485 comperta,
1253 2392 1371 2462 omnia
1393 2390 1547 2484 predicta
1571 2389 1692 2460 dicant
1711 2391 1747 2459 in

328 2491 552 2586 dupplicitate
567 2503 603 2561 et
613 2490 763 2562 falsitate
777 2493 969 2562 secundum
980 2490 1195 2561 intellectum
1211 2508 1314 2560 suum
1325 2489 1488 2581 superins
1504 2497 1746 2580 expressatum

328 2602 361 2660 et
378 2590 617 2676 deciaratum,
638 2601 674 2658 ut
696 2589 743 2659 ita
768 2589 889 2658 fatiant
910 2588 1087 2682 simplices
1104 2598 1140 2659 et
1158 2589 1262 2658 etiam
1284 2607 1429 2677 magnos
1458 2586 1628 2657 litteratos
1648 2585 1748 2656 inex·

328 2698 464 2781 pert0s3
500 2697 536 2757 et
570 2706 693 2758 omnes
725 2687 899 2779 predictos
934 2707 1072 2757 errores
1098 2686 1172 2756 suis
1200 2684 1426 2756 credentibus
1450 2684 1687 2774 dogmatizant
1713 2694 1750 2753 ot

326 2795 528 2879 exponunt3
547 2796 582 2856 et
600 2797 782 2879 postquam
804 2785 932 2855 detecti
949 2795 1032 2854 sunt
1051 2796 1086 2853 et
1105 2783 1221 2853 celare
1240 2803 1309 2853 non
1322 2792 1481 2873 possunt,
1498 2802 1614 2851 coram
1633 2779 1748 2874 inqui-

327 2882 490 2954 sitoribus
511 2883 694 2952 manifeste
710 2882 926 2969 detendunt,
948 2893 1111 2952 asserunt
1130 2893 1165 2949 et
1182 2881 1346 2949 fatentur.
1364 2878 1406 2948 Et
1425 2901 1471 2948 ex
1489 2890 1570 2948 tunc
1587 2899 1675 2970 opus
1695 2888 1751 2949 est

327 3001 385 3052 sos
403 2981 556 3053 exortari
573 2980 616 3050 ad
633 2979 899 3050 conversionem
917 2991 952 3051 et
966 2978 1154 3049 ostendere
1170 2978 1221 3047 eis
1236 2997 1389 3047 errorem
1407 2996 1510 3046 suum
1522 2976 1749 3067 quibuscum·

327 3099 394 3172 que
414 3078 527 3148 modis
541 3100 602 3171 per
618 3077 715 3148 viros
733 3079 886 3146 maxime
901 3087 1067 3170 expertos
1084 3086 1119 3145 et
1135 3075 1339 3146 industrios.
1423 3138 1426 3144 .

325 3209 331 3221 ·
371 3174 471 3246 Tales
487 3187 605 3246 autem
624 3175 796 3268 periectos
816 3171 1749 3264 hereticosconsueveruntinquisitoresdetinerediu·

329 3274 395 3344 tius
413 3273 597 3366 multipiici
613 3275 767 3343 ratione:
788 3274 914 3364 primo,
933 3283 970 3342 ut
984 3272 1027 3340 ad
1040 3273 1303 3342 conversionem
1315 3267 1750 3362 sepiusinvitentur‚quia

326 3373 510 3442 conversio
531 3371 650 3441 tatium
671 3382 724 3441 est
741 3371 927 3462 plurimum
950 3369 1043 3438 utitis
1071 3390 1117 3439 ex
1137 3367 1288 3460 eoquod
1309 3367 1495 3438 conversio
1515 3366 1749 3437 hereticorum

326 3467 583 3540 Manicheorum
600 3468 830 3540 communiter
851 3488 935 3536 vera
947 3476 1044 3537 estet
1062 3488 1141 3537 raro
1157 3465 1254 3552 ficta3
1270 3477 1305 3535 et
1321 3465 1464 3556 quando
1478 3474 1748 3546 convertuntur,

328 3566 496 3658 detegunt
513 3568 631 3635 omnia
652 3576 687 3635 et
704 3565 1060 3658 aperiuntveritatem
1073 3616 1083 3648 ‚
1096 3575 1130 3634 et
1150 3563 1309 3633 revelant
1321 3562 1747 3654 omnesoomplicessuos,

328 3665 422 3735 unde
440 3664 601 3757 sequitur
616 3684 764 3754 magnus
784 3663 927 3732 fructus.
953 3663 1054 3747 Item,
1073 3661 1241 3753 quamdiu
1271 3662 1473 3732 detinentur
1495 3661 1580 3729 tales
1606 3659 1749 3751 perfecti

327 3759 494 3842 heretici,
516 3761 700 3831 credentes
720 3771 754 3830 et
772 3760 960 3853 complices
981 3760 1184 3830 eorumdem
1214 3759 1350 3827 facilius
1369 3757 1579 3828 confitentur
1597 3769 1632 3826 et
1651 3755 1749 3826 dete-

327 3870 412 3951 gunt
430 3880 470 3930 se
487 3870 522 3929 et
537 3858 647 3943 alios,
674 3859 834 3927 timentes
854 3857 963 3949 quod,
982 3858 1011 3926 si
1031 3856 1176 3925 heretici
1195 3866 1459 3942 convertuntur,
1481 3855 1690 3946 detegantur
1705 3853 1751 3922 ab

328 3956 387 4027 eis.
410 3956 598 4048 Postquam
618 3967 735 4026 autem
758 3955 877 4047 sepius
909 3949 950 4050 [i0
977 3953 1039 4022 134
1066 3951 1101 4050 b]
1133 3953 1262 4023 inerint
1282 3953 1418 4022 invitati
1446 3962 1481 4022 et
1507 3951 1681 4044 expectati
1705 3950 1752 4020 ad

325 4055 615 4140 couversionem,
632 4057 664 4123 si
681 4053 796 4123 redire
814 4052 990 4122 notuerint
1007 4063 1042 4122 et
1056 4054 1283 4144 apparuerint
1296 4051 1469 4131 indurati,
1489 4048 1690 4142 proceditur
1706 4047 1753 4117 ad

329 4153 536 4222 sententiam
553 4162 749 4222 contrusus
769 4160 804 4219 et
824 4150 1068 4241 relinquuntur
1083 4149 1227 4219 brachio
1244 4161 1279 4218 et
1291 4147 1420 4238 juditio
1440 4147 1602 4217 secuturi.

513 4404 547 4468 2.
571 4406 621 4468 De
643 4404 749 4469 modo
772 4411 808 4467 et
828 4404 903 4466 ritu
925 4403 1074 4466 vivendi
1095 4404 1259 4481 ipsorum
1283 4401 1570 4465 Menioheorum.

376 4649 424 4720 Do
441 4650 508 4718 ritu
526 4659 642 4718 autem
663 4659 699 4718 et
719 4647 823 4717 modo
852 4645 993 4715 vivendi
1019 4658 1053 4716 et
1078 4644 1312 4716 conversandi
1343 4644 1498 4738 ipsorum
1520 4643 1753 4715 hereticorum

329 4747 473 4840 expedit
494 4748 589 4837 tangi
608 4745 746 4837 aliqua,
769 4765 918 4838 perque
938 4754 973 4814 et
992 4742 1129 4812 facilius
1148 4754 1409 4834 cognoscuntur
1428 4755 1463 4812 et
1484 4739 1756 4833 deprehendun-

331 4854 398 4913 tur.

376 4941 412 5010 ln
435 4944 556 5034 primis
580 4943 698 5033 itaque
725 4940 906 5010 sciendum
936 4950 989 5008 est
1014 4941 1109 5030 quod
1134 4939 1200 5031 ipsi
1221 4939 1256 5007 in
1277 4937 1373 5007 nullo
1393 4958 1474 5007 casu
1489 4938 1623 5027 jurant.
1645 4934 1752 5023 item,

326 5039 488 5130 jejunant
505 5050 573 5110 tres
591 5038 880 5131 quadragesimas
897 5037 931 5105 in
950 5057 1058 5130 anno,
1074 5037 1241 5108 videlicet
1259 5056 1279 5105 a
1295 5036 1385 5106 festo
1399 5034 1509 5105 sancti
1524 5033 1627 5104 Bricii
1641 5053 1754 5126 usque
