4574 6404
843 688 994 741 suenum
1020 684 1121 740 exus·-
1654 671 1699 738 67

265 845 342 915 calli
372 865 434 937 per
459 844 599 936 aliquos
628 844 716 915 alios
742 847 891 936 majores
914 846 1075 916 dominos
1099 866 1161 916 seu
1189 845 1374 935 magistros
1396 845 1615 938 contingeret
1639 869 1697 918 oc-

265 943 406 1036 cupari,
428 942 488 1012 uhi
508 943 584 1036 ipse
602 941 669 1013 hoc
690 943 885 1035 requireret
904 955 939 1015 et
960 943 1090 1014 habere
1109 942 1231 1013 vellet.
1253 943 1398 1031 Datum,
1420 953 1487 1013 etc.

265 1194 325 1259 48.
350 1196 483 1261 Forma
497 1195 752 1276 requisitionis
767 1197 945 1260 librorum
963 1197 1215 1260 Talmutorum
1230 1197 1430 1260 iudeorum
1447 1198 1514 1261 sub
1530 1214 1625 1278 pena
1641 1217 1700 1263 sx-

802 1304 1164 1368 communicationis.

313 1520 433 1590 Frater
452 1518 651 1590 Bernardus
670 1519 854 1607 Guidonis,
877 1519 954 1590 ord.
969 1519 1121 1605 Predic,
1135 1518 1323 1610 inquisitor
1341 1518 1497 1591 heretice
1513 1521 1696 1614 pravitatis

263 1638 304 1688 ac
321 1615 471 1709 perfidie
485 1616 676 1688 iudeorum
698 1617 732 1686 in
751 1638 859 1708 regno
879 1616 1023 1686 Francie
1042 1638 1104 1710 per
1121 1617 1242 1686 sedem
1262 1617 1488 1709 apostolicam
1508 1619 1696 1710 deputatus

266 1709 307 1810 [l0
324 1714 370 1783 36
390 1711 441 1812 a],
461 1716 656 1786 venerabili
672 1735 713 1784 ac
731 1716 884 1786 discreto
904 1714 982 1784 viro
998 1714 1142 1785 domino
1157 1714 1306 1785 Iohanni
1326 1714 1370 1784 de
1387 1714 1562 1810 Crespeyo
1578 1738 1697 1808 super-

263 1812 462 1883 intendenti
493 1812 641 1903 negocio
667 1812 858 1884 iudeorum
891 1813 926 1880 in
957 1812 1163 1883 senescallis
1189 1811 1385 1882 Tholosana
1420 1822 1455 1883 et
1479 1813 1697 1886 Rutbenensi

264 1931 327 2002 per
344 1910 527 1981 dominum
549 1922 707 1981 nostrum
730 1933 849 2002 regem
870 1910 1015 1980 Francle
1037 1911 1224 2002 deputato,
1245 1909 1392 1981 salutem
1416 1910 1449 1979 in
1471 1922 1589 1982 actore
1613 1910 1695 1983 fidei

262 2007 412 2079 Domino
431 2007 537 2079 ihesu
557 2007 706 2079 Christo.
726 2007 872 2077 -Cum
893 2010 949 2102 pia
969 2008 1134 2079 voluntas
1155 2017 1189 2077 et
1204 2017 1298 2078 recta
1317 2008 1465 2078 intentio
1481 2008 1697 2080 christianis-

263 2105 342 2175 simi
371 2105 506 2176 domini
540 2108 649 2177 nostri
682 2107 775 2199 regis
803 2106 948 2177 Francis
975 2105 1125 2199 Philippi
1156 2116 1319 2176 versetur
1346 2106 1391 2175 ad
1424 2106 1696 2198 extirpationem

263 2223 421 2274 errorum
456 2214 492 2273 et
528 2205 745 2291 errantium,
783 2215 818 2274 et
855 2203 1104 2275 exaltationem
1141 2201 1224 2273 fidei
1262 2203 1461 2274 orthodoxe
1494 2204 1626 2296 ubique
1659 2205 1695 2275 in

263 2312 336 2372 toto
372 2321 482 2393 regno
516 2323 606 2388 suo,
640 2324 784 2373 suorum
822 2302 1085 2394 progenitorum
1119 2301 1154 2370 in
1190 2301 1257 2370 hoc
1296 2300 1362 2395 piis
1399 2300 1559 2392 vestigiis
1596 2302 1695 2373 inhe-

261 2398 395 2488 rendo,
423 2399 579 2492 velitque
607 2421 678 2471 non
707 2409 841 2471 tantum
871 2399 917 2470 de
952 2400 1119 2471 cordibus
1146 2420 1270 2469 verum
1303 2398 1408 2468 etiam
1440 2399 1486 2468 de
1516 2399 1696 2471 codicibus

263 2516 402 2568 omnem
437 2497 578 2568 errandi
614 2499 832 2569 occasionem
867 2507 902 2567 ct
936 2498 1117 2568 materiam
1154 2496 1311 2584 aboleri,
1338 2516 1378 2566 ac
1417 2496 1535 2567 ulcisci
1568 2497 1695 2569 blasle-

262 2593 349 2664 mius
387 2595 539 2665 nominis
575 2596 713 2667 Domini
751 2596 857 2666 ihesu
894 2595 1019 2665 Christi
1057 2605 1092 2665 et
1128 2615 1192 2664 sue
1228 2594 1449 2664 sanctissime
1486 2595 1691 2686 genitricis,

262 2702 297 2762 et
316 2692 361 2762 ob
387 2690 479 2762 hanc
500 2713 642 2763 causam
662 2694 826 2764 omnibus
850 2694 1053 2764 senescallis
1074 2692 1272 2784 ceterisque
1294 2691 1500 2782 justiciariis
1522 2704 1557 2763 et
1582 2694 1695 2764 inten-

261 2788 428 2859 dentibus
448 2791 596 2881 negocio
614 2789 804 2862 iudeorum
826 2791 861 2860 in
884 2800 955 2862 toto
975 2811 1085 2882 regno
1103 2810 1168 2860 suo
1187 2811 1248 2881 per
1268 2811 1350 2859 suas
1371 2802 1529 2882 patentes
1546 2791 1693 2881 litteras,

261 2885 306 2956 de
329 2887 461 2978 quibus
487 2889 590 2960 vobis
615 2890 761 2960 lecimus
787 2891 926 2984 plenam
947 2888 1075 2975 fidem,
1097 2887 1235 2958 dederit
1253 2887 1289 2956 in
1313 2887 1486 2957 mandatis
1503 2888 1597 2980 quod
1619 2909 1696 2959 orn-

261 3005 324 3054 nes
348 2984 459 3056 libros
487 2987 676 3079 omniaque
706 2988 834 3082 scripta
862 2987 1051 3059 iudeorum
1079 3007 1149 3078 que
1178 3006 1285 3077 penes
1313 3005 1378 3055 vos
1404 2985 1541 3056 habetis
1566 3008 1629 3057 seu
1659 2988 1695 3058 in

261 3081 348 3153 locis
368 3083 472 3154 vobis
492 3085 528 3153 in
551 3086 617 3156 hac
636 3098 735 3179 parte
754 3085 923 3180 subjectis
942 3084 1101 3178 poteritis
1123 3083 1303 3170 invenire,
1323 3083 1425 3154 nobis
1445 3082 1636 3179 exibeatis,
1659 3098 1697 3156 ut

260 3200 308 3251 ex
328 3181 381 3251 eis
398 3182 575 3274 possimus
594 3185 725 3275 eligere
745 3204 785 3254 ac
805 3183 909 3253 etiam
928 3202 1092 3275 separare
1111 3201 1234 3252 omnes
1251 3180 1359 3251 libros
1378 3192 1523 3252 vocatos
1540 3181 1696 3253 Talmntz

259 3288 295 3348 et
316 3277 406 3349 alios
431 3302 674 3374 quoscumque
697 3282 733 3350 in
758 3281 887 3374 quibus
913 3282 1137 3351 continentur
1160 3299 1297 3349 errores
1320 3278 1449 3372 pariter
1472 3290 1508 3349 et
1530 3278 1695 3353 horrores

259 3396 300 3447 ac
319 3374 505 3449 blaslemie
531 3379 564 3447 in
585 3379 772 3450 Dominum
791 3378 933 3450 ihesum
952 3377 1125 3448 Christum
1150 3388 1185 3446 et
1209 3377 1285 3468 ejus
1313 3377 1568 3447 sanctissimam
1595 3379 1695 3470 geni-

260 3473 381 3546 tricem
409 3486 445 3547 et
470 3476 663 3568 ignominie
685 3477 838 3549 nominis
860 3476 1064 3563 christiani,
1090 3475 1136 3547 ad
1155 3474 1433 3546 comburendum
1454 3474 1597 3546 eosdem
1619 3486 1695 3547 tau-

284 3594 366 3644 uam
400 3573 570 3667 reprobos
604 3587 640 3646 et
676 3575 810 3645 dudum
844 3595 907 3667 per
944 3574 1154 3645 sententiam
1188 3573 1321 3644 domini
1345 3571 1478 3644 Odouis
1506 3572 1694 3645 cardinalis

260 3594 303 3768 Fi>
327 3671 373 3739 36
399 3667 437 3769 b]
465 3672 571 3764 legati
604 3673 638 3741 in
665 3672 809 3742 Francia
839 3672 1143 3765 condempnatos;
1164 3670 1245 3743 ideo
1281 3692 1347 3742 vos
1382 3671 1593 3764 requirimus
1631 3693 1694 3764 per

260 3780 461 3862 presentes,
489 3770 664 3863 vobisque
695 3771 902 3840 mandamus
928 3792 975 3841 ex
1004 3781 1102 3862 parte
1131 3770 1255 3862 prelati
1280 3769 1415 3841 domini
1443 3769 1550 3840 nostri
1576 3769 1691 3860 regis,

259 3887 399 3939 necnon
424 3868 614 3938 autoritate
638 3868 829 3961 apostolica
855 3888 1039 3939 monemus
1069 3867 1197 3954 semel,
1223 3867 1380 3938 secundo
1405 3886 1446 3937 ao
1472 3865 1600 3953 tercio,
1626 3867 1694 3938 sub

258 3985 351 4058 pena
374 3966 768 4052 excommunicationis,
793 3987 898 4058 quam
930 3967 965 4035 in
995 3985 1081 4053 vos,
1103 3964 1171 4034 nisi
1197 3965 1348 4036 feceritis
1375 3974 1409 4036 et
1431 3962 1693 4057 compleveritis

259 4062 356 4157 quod
380 4064 595 4156 requirimus
621 4063 657 4133 in
683 4063 750 4134 hac
773 4076 893 4157 parte,
916 4063 1060 4134 ierimus
1079 4063 1114 4132 in
1140 4061 1208 4133 hiis
1230 4063 1389 4156 scriptis,
1409 4061 1575 4154 quatinus
1602 4061 1693 4131 inira

258 4160 394 4233 instans
421 4161 674 4254 carnipridinm
704 4182 827 4232 omnes
855 4161 963 4232 libros
991 4161 1180 4254 omniaque
1207 4160 1336 4254 scripta
1361 4159 1574 4243 iudeorum,
1601 4158 1693 4230 sicut

257 4257 494 4352 premittitur,
512 4261 615 4350 juxta
636 4270 791 4331 tenorem
813 4269 848 4330 et
867 4260 1014 4330 icrmam
1039 4259 1235 4329 litterarum
1260 4258 1455 4350 regiarum,
1477 4256 1580 4328 nobis
1600 4256 1692 4328 inte-

257 4355 402 4448 graliter
436 4377 477 4428 ao
511 4356 662 4427 fideliter
694 4357 868 4428 exibeatis
901 4368 936 4427 et
969 4356 1109 4451 plenius
1143 4355 1357 4444 ostendatis,
1385 4376 1449 4426 seu
1482 4354 1619 4426 exiberi
1657 4364 1693 4425 et

258 4453 398 4526 ostendi
425 4454 563 4549 plenius
590 4453 741 4541 laciatis,
763 4465 801 4524 ut
827 4454 950 4525 exeis
976 4454 1152 4548 possimus
1180 4453 1311 4544 eligere
1333 4474 1373 4524 ac
1398 4452 1503 4524 etiam
1527 4472 1692 4545 separare

256 4572 346 4645 qnos
377 4562 542 4646 tanquam
570 4553 739 4645 reprobos
765 4553 986 4622 continentes
1015 4571 1153 4622 errores
1187 4561 1223 4621 et
1255 4550 1457 4635 blasfemias
1486 4549 1691 4620 noverimus

256 4659 293 4721 et
317 4648 362 4721 de
392 4650 604 4742 sapientium
630 4650 778 4721 consilio
805 4649 1069 4720 decreverimus
1088 4648 1375 4738 comburendos;
1397 4648 1500 4719 vobis
1520 4648 1684 4740 insuper,

256 4746 303 4817 de
326 4748 427 4839 cujus
446 4748 659 4819 discretione
680 4767 722 4818 ac
745 4748 820 4819 zelo
841 4745 923 4817 fidei
946 4745 1081 4817 firmam
1102 4744 1267 4817 fiduciam
1288 4747 1509 4840 optinemuS,
1531 4745 1692 4815 commit·

255 4844 363 4916 timus
389 4855 425 4917 et
453 4847 680 4929 mandamus,
701 4845 884 4917 actoritate
907 4843 1099 4939 apostolica
1119 4865 1161 4916 ac
1179 4845 1285 4914 etiam
1305 4845 1423 4939 regia,
1442 4843 1608 4935 quatinus
1629 4863 1692 4935 per

254 4963 320 5015 vos
338 4963 403 5014 seu
428 4964 491 5037 per
510 4941 632 5015 fideles
651 4964 693 5015 ac
717 4945 853 5034 juratos
874 4954 1010 5015 vestros
1034 4963 1123 5035 quos
1143 4941 1188 5013 ad
1215 4942 1283 5013 hoc
1309 4942 1483 5013 duxeritis
1511 4941 1687 5035 deputan-

254 5040 341 5131 dos,
363 5041 497 5112 iacietis
524 5042 680 5135 perquiri
700 5041 813 5114 dictos
839 5041 947 5114 libros
972 5063 1037 5112 seu
1063 5040 1193 5135 scripta
1212 5040 1402 5113 iudeorum
1423 5040 1459 5110 in
1479 5039 1565 5112 locis
1585 5038 1688 5111 vobis
