4574 6404
911 705 1014 756 rurus
1042 704 1139 755 raus.
1719 688 1739 754 9

312 993 370 1060 10.
395 993 530 1057 Forma
544 991 733 1056 citationis
748 993 908 1056 secunde
925 999 1056 1057 contra
1072 992 1266 1069 iusittivos
1287 1007 1353 1072 pro
1373 993 1492 1056 heresi
1508 1000 1545 1056 at
1566 992 1607 1056 in
1629 1008 1746 1058 causa

844 1097 927 1164 ildei
943 1108 1193 1164 contumaces.

354 1344 473 1415 Frater
487 1344 882 1426 BeruardusGuidouis,
899 1344 977 1415 ord.
990 1344 1142 1427 Predic.‚
1156 1343 1356 1434 inquisitor,
1371 1355 1457 1436 etc,
1468 1342 1650 1437 capellano
1663 1345 1742 1416 talis

306 1442 395 1528 loci,
416 1453 543 1515 atc.—
558 1441 642 1512 Cum
656 1442 734 1513 talis
756 1441 1008 1536 parrochianus
1028 1455 1145 1513 vester
1160 1452 1345 1535 suspectus
1363 1452 1398 1512 et
1417 1441 1743 1512 diffamatusdahe·

308 1541 378 1612 resi
406 1541 453 1611 de
481 1540 648 1610 mandato
668 1551 789 1611 nostro
813 1561 857 1610 ex
885 1551 983 1633 parte
1002 1553 1118 1611 nostra
1147 1563 1208 1634 per
1237 1561 1301 1610 vos
1327 1539 1453 1609 citatus
1474 1539 1578 1610 luerit
1599 1539 1686 1610 alias
1706 1551 1743 1610 ut

310 1638 372 1710 tali
393 1638 452 1709 dia
480 1637 632 1709 Tholose
651 1659 767 1708 coram
789 1638 891 1708 nobis
915 1638 1144 1731 personaliter
1164 1649 1199 1708 et
1218 1637 1478 1730 perhemptoria
1503 1650 1740 1728 compararat,

309 1757 544 1828 responsurus
564 1735 609 1806 de
633 1733 702 1805 lide
723 1747 757 1806 et
784 1736 828 1804 de
857 1735 910 1805 bis
935 1759 1004 1828 que
1026 1736 1201 1807 commisit
1227 1737 1262 1804 iu
1283 1736 1373 1805 lacto
1392 1733 1526 1805 heresis
1549 1734 1741 1826 plenariam

309 1833 509 1922 veritatem,
531 1844 568 1904 el
586 1833 732 1902 minime
752 1835 985 1926 comparuerit
1006 1835 1096 1904 dicta
1115 1834 1185 1919 die,
1206 1856 1271 1903 nee
1288 1833 1415 1925 aliquis
1434 1853 1497 1925 pro
1517 1833 1641 1903 eodem
1663 1856 1742 1926 pro·

312 1940 452 2002 curator
472 1932 528 2002 vel
552 1931 657 2001 etiam
677 1943 885 2013 excusator,
904 1918 1026 2025 p'arere
1046 1931 1307 2024 subterfugiens
1327 1931 1360 1999 iu
1381 1951 1485 2000 causa
1505 1929 1587 2001 fidei
1608 1943 1643 2001 et
1660 1954 1743 2005 con·

310 2029 497 2099 tumaciter
516 2050 554 2099 se
575 2030 784 2115 absentans,
807 2030 1015 2103 auctoritate
1034 2030 1223 2122 apostolica
1242 2050 1309 2121 qua
1332 2028 1510 2118 fungimur
1529 2028 1630 2099 vobis
1646 2052 1743 2101 mau-

310 2125 436 2197 damus
457 2128 624 2218 quatinus
641 2127 685 2197 ad
707 2129 783 2218 ejus
808 2128 978 2197 maliciam
994 2141 1028 2198 et
1045 2128 1297 2197 contumaciam
1316 2121 1356 2222 [10
1371 2126 1392 2194 6
1410 2122 1443 2223 a]
1463 2127 1742 2198 convincendam

309 2223 451 2310 iterato,
473 2225 568 2316 qued
589 2236 642 2294 est
662 2225 834 2306 secundo,
852 2226 967 2296 citatis
987 2224 1246 2319 perhemptoria
1262 2225 1392 2293 dietum
1416 2224 1533 2307 talem,
1550 2225 1578 2294 si
1600 2247 1744 2317 presens

309 2332 475 2414 repertus
494 2321 618 2408 luerit;
643 2323 672 2392 si
692 2344 779 2393 vero
799 2344 944 2416 presens
961 2324 1126 2393 iuventus
1147 2345 1213 2394 nou
1232 2323 1348 2407 fuerit,
1365 2320 1615 2423 nichilominus
1630 2324 1744 2395 citetis

309 2440 391 2488 eum
415 2421 449 2489 iu
471 2420 547 2490 loco
568 2440 631 2489 seu
658 2421 837 2492 domicilio
859 2420 917 2489 uhi
939 2422 1066 2491 morari
1088 2442 1148 2491 seu
1172 2419 1329 2491 hahitare
1349 2420 1581 2490 communiter
1599 2442 1745 2492 consue·

307 2516 382 2606 vit,
404 2517 582 2608 adjunctis
602 2517 786 2588 vobiscum
809 2519 955 2590 testibus
975 2519 1045 2590 lide
1065 2520 1201 2609 dignis,
1224 2531 1259 2589 et
1281 2518 1526 2588 nichilominus
1548 2517 1638 2588 hauc
1660 2541 1743 2590 ean·

308 2613 386 2682 dem
413 2615 616 2686 citationem
646 2615 786 2708 publice
807 2618 941 2688 faciatis
961 2619 996 2687 in
1018 2617 1162 2689 ecclesia
1185 2629 1319 2703 restra,
1342 2616 1435 2687 clero
1455 2627 1490 2685 et
1511 2616 1639 2709 populo
1658 2639 1742 2688 con·

308 2723 458 2802 gregato
479 2713 610 2783 ibidem
639 2716 682 2782 ad
708 2715 923 2786 audiendum
950 2716 1090 2802 diviua,
1113 2714 1287 2786 dominica
1315 2714 1371 2783 tali
1399 2724 1433 2784 et
1459 2713 1598 2783 duobus
1618 2715 1744 2788 diebus

309 2808 438 2880 talibus
464 2811 625 2903 proximo
642 2813 887 2903 sequentibus,
909 2836 1057 2906 quorum
1079 2814 1214 2884 dierum
1236 2812 1426 2905 quemlibet
1446 2833 1509 2904 pro
1527 2811 1642 2883 edicto
1658 2814 1743 2884 cita-

308 2906 415 2979 tionis
436 2908 700 3002 perhemptoria
720 2911 955 3001 assignamus,
973 2925 1011 2982 ut
1033 2911 1090 2982 tali
1112 2912 1170 2981 dic
1189 2932 1293 3002 quam
1314 2930 1375 3001 pro
1392 2912 1540 2980 termino
1556 2909 1743 3006 perhemp-

309 3005 398 3077 torio
419 3008 663 3098 assignamus,
684 3005 853 3092 Tholose,
876 3010 910 3078 iu
932 3010 1038 3081 domo
1059 3009 1295 3103 inquisitionis
1308 3006 1411 3100 juxta
1431 3007 1586 3076 Castrum
1608 3009 1743 3082 Narbo-

309 3124 434 3192 nansa,
453 3104 686 3199 personaliter
696 3116 731 3174 et
742 3106 1003 3199 perhemptoria
1023 3118 1222 3200 compareat
1236 3127 1353 3176 eoram
1373 3105 1486 3192 uobis,
1506 3127 1741 3198 responsurus

309 3199 353 3269 de
370 3200 442 3274 fida
461 3214 497 3273 at
516 3201 561 3273 de
581 3201 636 3273 his
661 3223 730 3293 que
749 3204 923 3273 commisit
941 3204 975 3273 in
997 3205 1086 3276 iacto
1110 3205 1243 3274 heresis
1264 3202 1454 3297 plenariam
1477 3206 1683 3293 veritatem,
1706 3220 1741 3277 at

307 3318 422 3387 suam,
445 3301 474 3369 si
497 3300 700 3370 volucritat
727 3300 881 3392 legitime
902 3304 1067 3394 potuerit,
1091 3303 1343 3372 contumaciam
1366 3313 1595 3395 purgaturus,
1618 3315 1652 3373 et
1673 3306 1742 3373 lac-

310 3405 410 3467 turus
430 3395 517 3468 alias
538 3409 641 3490 prout
660 3397 767 3468 luerit
785 3399 950 3485 rationis,
976 3400 1176 3470 intimantes
1199 3411 1234 3470 et
1259 3398 1396 3492 publice
1420 3399 1674 3470 denunciantes
1695 3423 1741 3472 ex

309 3506 408 3587 parte
436 3507 554 3566 nostra
576 3493 670 3587 quod
699 3496 765 3566 nisi
794 3498 1029 3591 comparuerit
1055 3498 1146 3568 dicta
1175 3498 1252 3580 die,
1280 3508 1399 3569 contra
1432 3496 1544 3588 ipsum
1574 3509 1738 3590 tanquam

309 3603 429 3664 contra
447 3605 650 3685 suspectum
671 3592 715 3662 de
734 3593 850 3665 heresi
869 3607 904 3665 et
923 3608 1163 3669 contumacem
1183 3595 1217 3663 iu
1238 3615 1342 3664 causa
1361 3591 1458 3679 fidei,
1481 3608 1516 3664 et
1537 3596 1739 3687 litgittivum

308 3710 373 3780 pro
402 3691 493 3762 lacto
518 3689 677 3777 heresis,
709 3693 939 3783 procedemus
969 3714 1030 3786 per
1059 3691 1439 3763 excommunicacionis
1466 3697 1675 3764 sententiam
1698 3709 1740 3785 'at

308 3787 396 3858 alias
416 3788 563 3859 ultarius
584 3788 778 3860 secundum
800 3811 901 3859 usum
918 3801 952 3859 et
967 3790 1085 3860 stilum
1102 3811 1142 3860 ac
1160 3790 1344 3882 privilegia
1360 3789 1465 3860 cilicii
1486 3791 1737 3882 inquisitionis,

308 3895 413 3976 prout
437 3896 472 3956 et
498 3898 668 3978 quantum
690 3887 734 3957 de
757 3891 837 3978 jure
862 3888 967 3957 fuerit
986 3899 1020 3957 et
1048 3888 1137 3959 ratio
1163 3888 1346 3970 suadebit,
1368 3908 1430 3958 sua
1459 3889 1679 3960 coutumacia
1704 3901 1740 3960 et

308 3982 446 4053 malicia
465 3983 644 4074 exigente.
666 3985 714 4053 De
740 3984 894 4079 predicta
922 4007 1008 4057 vcro
1034 3986 1200 4057 citatione
1226 3985 1359 4055 faciatis
1385 3984 1459 4055 fieri
1482 3985 1661 4077 publicum
1684 3988 1739 4056 ie-

308 4088 561 4168 strumentum,
583 4093 619 4153 et
646 4082 839 4173 insignum
866 4105 907 4153 ac
928 4083 1165 4155 testimonium
1195 4078 1236 4178 [l0
1255 4082 1276 4150 6
1297 4078 1333 4178 b]
1361 4085 1487 4177 recepti
1515 4096 1549 4153 et
1573 4084 1737 4175 completi

308 4178 463 4248 mandati
492 4180 620 4267 nostri,
650 4179 802 4271 sigillum
830 4191 985 4251 vestrum
1017 4181 1237 4274 presentibus
1265 4181 1461 4271 apponatis.
1492 4181 1615 4249 Datum
1643 4180 1737 4252 Tho-

308 4273 400 4362 lose,
423 4286 490 4347 ele.

455 4538 511 4598 11.
536 4535 630 4598 Item
646 4533 762 4598 forma
777 4534 852 4597 alia
866 4533 1038 4613 specialis
1053 4534 1194 4597 citandi
1211 4534 1373 4598 notorios
1388 4534 1592 4611 fugituros.

356 4778 476 4848 Frater
499 4776 699 4848 Beruardus
726 4777 915 4862 Gnidouis‚
946 4776 1024 4847 ord.
1046 4775 1198 4863 Predic.‚
1226 4776 1431 4869 inquisitor,
1451 4792 1535 4865 eto,
1558 4781 1740 4872 capellano

308 4876 387 4947 talis
407 4875 567 4960 ecclesie,
591 4887 657 4946 ete.
682 4873 821 4944 -Cum
840 4874 1177 4968 perinquisitiouem
1198 4889 1307 4968 atper
1329 4889 1435 4947 testes
1456 4879 1489 4946 iu
1510 4878 1738 4970 inquisitione

308 4973 463 5066 legitime
482 4983 643 5065 receptos
664 4973 903 5045 invenerimus
922 4970 996 5067 (cel
1009 4971 1058 5043 sic
1078 4997 1089 5039 .·
1111 4972 1327 5069 inveniatur)
1347 4974 1442 5066 qood
1463 4975 1541 5046 talis
1556 4977 1598 5047 N.
1616 4978 1661 5050 da
1680 4979 1737 5048 tali

308 5070 385 5144 loco
404 5072 513 5141 multa
533 5071 749 5142 commiserit
769 5071 804 5140 in
827 5071 916 5142 lacto
936 5070 1070 5142 heresis
1093 5068 1165 5164 (nel
1180 5071 1229 5142 sic
1254 5097 1260 5140 :
1285 5072 1393 5143 mulla
1419 5074 1634 5146 commiserit
1658 5098 1738 5146 euru

1563 5197 1581 5257 2
