4574 6404
427 679 498 748 tta
713 697 876 751 emcrrca
903 698 1143 765 rnonrsrrroms
1169 700 1331 753 nmnrrcn
1356 699 1568 752 rnxvrrnrrs.

430 855 491 947 qni
512 855 614 925 etiam
636 856 769 925 destrui
790 877 858 926 non
880 869 1025 950 possunt
1046 859 1111 929 nisi
1131 859 1356 929 destruantur
1375 869 1632 951 receptatores,
1653 859 1808 932 fautores
1825 871 1865 932 et

430 952 634 1023 defensores
654 973 790 1038 eornm,
810 954 899 1023 sicut
916 959 951 1024 in
970 955 1047 1046 lege
1065 956 1110 1026 de
1126 956 1260 1027 loribus
1278 956 1495 1026 continetur:
1511 955 1612 1038 Quod
1631 978 1701 1027 non
1712 968 1866 1050 possunt

429 1051 577 1133 destrui,
600 1050 665 1120 nisi
689 1051 792 1120 simul
814 1052 1040 1122 destruantur
1060 1065 1095 1123 et
1109 1048 1230 1149 [etto
1251 1049 1286 1150 b]
1309 1054 1479 1125 furtorum
1501 1055 1861 1127 occultatores.=1les·

430 1158 593 1217 truuntur
612 1160 728 1218 antem
751 1147 893 1219 heretici
914 1150 1137 1243 duppliciter,
1158 1173 1227 1222 uuo
1245 1151 1349 1222 modo
1367 1172 1446 1220 cnm
1467 1151 1512 1220 ab
1531 1151 1645 1222 heresi
1666 1152 1711 1221 ad
1732 1175 1857 1224 veram

428 1245 633 1316 catholicam
644 1245 748 1316 fidem
758 1259 1027 1330 convertuntur,
1034 1250 1135 1339 juxta
1145 1249 1233 1318 illud
1244 1248 1412 1319 Proverb.
1423 1248 1497 1332 Xll,
1511 1243 1561 1346 [7]
1576 1274 1583 1317 ε
1598 1249 1857 1344 Verteimpios,

428 1354 463 1412 et
484 1365 552 1413 non
569 1354 693 1426 eruut;
715 1344 785 1414 alio
807 1345 910 1415 modo
928 1347 1070 1437 quando
1092 1347 1201 1416 relicti
1221 1346 1370 1416 seculari
1384 1346 1514 1435 juditio
1533 1348 1762 1438 corporaliter
1776 1370 1860 1421 con·

428 1453 640 1511 cremantur.
654 1440 747 1512 Ordo
765 1445 884 1534 itaque
897 1444 1110 1535 procedendi
1132 1444 1166 1514 in
1186 1446 1395 1515 executione
1413 1441 1518 1515 officii
1538 1446 1776 1535 inquisitionis
1797 1447 1861 1517 de-

434 1537 495 1607 bet
515 1560 592 1608 esse
619 1541 732 1631 primo
758 1553 792 1609 et
822 1541 1058 1634 principaliter
1083 1552 1258 1613 utcontra
1283 1540 1457 1613 hereticos
1477 1542 1704 1634 procedatur,
1732 1544 1859 1615 subse·

432 1649 583 1725 quanter
599 1659 684 1707 vero
700 1649 818 1709 contra
839 1639 1012 1721 lautores,
1034 1651 1267 1732 receptatores
1283 1649 1317 1709 et
1332 1639 1536 1709 defensores
1554 1640 1709 1732 ipsorum
1727 1653 1762 1711 et
1778 1642 1860 1712 ideo

439 1734 497 1823 qui
519 1735 681 1804 dicantur
699 1734 864 1819 heretici,
886 1739 947 1827 qni
966 1737 1136 1824 lautores,
1158 1749 1193 1807 et
1211 1738 1271 1829 qni
1291 1737 1495 1808 defensores
1512 1759 1654 1823 eornm,
1684 1751 1719 1808 et
1744 1741 1860 1832 quali·

429 1841 482 1899 ter
502 1845 621 1902 contra
642 1833 800 1922 singulos
820 1835 1081 1927 procedendum
1103 1837 1171 1915 sit,
1195 1834 1340 1904 interius
1361 1836 1610 1925 distinguetur.

478 1931 517 2021 c)
536 1929 723 2000 Sciendum
745 1946 797 2001 est
828 1933 944 2023 itaque
970 1934 1064 2022 qnod
1092 1932 1325 2003 hereticorum
1351 1933 1494 2025 quidam
1525 1934 1691 2003 dicuntur
1710 1934 1858 2006 heretici

430 2029 587 2120 perlecti,
611 2030 753 2119 quidam
771 2050 856 2100 vero
870 2030 1076 2122 imperfecti.
1095 2031 1264 2101 Dicuntur
1278 2042 1394 2100 antem
1410 2031 1552 2124 perlecti
1569 2030 1712 2101 heretici
1731 2032 1782 2100 illi
1796 2035 1859 2126 qni

431 2123 534 2194 fidem
554 2140 589 2196 et
607 2126 712 2195 vitam
732 2127 966 2199 hereticorum
983 2128 1129 2220 professi
1147 2141 1229 2199 sunt
1245 2131 1438 2199 secundnm
1460 2130 1562 2199 ritum
1583 2151 1685 2197 snum
1707 2151 1861 2223 eamque

429 2236 550 2293 tenent
568 2247 631 2295 seu
652 2236 796 2295 servant
815 2238 851 2295 et
869 2226 947 2296 aliis
965 2225 1222 2317 dogmatizant3
1241 2227 1434 2319 imperfecti
1447 2240 1562 2297 antem
1576 2226 1719 2297 heretici
1732 2228 1861 2298 dicun-

430 2333 487 2390 tur
507 2323 555 2391 illi
576 2327 637 2415 qui
655 2322 758 2394 fidem
778 2321 1011 2394 hereticorum
1032 2325 1176 2417 quidem
1196 2325 1346 2410 habent,
1367 2336 1421 2395 set
1439 2326 1546 2394 vitam
1568 2325 1723 2416 ipsorum
1744 2346 1859 2417 quan·

431 2433 503 2488 tum
520 2421 564 2490 ad
584 2423 671 2492 ritus
689 2435 724 2492 et
742 2423 985 2494 observantias
1000 2424 1205 2493 corumdem
1228 2443 1296 2492 non
1311 2435 1473 2508 servant3
1493 2433 1528 2492 et
1548 2423 1605 2491 isti
1625 2423 1765 2515 proprie
1781 2444 1860 2496 cre·

430 2518 553 2591 dentes
583 2520 815 2592 hereticorum
847 2519 1025 2590 erroribus
1053 2521 1274 2614 appellantur
1309 2532 1344 2590 et
1375 2524 1426 2591 sic
1457 2520 1602 2591 heretici
1636 2521 1855 2610 judicantur.

474 2616 672 2689 Notandum
686 2630 740 2690 est
757 2630 874 2690 autem
895 2618 990 2710 quod
1010 2617 1244 2690 hereticorum
1262 2617 1645 2711 periectornmqnidam
1658 2620 1858 2711 suntperti·

425 2716 559 2786 naciter
579 2718 613 2785 in
633 2739 695 2787 sna
719 2716 861 2810 pertidia
882 2718 1130 2811 persistenteS,
1153 2717 1295 2809 quidam
1317 2727 1433 2787 autem
1453 2717 1498 2784 ab
1514 2716 1628 2785 heresi
1646 2715 1855 2802 redeuntes,

424 2813 567 2905 quidam
588 2836 673 2886 veru
700 2830 779 2909 post
798 2817 948 2886 reditum
977 2827 1012 2884 et
1035 2815 1228 2905 abjuratam
1250 2835 1269 2883 a
1291 2837 1329 2884 se
1354 2812 1505 2884 heresim
1531 2813 1765 2884 recidivantes
1792 2835 1855 2884 sen

425 2910 635 2984 relabentes
657 2913 753 2984 Circa
764 2914 939 2984 hereticos
952 2914 1146 3004 pertinaces
1164 2913 1242 2982 talis
1262 2913 1349 2983 ordo
1365 2911 1563 2983 servandus
1579 2923 1646 2994 est,
1663 2911 1759 3003 qnod
1779 2913 1856 2981 nbi·

422 3029 574 3102 cumque
594 3025 628 3080 et
646 3011 691 3082 ab
711 3012 875 3082 omnibns
894 3023 929 3080 ct
947 3013 1042 3081 omni
1065 3023 1221 3103 tempore
1240 3011 1401 3103 capiendi
1422 3020 1505 3079 sunt
1527 3010 1625 3079 etad
1647 3020 1856 3102 potestatem

422 3105 576 3178 Ecclesie
593 3110 800 3190 reducendi,
823 3121 859 3179 nt
876 3110 946 3179 sint
963 3109 1029 3179 sub
1043 3129 1146 3178 mann
1163 3109 1411 3199 inquisiturum
1429 3107 1584 3178 heretice
1596 3108 1780 3200 pravitatis
1794 3119 1858 3178 ant

424 3203 724 3296 dyocesauornm,
750 3219 784 3277 et
812 3209 845 3277 in
871 3206 928 3275 tali
958 3205 1116 3277 custodia
1143 3206 1368 3277 recludantur
1389 3206 1483 3297 qnod
1510 3226 1579 3275 non
1606 3205 1742 3298 possint
1765 3205 1856 3276 alios

309 3318 313 3325 ·
422 3322 650 3395 corrumpere
672 3302 712 3402 [ll
732 3302 799 3375 tau
822 3301 878 3402 c];
900 3319 935 3374 et
961 3305 1092 3374 ibidem
1117 3303 1311 3375 instruendi
1335 3317 1417 3374 sunt
1441 3314 1476 3374 et
1498 3303 1685 3374 exortandi
1711 3304 1854 3396 sepius,

426 3402 592 3470 monendi
613 3417 650 3472 ut
668 3414 918 3474 convertantur
937 3403 981 3472 ab
1000 3423 1120 3473 errore
1133 3424 1197 3473 sno
1219 3416 1254 3471 et
1269 3402 1413 3472 redeant
1429 3401 1472 3472 ad
1489 3400 1642 3472 Ecclesie
1662 3401 1853 3488 unitatem3

424 3510 459 3566 et
477 3519 592 3568 coram
613 3501 775 3571 discretis
792 3513 827 3570 et
842 3500 1003 3571 litteratis
1023 3501 1108 3570 viris
1128 3521 1168 3570 ac
1191 3499 1272 3570 lidei
1291 3500 1502 3570 zelatoribus
1525 3499 1773 3569 examinentur
1793 3520 1856 3592 per

426 3595 669 3687 inquisitores;
689 3611 724 3669 et
743 3609 863 3670 eorum
881 3619 1019 3669 errores
1038 3609 1073 3667 et
1092 3598 1234 3668 hereses
1254 3618 1342 3689 quas
1362 3608 1481 3667 tenent
1503 3609 1539 3666 et
1558 3597 1755 3667 defendunt
1771 3618 1856 3667 con·

424 3694 636 3779 scribantur,
652 3710 689 3766 nt
705 3709 798 3767 secta
824 3698 942 3766 talium
962 3695 1158 3786 detegatur.
1180 3695 1544 3788 Expectauturantem
1566 3693 1651 3764 tales
1667 3695 1803 3766 diutins
1821 3707 1858 3766 et

426 3790 619 3864 invitantur
637 3795 681 3865 ad
706 3799 973 3866 conversionem
997 3804 1032 3863 et
1056 3793 1218 3864 differtur
1242 3814 1364 3863 eornm
1387 3792 1658 3884 condempnatio
1680 3813 1726 3863 ex
1748 3813 1856 3863 cansa

426 3889 624 3963 rationabili
643 3919 650 3961 :
674 3894 799 3985 primo,
822 3895 903 3985 qnia
919 3912 1040 3961 eornm
1056 3892 1243 3963 conversio
1264 3892 1409 3960 multum
1428 3889 1564 3983 proficit
1582 3887 1696 3961 officio
1706 3889 1788 3961 fidei
1809 3912 1858 3962 ex

426 4008 468 4057 eo
488 3994 582 4080 quod
602 3993 630 4061 si
655 4003 909 4062 convertuntur
928 3990 1097 4079 detegunt
1121 4010 1204 4059 snos
1231 3989 1440 4082 complices,
1470 4001 1504 4058 et
1528 3988 1692 4072 latibula,
1719 3999 1755 4058 et
1773 4009 1858 4061 con-

427 4089 601 4159 venticula
620 4090 856 4160 tenebrarum.
876 4089 975 4172 ltem,
992 4087 1040 4155 illi
1057 4089 1117 4178 qui
1131 4108 1192 4178 per
1208 4108 1269 4157 eos
1287 4087 1426 4178 decepti
1445 4087 1586 4157 luerunt
1600 4088 1678 4156 etin
1697 4107 1855 4157 errorem

426 4186 537 4272 missi,
566 4187 707 4278 quando
732 4186 854 4257 vident
879 4185 1062 4275 magistros
1090 4187 1219 4254 erroris
1243 4185 1297 4254 sui
1323 4204 1401 4255 esse
1427 4205 1618 4254 conversos
1638 4196 1673 4254 et
1689 4205 1729 4254 se
1755 4184 1857 4277 ipsos

426 4287 498 4352 lore
519 4283 698 4377 deceptos,
720 4284 935 4376 quandoque
955 4282 1091 4353 facilius
1107 4293 1141 4352 et
1162 4282 1348 4375 perfectius
1368 4281 1411 4351 ab
1431 4283 1560 4353 erroris
1577 4282 1684 4352 devio
1703 4302 1856 4352 conver·

426 4393 558 4452 tuntnr.
582 4384 681 4464 Item,
702 4381 869 4474 quamdin
891 4380 1036 4451 heretici
1058 4380 1143 4449 tales
1166 4383 1200 4448 in
1220 4379 1378 4450 custodia
1399 4379 1620 4464 detinentur,
1641 4380 1700 4449 alii
1715 4379 1776 4471 qui
1793 4401 1858 4471 per

424 4501 486 4550 eos
505 4481 658 4575 corrupti
689 4481 840 4563 inerant,
866 4478 1084 4572 suspicantes
1109 4489 1144 4547 et
1163 4478 1357 4569 cogitantes
1379 4477 1474 4569 qnod
1491 4489 1741 4548 convertantur
1760 4488 1857 4550 etse

424 4591 458 4646 et
478 4579 565 4647 alios
585 4579 750 4667 detegant
780 4600 842 4648 sen
861 4577 1037 4662 revelent,
1059 4575 1195 4645 facilins
1208 4588 1243 4646 et
1269 4577 1489 4668 frequentius
1516 4573 1664 4645 veniunt
1679 4574 1724 4644 ad
1743 4573 1856 4646 confi·

425 4677 567 4746 tendunt
589 4676 633 4746 de
654 4698 691 4746 se
710 4689 744 4746 et
761 4676 805 4745 de
823 4675 901 4745 aliis
921 4674 1120 4758 veritatem,
1142 4685 1203 4743 aut
1221 4673 1316 4743 citati
1332 4694 1393 4743 seu
1416 4673 1529 4743 vocati
1546 4694 1608 4764 per
1625 4672 1856 4764 inquisitores

423 4775 531 4843 cicius
550 4771 773 4844 confitentur.
796 4772 946 4843 Possunt
965 4773 1067 4842 etiam
1091 4771 1177 4841 tales
1195 4771 1339 4842 heretici
1361 4771 1659 4864 perqnestionum
1681 4781 1855 4842 tormenta

425 4873 510 4941 citra
531 4870 676 4942 membri
695 4870 964 4942 diminutionem
985 4880 1020 4939 et
1040 4869 1160 4940 mortis
1178 4869 1395 4962 periculum,
1415 4880 1579 4960 tanquam
1596 4889 1681 4938 vere
1697 4868 1855 4941 latrones

426 4981 460 5037 et
482 4968 657 5040 homicide
678 4970 873 5039 animarum
901 4980 936 5039 et
955 4968 1050 5038 fures
1069 4977 1367 5037 sacramentorum
1390 4966 1450 5036 Dei
1478 4977 1513 5036 et
1534 4965 1615 5036 fidei
1636 4964 1853 5055 christiane,

426 5078 461 5134 et
480 5087 617 5137 errores
636 5088 719 5137 suos
739 5086 906 5158 expresse
927 5065 1025 5136 lateri
1046 5074 1081 5134 et
1102 5084 1267 5135 accusare
1282 5064 1370 5134 alios
1388 5064 1561 5135 hereticos
1581 5084 1671 5157 quos
1685 5062 1802 5134 sciunt
1818 5076 1856 5135 et

1034 5742 1397 6024 X.
