4574 6404
1019 678 1147 746 omnus
1171 678 1270 733 rans.
1794 662 1866 732 293

430 843 465 905 et
484 834 639 904 maxime
658 834 750 905 circa
769 848 1026 907 sacramentum
1046 836 1208 932 Corporis
1227 836 1368 921 Christi,
1390 856 1527 908 necnon
1546 839 1639 906 circa
1657 837 1788 907 cultum
1809 836 1863 907 di·

430 931 552 1001 vinum
572 941 607 1002 et
626 931 702 1002 loca
722 953 842 1018 sacra;
863 933 961 1019 item,
983 934 1029 1005 de
1045 934 1262 1007 Eucharistia
1284 943 1440 1020 retenta,
1459 932 1516 1003 vel
1538 932 1583 1004 de
1602 933 1780 1022 crismate,
1803 932 1863 1005 vel

430 1028 475 1099 ds
496 1027 576 1101 oleo
593 1039 717 1102 sancto
736 1030 859 1102 iuratis
880 1032 926 1103 de
950 1032 1121 1120 ecclesia;
1141 1033 1239 1118 item,
1262 1032 1307 1103 de
1326 1031 1552 1126 ymaginibus
1570 1030 1683 1101 cereis
1702 1031 1760 1102 vel
1782 1031 1862 1104 aliis

430 1124 614 1220 baptizatis
633 1129 734 1198 etde
760 1128 866 1200 modo
885 1129 1110 1222 baptizandi,
1133 1130 1233 1202 etad
1258 1148 1347 1222 quos
1376 1149 1461 1198 usus
1480 1149 1544 1198 seu
1564 1127 1731 1214 ellectns3
1753 1130 1860 1217 item,

430 1222 476 1293 de
495 1223 666 1294 faciendis
687 1227 910 1319 ymaginibus
931 1227 977 1298 de
997 1227 1141 1319 plumbo
1158 1238 1194 1298 et
1213 1228 1258 1298 ds
1276 1226 1381 1298 modo
1398 1225 1562 1310 faciendi,
1580 1235 1616 1295 et
1634 1225 1680 1295 ad
1699 1247 1789 1318 quos
1809 1226 1862 1297 el·

433 1319 563 1410 lectus3
586 1320 685 1410 item,
702 1343 723 1392 a
740 1323 869 1415 quibus
886 1323 968 1394 talia
988 1325 1111 1397 didicit
1131 1324 1364 1414 velundivi13
1386 1323 1487 1410 item,
1507 1333 1677 1414 quantum
1694 1325 1862 1417 temporis

432 1420 599 1510 estquod
620 1421 752 1511 incepit
776 1421 904 1492 talibus
924 1421 998 1511 uti;
1026 1423 1128 1510 item,
1149 1423 1211 1516 qui
1230 1433 1266 1494 et
1284 1431 1370 1516 quot
1395 1430 1570 1492 venerunt
1591 1419 1636 1490 ad
1664 1420 1778 1514 ipsum
1798 1442 1862 1514 pro

432 1515 751 1588 consultationibus
771 1519 932 1612 petendis
954 1521 1107 1592 maxime
1131 1520 1221 1591 inlra
1240 1540 1396 1606 annum;
1418 1518 1516 1603 item',
1537 1519 1567 1589 si
1587 1539 1742 1610 unquam
1770 1518 1858 1590 alias

432 1610 496 1682 luit
515 1612 713 1707 prohibitus
728 1637 748 1688 a
765 1617 912 1701 talibus,
934 1626 970 1687 et
985 1638 1047 1711 per
1064 1640 1175 1711 quos,
1193 1629 1229 1689 et
1247 1618 1277 1688 si
1294 1617 1473 1709 abjuravit
1493 1615 1574 1686 talia
1594 1626 1629 1686 et
1647 1616 1807 1709 promisit
1820 1637 1860 1689 se

432 1729 614 1802 nunquam
632 1712 712 1783 talia
729 1715 843 1785 lacere
860 1726 922 1785 aut
936 1713 1064 1787 talibus
1081 1715 1151 1805 uti;
1172 1715 1269 1801 item,
1286 1715 1412 1808 sipost
1431 1712 1686 1804 abjurationem
1701 1736 1764 1786 seu
1782 1735 1861 1808 pro·

430 1805 635 1879 missionem
664 1811 894 1901 recidivavit3
916 1813 1018 1898 item,
1041 1814 1070 1884 si
1098 1813 1265 1885 credebat
1292 1813 1340 1883 ita
1367 1833 1446 1883 esse
1468 1812 1559 1882 siout
1581 1811 1668 1883 alios
1687 1812 1857 1901 docehal3

431 1902 535 1993 item,
556 1928 627 1999 que
646 1907 739 1979 hona
757 1930 821 1979 seu
841 1910 934 1981 dona
954 1922 1015 1981 aut
1034 1932 1180 1982 munera
1200 1931 1262 2004 pro
1283 1910 1410 1980 talibus
1429 1907 1553 1979 habuit
1571 1920 1607 1979 et
1624 1910 1768 2003 recepit.

486 2190 556 2261 Vll.
586 2231 631 2245 -
657 2193 831 2276 Snourrua
855 2217 900 2266 nn
924 2217 1020 2268 nono
1046 2219 1086 2268 nn
1110 2218 1227 2269 ronna
1253 2216 1409 2268 connum
1434 2215 1624 2268 amomum
1652 2214 1800 2267 nnansnr

1044 2341 1079 2393 m
1101 2341 1248 2395 runrrro.

475 2572 557 2646 Post
575 2575 873 2648 examinationem
900 2578 1103 2671 diligentem
1127 2573 1168 2675 [l0
1192 2578 1260 2647 456
1280 2574 1314 2674 a]
1336 2590 1372 2648 et
1396 2575 1653 2648 conlassionem
1680 2589 1858 2670 receptam

429 2670 464 2740 in
480 2671 610 2763 juditio
633 2684 669 2744 et
692 2673 880 2768 scriptam,
900 2676 930 2746 si
950 2677 1029 2768 quis
1049 2677 1207 2770 penitere
1230 2675 1336 2766 digne
1358 2674 1510 2745 voluerit
1538 2685 1573 2745 et
1591 2694 1612 2743 a
1631 2673 1706 2743 suis
1726 2674 1857 2746 errori-

426 2766 494 2839 bus
512 2771 687 2840 veraciter
708 2772 866 2856 resilire,
888 2785 1076 2866 antequam
1097 2774 1301 2845 absolvatur
1320 2773 1365 2842 ab
1385 2770 1761 2843 excommunicationis
1779 2793 1861 2843 sen·

429 2865 535 2936 tentia
550 2865 618 2936 lata
634 2889 655 2937 a
669 2889 804 2940 canone
818 2882 939 2942 contra
956 2873 1055 2958 tales,
1073 2871 1179 2943 debet
1196 2891 1335 2942 omnem
1352 2870 1505 2940 heresim
1522 2869 1662 2962 penitus
1678 2868 1857 2959 abjurare,

427 2969 461 3032 st
475 2962 649 3054 abjuratio
667 2966 840 3037 scribatur
859 2969 894 3037 in
912 2966 982 3039 line
1001 2968 1434 3058 confessioniscujuslibet
1446 2965 1667 3055 confitentis;
1690 2977 1726 3036 et
1745 2966 1861 3037 nichi-

425 3058 578 3131 lominus
598 3063 723 3134 modus
747 3065 932 3156 abjurandi
954 3069 1081 3159 poterit
1101 3067 1206 3137 scribi
1225 3088 1288 3137 seu
1314 3065 1436 3136 haberi
1461 3065 1497 3135 in
1523 3063 1696 3159 principio
1716 3062 1797 3134 libri
1818 3064 1855 3135 in

424 3177 496 3250 qno
514 3160 753 3232 conlassiones
774 3172 809 3233 et
832 3184 1017 3255 processus
1035 3163 1276 3236 confitentium
1297 3163 1534 3234 continentur.

481 3415 514 3479 1.
539 3415 671 3479 Modus
686 3423 809 3481 autem
825 3434 890 3482 seu
907 3417 1025 3484 torma
1040 3419 1236 3499 abjurandi
1251 3419 1410 3482 heresim
1425 3419 1464 3482 in
1476 3419 1611 3499 juditio
1626 3419 1716 3483 talis
1734 3427 1800 3483 est.

471 3655 545 3749 Ego
568 3658 647 3729 talis
664 3661 706 3734 N.
729 3661 853 3732 detali
876 3662 972 3748 loco,
996 3663 1074 3733 talis
1095 3662 1279 3756 dyocesis,
1302 3664 1337 3732 in
1354 3663 1484 3754 juditio
1505 3664 1717 3734 constitutus
1735 3682 1857 3734 coram

423 3755 528 3826 vohis
549 3755 609 3826 tali
627 3756 669 3828 N.
687 3760 896 3849 inquisitore
915 3759 1071 3831 heretice
1090 3759 1294 3854 pravitatis,
1318 3761 1549 3832 sacrosanctis
1575 3760 1636 3830 Dei
1656 3759 1860 3852 Evangeliis

423 3872 542 3924 corum
570 3875 626 3924 me
653 3857 796 3951 positis,
818 3857 943 3948 abjuro
970 3857 1109 3951 penitus
1136 3877 1275 3927 omnem
1296 3857 1450 3929 heresim
1477 3857 1706 3929 extollentem
1734 3878 1773 3928 se
1791 3859 1860 3927 ad-

424 3969 550 4021 versus
573 3950 677 4023 fidem
694 3953 902 4026 catholicam
922 3954 1059 4026 Domini
1080 3953 1186 4025 lhesu
1204 3953 1331 4026 Christi
1349 3967 1384 4026 et
1399 3967 1520 4027 sancte
1534 3957 1689 4027 Romane
1703 3953 1861 4027 Ecclesia

425 4056 461 4117 et
479 4067 621 4119 omnem
641 4050 861 4124 credenciam
881 4053 1118 4124 hereticorum
1133 4053 1386 4145 cujuscumque
1403 4066 1498 4124 secte
1513 4053 1703 4146 dampnate
1720 4074 1782 4145 per
1799 4052 1860 4124 Ec

424 4142 568 4216 clesiam
594 4148 808 4237 Romanam,
836 4151 1119 4242 quibuscumque
1147 4151 1348 4221 nominibus
1374 4163 1580 4234 censeatur,
1602 4163 1638 4220 et
1662 4149 1861 4244 specialiter

426 4252 523 4314 secte
543 4243 636 4332 talis,
658 4247 713 4317 uel
738 4247 816 4318 talis
833 4247 982 4341 (poterii
995 4247 1185 4342 cooperiri),
1208 4270 1343 4320 necnon
1355 4270 1493 4319 omnem
1515 4249 1684 4333 favorem,
1705 4269 1770 4318 seu
1790 4248 1862 4318 lan·

428 4341 578 4428 toriam,
601 4354 636 4413 et
658 4346 950 4439 receptationem,
971 4358 1007 4417 et
1029 4348 1290 4433 defensionem,
1312 4357 1348 4417 et
1367 4346 1666 4439 participationem
1687 4347 1859 4439 ipsorum,

426 4437 494 4508 snb
514 4462 605 4534 pena
625 4465 695 4535 que
716 4444 760 4514 de
779 4444 859 4536 jure
886 4445 1036 4515 debetur
1055 4445 1201 4537 relapsis
1220 4445 1255 4513 in
1275 4443 1427 4515 heresim
1449 4445 1484 4513 in
1500 4443 1630 4535 juditio
1648 4444 1857 4532 abjuratam.

423 4533 509 4607 ltem
523 4591 533 4624 ,
549 4539 632 4629 juro
652 4552 757 4632 atque
784 4542 950 4634 promitto
970 4565 1025 4613 me
1045 4564 1108 4634 pro
1136 4563 1240 4634 posse
1261 4563 1339 4613 meo
1363 4542 1527 4634 persequi
1546 4554 1582 4612 et
1607 4541 1773 4631 detegere
1792 4561 1857 4611 seu

423 4637 584 4708 revelare
603 4649 638 4708 et
659 4639 773 4710 lacere
796 4642 875 4731 capi
895 4651 931 4711 et
957 4639 1057 4711 reddi
1079 4639 1346 4731 inquisitoribus
1367 4639 1520 4710 heretice
1548 4638 1729 4732 pravitatis
1756 4636 1859 4710 herc·

423 4731 511 4804 ticos
536 4736 791 4828 cujuscumque
816 4747 911 4807 secte
937 4736 1149 4828 dampnate,
1171 4748 1205 4806 et
1231 4737 1432 4830 specialiter
1452 4737 1553 4830 talis,
1574 4735 1631 4806 vel
1652 4735 1732 4805 talis
1757 4746 1857 4807 scote

423 4825 701 4928 (ampliaretur),
718 4835 923 4922 credentes,
941 4844 976 4905 et
994 4834 1167 4919 lautores,
1187 4846 1222 4904 et
1242 4846 1498 4928 receptatores,
1518 4855 1560 4904 ac
1577 4833 1781 4904 defensores
1798 4855 1858 4906 eo·
1934 4873 1937 4876 ·

422 4948 521 5016 rnm,
538 4942 573 5001 et
588 4932 692 5002 etiam
708 4931 788 5003 illos
803 4952 893 5024 quos
909 4932 1034 5002 scirem
1054 4931 1111 5002 vel
1130 4931 1310 5002 crederem
1328 4953 1390 5026 pro
1408 4931 1498 5002 lacto
1519 4931 1652 5002 heresis
1670 4923 1711 5026 [p
1730 4929 1798 4998 lib
1817 4927 1854 5029 h]

423 5024 606 5120 fugittiuos
625 5039 660 5099 et
679 5030 872 5121 quemlibet
891 5028 1150 5124 predictorum,
1172 5040 1207 5100 et
1224 5030 1329 5101 etiam
1351 5029 1497 5102 nuncios
1517 5029 1674 5123 ipsorum
1695 5027 1859 5120 quando·
