4574 6404
780 768 781 771 p
830 695 956 762 333131
981 696 1078 749 rans.
1601 675 1672 748 269

244 852 388 946 gelisam
408 851 574 943 Regulam
595 851 711 923 Sancti
730 852 902 925 Francisci
923 865 958 925 et
976 876 1037 947 333
1054 873 1274 945 consequens
1293 862 1413 923 contra
1433 849 1665 942 Evangelium

244 949 382 1021 Christi.
417 948 527 1036 ltem,
561 949 682 1019 dicunt
711 951 806 1043 quod
841 952 1004 1022 dominus
1039 971 1127 1044 papa
1158 949 1334 1022 Iohannes
1359 949 1486 1019 XXll⁰⁵
1508 948 1669 1019 iaciendo

243 1046 431 1141 qnamdam
449 1047 732 1118 constitutionem
754 1069 824 1140 qne
843 1050 965 1142 incipit
986 1074 994 1118 :
1018 1048 1275 1133 Quorumdam,
1297 1048 1333 1116 13
1353 1067 1422 1139 qua
1441 1046 1569 1116 dicitur
1586 1066 1672 1117 con·

241 1146 369 1216 cedere
388 1155 449 1214 aut
466 1144 670 1237 dispensare
682 1167 761 1216 cum
782 1146 959 1217 Fratribus
978 1147 1172 1217 Minoribus
1188 1145 1283 1239 quod
1301 1145 1435 1238 possint
1451 1164 1667 1234 congregare

245 1242 387 1314 bladum
407 1253 443 1312 31
462 1243 582 1312 vinum
603 1243 637 1312 in
658 1244 830 1335 granariis
849 1244 906 1315 331
924 1244 1073 1315 cellariis
1092 1265 1156 1338 pro
1176 1255 1332 1337 tempore
1353 1243 1492 1325 131333,
1514 1240 1558 1310 311
1577 1241 1670 1310 arbi-

245 1340 348 1410 trium
366 1339 580 1433 prelatorum
598 1341 733 1412 ordinis
752 1341 922 1434 ipsorum,
940 1343 1021 1413 lecit
1033 1353 1151 1412 contra
1171 1341 1409 1432 evangelicam
1429 1348 1669 1433 paupertatem

240 1449 280 1508 31
298 1458 361 1531 333
378 1457 616 1530 consequens,
636 1451 674 1507 ut
693 1439 816 1532 aiunt,
835 1450 955 1511 contra
974 1439 1201 1530 Evangelinm
1221 1438 1368 1523 Christi,
1389 1447 1424 1506 et
1448 1437 1529 1507 ideo
1548 1435 1671 1505 dicunt

246 1535 339 1627 qnod
365 1534 475 1605 lactus
501 1546 554 1605 est
580 1535 754 1606 hereticus
773 1547 808 1606 et
828 1537 923 1629 quod
944 1558 989 1607 ex
1015 1536 1081 1608 boc
1105 1536 1257 1629 perdidit
1285 1544 1489 1629 potestatem
1511 1533 1670 1625 papalem

248 1631 376 1724 ligandi
405 1643 440 1703 ct
465 1633 627 1704 solvendi
652 1645 686 1704 et
706 1634 772 1704 alia
795 1629 836 1731 [1ο
857 1631 976 1801 11133
1000 1634 1148 1705 faciendi
1174 1635 1202 1703 si
1229 1634 1264 1702 in
1286 1631 1353 1704 boc
1379 1641 1604 1724 perseverat,
1635 1643 1672 1700 et

246 1729 339 1822 qnod
361 1731 485 1822 prelati
506 1753 567 1824 per
589 1752 668 1800 eum
690 1732 769 1801 sacti
792 1753 837 1802 cx
856 1752 927 1823 quo
980 1733 1080 1802 ictam
1105 1731 1389 1802 constitutionem
1410 1729 1491 1799 lecit
1511 1749 1579 1798 uon
1605 1727 1670 1797 ha·
1711 1757 1721 1775 ·

247 1825 328 1900 bent
351 1827 504 1919 aliquam
524 1829 793 1899 ecclesiasticam
808 1829 1089 1918 Jnrisdictionem
1114 1850 1176 1900 seu
1198 1839 1417 1922 potestatem.
1441 1827 1553 1922 ltem,
1572 1825 1671 1919 quod

247 1945 367 1995 omnes
396 1925 520 2018 prelati
550 1937 585 1996 et
615 1927 674 1995 alii
702 1927 760 2019 qui
791 1926 905 1998 eidem
939 1927 1082 1997 domino
1112 1928 1264 2020 papeia
1296 1926 1389 1996 dicta
1418 1924 1671 1994 constitutione

247 2021 403 2093 iacienda
422 2037 675 2094 consenserunt
695 2034 756 2093 aut
772 2025 996 2095 consentiunt
1023 2025 1193 2104 scienter,
1222 2044 1268 2095 ex
1289 2023 1356 2094 hoc
1374 2024 1455 2092 lacti
1472 2032 1555 2091 sunt
1572 2021 1673 2092 here·

248 2119 301 2190 tici
320 2122 406 2191 siin
433 2120 500 2191 1133
524 2121 746 2214 pertinaciter
765 2133 1013 2215 perseverent,
1035 2132 1070 2192 et
1093 2121 1187 2213 quod
1212 2140 1352 2192 omnem
1379 2129 1585 2212 potestatem
1606 2139 1671 2189 seu

244 2217 521 2308 jurisdictionem
554 2219 822 2289 ecclesiasticam
857 2220 1099 2313 perdiderunt.
1131 2219 1389 2303 11331,1113331
1420 2216 1517 2309 quod
1535 2216 1672 2287 Fratres

247 2315 397 2387 Minores
415 2315 476 2408 qui
495 2316 623 2387 dictam
642 2317 926 2387 constitutionem
944 2314 1018 2386 fieri
1034 2326 1277 2410 procurarunt,
1294 2328 1355 2385 aut
1374 2317 1436 2407 qui
1456 2314 1570 2385 eidem
1586 2334 1669 2384 cou-

248 2413 415 2500 sentiunt,
437 2423 473 2484 et
491 2434 568 2485 eam
589 2414 782 2507 recipiunt,
802 2413 857 2485 vel
879 2436 920 2486 33
940 2425 1099 2500 3133133,
1121 2436 1167 2485 331
1187 2414 1254 2485 boc
1272 2413 1418 2484 heretici
1438 2425 1520 2483 sunt
1540 2411 1668 2484 effecti.

248 2509 353 2598 ltem,
376 2510 498 2581 dicunt
513 2511 607 2604 quod
627 2533 716 2605 papa
736 2533 806 2583 non
825 2522 939 2605 potest
958 2513 1072 2583 iacere
1089 2511 1283 2584 secundum
1303 2511 1413 2581 Deum
1430 2509 1525 2602 quod
1545 2508 1673 2600 aliquis

249 2607 354 2680 irater
370 2608 483 2679 Minor
502 2609 606 2679 etiam
627 2609 672 2680 113
696 2610 836 2680 11333113
861 2610 972 2703 133133
994 2630 1084 2703 3333
1105 2619 1258 2680 13333331
1275 2609 1320 2679 311
1341 2609 1446 2678 aliam
1466 2606 1673 2697 religionem

247 2726 308 2777 333
327 2705 488 2778 ordinem
510 2706 568 2777 ubi
589 2708 664 2800 ipse
684 2707 790 2777 133133
808 2707 933 2792 Minor,
955 2707 1046 2777 sicut
1065 2717 1099 2777 et
1116 2706 1176 2776 alii
1192 2707 1315 2777 iratres
1335 2706 1496 2797 ejusdem
1512 2703 1672 2792 ordinis,

249 2801 375 2875 habeat
390 2803 526 2896 aliquas
545 2804 692 2875 divicias
710 2805 745 2874 13
764 2805 962 2889 communi,
982 2808 1085 2896 quia,
1105 2814 1142 2874 ut
1160 2804 1298 2887 dicunt,
1324 2803 1390 2875 boc
1407 2813 1501 2874 esset
1518 2801 1669 2872 descen·

249 2901 330 2973 dere
348 2922 370 2972 a
386 2902 507 2992 majori
524 2913 560 2972 et
579 2902 694 2973 altiori
709 2913 801 2973 statu
821 2924 883 2972 333
904 2902 1014 2993 gradu
1037 2902 1256 2996 perlectionis
1278 2913 1313 2971 et
1331 2900 1472 2972 virtutis
1492 2896 1671 2969 31113133-

250 3019 318 3070 rem
339 3008 375 3069 et
390 2999 603 3086 inferiorem,
625 3010 660 3070 ct
679 2999 745 3071 boc
764 3012 857 3070 33331
876 2997 1058 3070 1133133333
1075 3011 1110 3070 31
1129 3020 1198 3070 333
1218 3008 1444 3078 3333133333,
1465 3008 1500 3068 31
1517 3006 1673 3090 potestas

252 3116 336 3191 3333
354 3107 409 3167 331
435 3098 516 3168 data
536 3097 648 3167 solum
669 3101 705 3166 in
722 3097 1017 3169 constructionem
1038 3107 1073 3168 et
1100 3117 1169 3166 nou
1193 3097 1228 3166 in
1251 3096 1539 3167 destructionem.
1561 3094 1671 3181 ltem,

250 3193 369 3266 dicunt
387 3196 481 3287 quod
501 3196 531 3266 si
558 3194 684 3287 aliquis
709 3197 814 3267 irater
836 3195 949 3265 Minor
972 3195 1075 3266 311333
1101 3195 1145 3264 113
1168 3215 1392 3288 quacumque
1416 3192 1558 3264 licentia
1583 3212 1675 3285 pape
1735 3226 1746 3242 ·

251 3292 424 3363 transierit
441 3294 485 3363 ad
505 3293 709 3384 religionem
729 3314 791 3364 333
810 3293 969 3364 ordinem
989 3293 1112 3377 alium,
1136 3302 1274 3363 tenetur
1292 3312 1431 3384 semper
1450 3310 1592 3375 servare
1609 3311 1674 3361 vo·

253 3398 319 3460 tum
341 3392 554 3484 paupertatis
578 3411 597 3460 a
617 3411 655 3460 33
676 3391 771 3484 33133
798 3392 924 3461 lactum
945 3390 1139 3460 secundum
1160 3390 1315 3480 regulam
1340 3388 1455 3459 Sancti
1475 3387 1649 3458 Francisoi
1661 3439 1672 3475 ,

251 3485 308 3574 1111,
328 3488 506 3575 3111311331,
527 3488 622 3581 quod
644 3509 713 3559 non
732 3499 846 3581 potest
864 3487 994 3558 babere
1015 3508 1166 3580 unquam
1180 3487 1313 3578 aliquid
1324 3507 1389 3557 nec
1406 3489 1443 3555 in
1456 3485 1596 3578 proprio
1611 3505 1675 3554 nec

251 3587 284 3656 in
301 3587 478 3657 communi
500 3597 616 3680 333133
636 3608 735 3656 usum
757 3606 961 3680 pauperem.
983 3585 1088 3672 ltem,
1111 3586 1232 3654 dicunt
1249 3585 1345 3677 quod
1369 3587 1399 3654 si
1422 3583 1549 3674 aliquis
1569 3582 1675 3652 133133

250 3683 359 3754 Minor
378 3684 489 3754 lactus
515 3684 580 3753 luit
598 3684 783 3777 episcopus
803 3684 860 3754 331
879 3682 1066 3753 cardinalis
1086 3682 1143 3753 331
1163 3685 1268 3752 etiam
1289 3702 1397 3776 papa,
1421 3691 1560 3751 tenetur
1579 3700 1674 3749 sem·

251 3801 309 3873 per
337 3801 480 3852 servare
504 3792 625 3852 votum
655 3781 869 3874 paupertatis
894 3801 914 3849 a
941 3802 980 3851 33
1007 3781 1102 3872 33133
1132 3781 1258 3849 1331313
1286 3779 1482 3850 3333311313
1505 3776 1674 3867 Regulam

248 3877 364 3950 Sancti
383 3879 579 3960 Francisci‚
603 3880 648 3949 113
667 3879 761 3972 qnod
781 3879 857 3973 ipse
875 3878 1031 3948 intentus
1050 3879 1095 3946 sit
1112 3877 1226 3947 solnm
1248 3872 1289 3973 [10
1311 3873 1433 3987 11111]
1454 3879 1544 3946 circa
1565 3874 1670 3967 spiri·

252 3976 354 4048 133113
382 3977 658 4047 administranda
684 3986 720 4047 et
744 3976 898 4067 gerenda
922 3975 1097 4045 31313313
1125 3974 1329 4066 temporalia
1360 3975 1463 4044 lactat
1491 3993 1554 4065 per
1584 3971 1673 4043 alios

251 4091 490 4168 procuratores
511 4075 667 4169 ydoneos
690 4073 876 4165 gubernari
901 4084 935 4142 31
959 4073 1159 4144 ministrari.
1182 4072 1288 4156 item,
1310 4071 1432 4142 dicunt
1457 4069 1553 4163 quod
1583 4090 1672 4162 papa

251 4193 319 4246 non
339 4184 455 4266 potest
470 4172 674 4265 dispensare
692 4172 726 4240 in
749 4171 989 4263 magnitudine
1008 4191 1073 4241 nec
1095 4171 1129 4239 in
1151 4170 1371 4262 preciositate
1391 4168 1576 4238 habituum
1596 4167 1676 4237 Fra-

253 4282 340 4342 trum
361 4269 533 4342 Minorum
553 4281 672 4341 contra
692 4270 859 4360 Regulam
879 4268 993 4339 Sancti
1015 4268 1201 4355 Francisci,
1224 4267 1389 4338 videlicet
1405 4267 1500 4358 quod
1520 4266 1675 4357 aliquam

250 4367 525 4463 superfluitatem
545 4367 710 4447 babeant,
729 4377 764 4437 et
781 4366 917 4437 Fratres
934 4367 1086 4436 Minores
1107 4387 1175 4435 uon
1196 4366 1328 4436 debent
1346 4366 1378 4435 ei
1397 4365 1433 4433 in
1451 4365 1518 4436 boc
1528 4363 1676 4435 obedire

253 4469 368 4539 necin
389 4466 506 4558 aliquo
526 4466 596 4536 alio
612 4465 706 4558 quod
727 4464 773 4535 sit
791 4474 910 4534 contra
935 4464 1181 4557 perlectionem
1200 4463 1332 4554 Regale
1350 4463 1466 4533 Sancti
1486 4459 1672 4532 Francisci.

252 4564 358 4652 ltem,
380 4563 501 4633 dicunt
524 4564 619 4657 quod
642 4563 827 4656 3331331133
857 4572 969 4631 313133
992 4563 1051 4655 qui
1080 4563 1126 4632 sit
1154 4562 1189 4631 in
1215 4560 1369 4631 Ecclesia
1396 4558 1461 4632 Dei
1488 4570 1542 4629 est
1565 4568 1677 4628 status

252 4661 387 4735 ordinis
417 4660 573 4731 Fratrum
598 4662 769 4733 Minorum
801 4661 863 4751 qui
893 4669 1133 4751 paupertatem
1164 4658 1401 4749 evangelicam
1435 4665 1611 4729 voverunt
1642 4667 1677 4726 et

254 4759 506 4854 promiserunt,
530 4779 597 4831 neo
615 4769 725 4830 313133
751 4756 961 4852 prelatorum
988 4754 1033 4827 ad
1055 4756 1301 4849 perlectionem
1321 4756 1397 4846 ejus
1418 4753 1602 4849 pertingit,
1623 4763 1678 4824 331

254 4857 302 4927 1111
323 4857 445 4951 3331311
473 4857 533 4950 qui
554 4856 600 4927 de
623 4857 747 4926 ordine
766 4857 921 4926 Fratrum
942 4855 1114 4926 Minorum
1133 4864 1380 4939 assumuntur,
1409 4853 1468 4923 ubi
1490 4864 1677 4946 pauperta-

254 4966 321 5026 tem
342 4954 580 5045 evangelicam
600 4956 856 5047 promiserunt,
879 4952 922 5022 ad
942 4972 1046 5046 quam
1066 4951 1277 5022 servandam
1296 4962 1379 5021 3331
1398 4948 1675 5045 perpetuoobli-

252 5052 343 5145 gati,
369 5052 415 5123 311
439 5052 586 5123 eandem
611 5051 857 5145 perlectionem
885 5051 1088 5143 pertingunt
1115 5049 1145 5119 si
1176 5060 1299 5120 votnm
1331 5047 1553 5120 servaverint
1583 5068 1604 5117 a
1637 5066 1677 5117 ae
