4574 6404
455 663 528 734 ttt
742 672 904 727 raecum
930 672 1170 740 ruomsrrrorns
1196 671 1358 726 nmmos
1383 670 1595 724 resumens.

330 889 335 899 .
458 858 529 908 non
543 834 589 906 sit
604 833 652 904 ibi
666 831 798 923 Corpus
815 829 962 916 Christi,
980 831 1062 923 qnia
1082 832 1111 901 si
1131 841 1225 902 esset
1241 831 1287 900 ita
1308 850 1472 921 magnum
1491 829 1583 899 sicut
1598 849 1689 897 onus
1709 829 1887 897 maximos

460 955 581 1016 mons,
594 932 666 1023 jam
682 927 862 1000 christiani
879 930 1116 1000 comedissent
1132 939 1262 1011 totum;
1282 928 1363 998 item
1380 985 1388 1005 ,
1404 927 1499 1019 qood
1516 926 1573 995 illa
1594 925 1709 996 hostia
1730 922 1889 994 nascitur

460 1033 505 1104 de
534 1030 631 1122 palea
656 1036 692 1098 et
720 1026 816 1118 quod
843 1025 968 1097 transit
996 1046 1058 1119 per
1080 1026 1211 1096 carrdas
1236 1047 1407 1117 equorum
1429 1024 1484 1095 vel
1505 1043 1697 1116 equarum,
1719 1020 1891 1092 videlicet

460 1127 603 1222 quando
623 1123 732 1195 iarina
754 1135 922 1216 purgator
941 1144 1003 1215 per
1020 1124 1218 1209 sedaciom3
1241 1124 1338 1204 item,
1358 1123 1452 1214 qnod
1473 1121 1620 1190 mittitur
1640 1120 1674 1188 in
1696 1114 1738 1216 [l·
1759 1116 1828 1190 lez
1848 1114 1886 1216 h]

462 1225 621 1297 latrinam
644 1223 779 1292 ventris
805 1233 840 1291 et
868 1220 1039 1290 emittitur
1065 1243 1127 1312 per
1152 1220 1389 1312 turpissimum
1411 1220 1540 1302 locum,
1561 1219 1655 1310 quod
1678 1239 1747 1288 non
1769 1225 1892 1308 posset

461 1321 558 1408 lieri,
582 1333 621 1389 ut
638 1320 757 1399 aiunt,
779 1317 809 1388 si
830 1329 923 1388 esset
943 1317 992 1387 ibi
1010 1317 1114 1387 Deos.
1137 1319 1244 1402 item,
1262 1317 1308 1389 de
1328 1317 1501 1410 baptismo
1520 1317 1613 1408 qood
1630 1326 1685 1385 est
1702 1334 1793 1406 aqua
1815 1333 1892 1383 ma·

462 1418 592 1492 teriolis
612 1428 647 1487 et
671 1414 932 1507 corruptibilis,
954 1426 989 1485 et
1016 1414 1096 1486 ideo
1114 1428 1169 1486 est
1191 1415 1236 1486 de
1254 1437 1362 1508 opere
1378 1426 1414 1484 et
1433 1415 1478 1485 de
1500 1415 1678 1485 creatione
1699 1412 1778 1481 mali
1801 1411 1888 1497 Dei,

461 1529 497 1588 et
516 1539 585 1588 noo
607 1523 721 1608 potest
734 1510 952 1583 sanctificare
969 1513 1142 1599 animam3
1164 1523 1218 1582 set
1235 1511 1351 1583 clerici
1372 1533 1417 1582 ex
1439 1511 1591 1581 avaricia
1613 1511 1773 1581 vendunt
1792 1509 1890 1577 illam

461 1634 603 1707 aquam,
619 1613 710 1682 sicot
727 1611 886 1680 vendunt
903 1621 1029 1680 terram
1051 1610 1086 1678 in
1105 1611 1296 1702 sepulturis
1315 1620 1552 1695 mortuorum,
1569 1621 1604 1678 et
1620 1608 1712 1678 sicut
1729 1607 1894 1678 vendunt

462 1712 578 1784 oleum
599 1707 815 1779 infirmorum
842 1708 984 1799 quando
1004 1707 1178 1798 inungunt
1199 1705 1378 1794 infirmos,
1399 1718 1434 1777 et
1453 1708 1544 1778 sicut
1569 1706 1730 1776 vendunt
1747 1704 1890 1776 coales-

463 1811 597 1880 sionem
618 1818 837 1899 peccatorum
857 1826 926 1897 qne
945 1803 982 1874 ht
1001 1805 1258 1876 sacerdotibus.
1278 1806 1382 1892 itam,
1401 1806 1656 1876 confessionem
1680 1806 1803 1875 lactem
1831 1820 1893 1870 sa-

463 1905 665 1978 cerdotibus
682 1903 835 1973 Ecclesia
850 1904 1004 1973 Romane
1023 1903 1144 1973 dicunt
1164 1901 1269 1972 nichil
1291 1904 1428 1984 valere,
1447 1904 1557 1995 quod,
1577 1923 1655 1972 cum
1677 1903 1749 1974 sint
1767 1918 1894 1992 pecca·

465 2016 579 2086 tores,
611 2022 680 2071 non
708 2010 854 2092 possunt
881 2000 1021 2070 solvere
1048 1999 1265 2089 necligere,
1293 2011 1426 2070 etcum
1451 2002 1520 2072 sint
1542 1999 1727 2084 immundi,
1755 1996 1893 2066 nullum

465 2101 572 2171 alium
594 2112 739 2192 possunt
760 2098 944 2168 mundare.
966 2098 1071 2176 item,
1100 2098 1221 2167 dicunt
1247 2100 1342 2191 qood
1376 2121 1463 2170 crux
1487 2098 1610 2168 Christi
1640 2107 1784 2170 nonest
1804 2093 1893 2164 ado·

466 2199 574 2269 randa
605 2217 670 2266 nec
692 2195 907 2278 veneranda,
924 2199 1021 2287 utria,
1044 2207 1082 2265 nt
1103 2195 1244 2278 dicunt,
1268 2196 1384 2266 nullus
1403 2199 1523 2270 adorat
1544 2211 1603 2266 aut
1622 2207 1811 2267 veneratur
1830 2211 1894 2283 pa-

466 2296 614 2366 tibulum
636 2294 670 2361 in
690 2315 761 2385 quo
781 2304 879 2385 pater
897 2304 958 2362 ant
976 2293 1103 2386 aliquis
1118 2292 1335 2386 propinquus
1356 2297 1410 2365 vel
1435 2295 1567 2366 amicus
1593 2296 1717 2365 luisset
1740 2310 1893 2384 suspen·

466 2415 550 2478 sns;
574 2393 674 2475 item,
696 2391 817 2461 dicant
835 2391 930 2483 qnod
956 2391 1005 2460 illi
1032 2392 1090 2482 qui
1121 2392 1269 2461 adorant
1293 2413 1431 2464 crucem
1459 2394 1532 2486 pari
1561 2394 1696 2463 ratione
1722 2391 1897 2462 deberent

465 2492 613 2561 adorare
632 2509 754 2559 omnes
771 2489 891 2580 spinas
907 2500 943 2559 et
961 2511 1084 2559 omnes
1105 2489 1266 2574 lanceas,
1291 2490 1375 2582 quia
1407 2493 1499 2563 sicut
1527 2490 1560 2560 in
1584 2491 1745 2583 passione
1764 2481 1894 2557 Christi

465 2589 640 2658 luiterus
667 2588 703 2655 in
731 2607 900 2678 corpore,
929 2587 974 2656 ita
1005 2588 1146 2656 iuertrnt
1172 2587 1274 2679 spine
1303 2587 1337 2656 in
1365 2590 1479 2683 capite
1508 2603 1542 2658 et
1569 2589 1688 2659 laricea
1719 2587 1841 2657 militis
1858 2586 1895 2653 in

463 2685 589 2756 Christi
616 2687 738 2754 latere.
758 2684 797 2754 Et
820 2684 925 2753 multo
944 2686 1011 2754 alia
1029 2687 1118 2753 circa
1142 2686 1242 2754 istam
1265 2687 1445 2756 materiam
1463 2685 1508 2755 de
1527 2687 1755 2757 sacramentis
1777 2682 1896 2754 Eccle-

464 2785 518 2853 sie
541 2782 784 2875 vituperabilia
807 2782 1056 2872 dogmatizent.
1074 2781 1175 2865 item,
1199 2782 1321 2872 legunt
1339 2783 1384 2852 dc
1405 2785 1606 2875 Evangeliis
1621 2796 1656 2854 et
1673 2785 1718 2854 de
1735 2779 1896 2874 epistolis

465 2881 500 2949 in
520 2881 679 2970 vulgari,
712 2878 921 2971 applicando
950 2892 986 2948 et
1004 2881 1216 2970 exponendo
1246 2902 1310 2973 pro
1328 2902 1367 2950 se
1396 2894 1430 2952 et
1448 2898 1568 2952 contra
1589 2895 1717 2952 statum
1738 2880 1896 2951 Romane

464 2977 618 3047 Ecclesia
636 2976 730 3067 quod
753 2977 893 3067 longum
910 2988 1003 3046 esset
1023 2999 1084 3068 per
1102 2977 1240 3069 singula
1270 2979 1471 3070 explicare;
1500 2992 1554 3049 sot
1583 2980 1617 3048 in
1644 2980 1741 3049 libris
1769 2999 1896 3049 eorum

379 3118 382 3125 -
465 3095 556 3167 quos
576 3074 706 3143 hebent
722 3075 903 3144 conlectos
924 3086 959 3143 et
987 3075 1135 3144 inlectos
1160 3078 1205 3146 de
1231 3075 1296 3146 ista
1328 3077 1470 3146 oratorio
1498 3079 1634 3169 plenius
1659 3079 1841 3168 leguntur,
1861 3084 1898 3147 et

465 3170 500 3242 in
521 3171 806 3242 corriessionibus
833 3170 1060 3242 credeocium
1083 3172 1261 3264 ipsorum,
1293 3175 1436 3265 quando
1460 3187 1734 3260 convertuntur,
1757 3173 1897 3269 plenius

465 3269 671 3338 audiuntur.

468 3524 503 3584 5.
531 3522 608 3586 Hac
639 3529 762 3586 autem
793 3532 883 3587 sunt
907 3525 1196 3600 interrogatoria
1223 3526 1270 3589 ad
1299 3527 1490 3591 credentes
1520 3527 1564 3591 ds
1590 3535 1692 3592 secta
1718 3528 1755 3608 [ir
1784 3529 1839 3592 132
1867 3530 1897 3609 c]

1041 3632 1328 3697 manicheorum.

518 3845 554 3913 ln
576 3845 697 3936 primis
716 3847 973 3918 examinandos
993 3848 1248 3939 interrogetur,
1268 3849 1297 3918 si
1319 3849 1409 3919 vidit
1433 3862 1494 3922 aot
1520 3852 1624 3921 scivit
1642 3851 1770 3921 alicubi
1791 3851 1901 3922 bere-

471 3944 576 4011 ticom
599 3943 653 4012 vei
673 3943 865 4026 hereticos,
887 3944 1002 4015 sciens
1017 3956 1079 4014 aot
1097 3948 1246 4016 credens
1267 3948 1361 4038 ipsos
1381 3969 1479 4027 esse,
1498 3962 1559 4018 aut
1575 3950 1746 4019 norninari
1767 3970 1830 4018 scu
1848 3971 1903 4022 rc-

471 4040 583 4132 potari
609 4042 716 4121 tates,
742 4052 778 4110 et
798 4041 857 4112 uhi
881 4042 971 4112 vidit
991 4054 1025 4111 et
1044 4045 1214 4134 quociens
1232 4058 1266 4113 et
1285 4065 1364 4114 cum
1384 4047 1514 4137 quibus
1536 4058 1571 4116 et
1600 4049 1756 4139 quando,
1786 4045 1898 4134 ltenr,

470 4139 500 4206 si
522 4136 646 4206 habuit
670 4137 822 4230 aliquam
851 4139 1120 4210 familiaritatem
1149 4162 1228 4210 cum
1259 4142 1331 4226 ais,
1361 4155 1395 4212 et
1418 4144 1560 4234 qnando
1579 4158 1614 4214 et
1637 4145 1834 4238 quomodo,
1865 4155 1904 4216 et

470 4236 549 4325 quis
567 4237 684 4325 posuit
703 4257 782 4304 eum
806 4237 920 4306 intuli
944 4237 1191 4308 lamiliaritate.
1214 4239 1316 4324 item,
1347 4243 1377 4309 si
1399 4245 1529 4333 recepit
1559 4244 1591 4311 in
1621 4245 1726 4313 domo
1752 4264 1815 4313 soa
1836 4244 1902 4313 ali·

470 4352 573 4422 quem
595 4332 650 4401 vel
670 4333 806 4424 aliquos
821 4333 1014 4417 hereticos,
1035 4346 1071 4404 et
1087 4357 1191 4426 quem
1209 4337 1264 4405 vel
1280 4360 1387 4427 quos3
1405 4349 1440 4406 ct
1455 4341 1534 4429 quis
1551 4342 1701 4411 adduxit
1716 4345 1778 4411 eos
1798 4341 1901 4426 illuc,

470 4439 504 4498 et
522 4442 691 4519 quantum
709 4443 882 4501 steterunt
903 4433 949 4501 ibi
968 4443 1003 4501 et
1022 4434 1083 4523 qui
1102 4433 1334 4503 visitaverunt
1353 4456 1414 4505 eos
1435 4436 1503 4519 ibi,
1523 4451 1558 4506 et
1580 4441 1659 4531 quis
1677 4441 1759 4508 inde
1775 4439 1905 4510 edrrxit

471 4546 532 4596 eos
560 4538 595 4595 et
618 4548 689 4617 quo
719 4529 872 4601 iverunt.
903 4530 1008 4611 item,
1031 4533 1062 4599 si
1088 4530 1223 4599 auditu
1248 4533 1519 4623 predicationem
1549 4557 1689 4621 eorum,
1711 4550 1746 4609 et
1765 4538 1810 4608 de
1832 4537 1904 4608 biis

471 4643 540 4714 que
562 4623 725 4693 dicebant
744 4636 778 4695 et
798 4626 982 4697 docebant.
1006 4628 1112 4709 item,
1139 4628 1167 4697 si
1188 4629 1350 4698 adoravit
1370 4653 1445 4713 eos,
1467 4634 1521 4702 vel
1547 4636 1634 4702 vidit
1651 4636 1696 4705 ab
1711 4637 1789 4706 aliis
1813 4637 1904 4706 ado-

472 4722 562 4803 rari,
584 4733 645 4790 aot
659 4723 711 4791 eis
726 4725 959 4794 reverentiam
977 4725 1138 4794 exhiheri
1151 4727 1254 4795 modo
1272 4726 1470 4813 hereticali,
1484 4742 1519 4800 et
1536 4730 1581 4799 de
1594 4733 1698 4803 modo
1711 4734 1902 4804 adorandi.

473 4815 573 4907 item,
594 4818 624 4888 si
642 4820 795 4889 comedit
814 4821 860 4891 de
885 4842 975 4913 pane
996 4824 1183 4893 benedicto
1208 4825 1385 4916 ipsorum,
1404 4838 1439 4897 et
1457 4829 1501 4897 de
1520 4829 1624 4899 modo
1643 4831 1905 4903 benedictionis

474 4912 556 4983 dicti
578 4916 690 5007 panis.
712 4916 815 5004 item,
834 4920 864 4988 si
886 4919 966 4990 iecit
983 4921 1035 4990 eis
1055 4933 1191 5012 pactum
1212 4943 1274 4992 seu
1295 4924 1583 4996 convenieociam
1605 4929 1699 5020 quod
1721 4929 1829 5000 vellet
1851 4951 1905 5002 re·

474 5010 543 5102 cipi
563 5011 597 5080 in
616 5011 685 5083 fine
703 5035 769 5084 suo
783 5015 974 5087 adseclam
992 5017 1088 5088 etad
1104 5017 1266 5089 ordinem
1286 5018 1455 5112 ipsorum.
1477 5023 1583 5117 item,
1603 5026 1634 5095 si
1649 5027 1818 5098 salutavit
1836 5049 1903 5100 eos
