4574 6404
1003 672 1155 726 SECUNDA
1182 671 1278 723 PARS.
1815 659 1858 727 69

423 931 483 995 50.
506 932 702 996 Sententia
716 933 1110 998 excommunicationis
1122 942 1252 999 contra
1268 935 1478 998 detentores
1493 942 1529 998 et
1545 935 1723 999 celatores
1745 935 1859 999 libro-

991 1057 1074 1105 rum
1088 1042 1109 1106 J
1113 1043 1300 1105 udeorum.

473 1256 591 1327 Frater
609 1256 823 1346 Bernartius,
841 1260 1044 1353 inquisitor,
1065 1274 1151 1344 etc,
1170 1261 1346 1329 universis
1365 1269 1401 1329 et
1419 1259 1568 1351 singulis
1588 1260 1784 1330 rectoribus
1803 1281 1860 1329 coÎ‡

424 1355 611 1426 etesiarum
630 1356 688 1424 vel
709 1375 831 1426 eorum
852 1356 928 1426 loca
948 1357 1150 1427 tenentibus
1170 1351 1209 1450 [p
1231 1356 1275 1424 37
1296 1352 1330 1452 a]
1355 1357 1400 1426 ad
1420 1377 1509 1449 quos
1530 1366 1712 1448 presentes
1741 1357 1856 1427 littere

425 1455 670 1545 pervenerint,
691 1453 840 1523 salutem
865 1456 900 1523 in
930 1464 1047 1527 actore
1072 1453 1156 1524 fidei
1174 1454 1324 1525 Domino
1343 1453 1449 1524 Jhesu
1470 1453 1620 1526 Christo.
1639 1453 1789 1524 -Cum
1815 1457 1862 1524 sit

425 1550 589 1621 voluntas
615 1571 656 1621 ac
682 1553 831 1622 intentio
854 1555 985 1643 pariter
1004 1564 1040 1623 et
1059 1552 1264 1622 mandatum
1289 1551 1574 1622 christianissimi
1594 1553 1730 1623 domini
1748 1555 1860 1623 nostri

425 1650 539 1740 regis,
561 1651 653 1718 sicut
672 1648 775 1719 nobis
794 1660 931 1720 constat
949 1671 1013 1743 per
1038 1651 1114 1741 ejus
1139 1659 1299 1742 patentes
1323 1649 1457 1720 litteras
1486 1649 1698 1736 destinatas,
1721 1670 1859 1720 necnon

426 1745 621 1837 expediens
641 1756 677 1816 et
696 1749 934 1817 necessarium
961 1746 1045 1819 fidei
1068 1746 1266 1820 orthodoxe
1292 1747 1388 1839 quod
1417 1769 1540 1818 omues
1568 1748 1649 1818 libri
1666 1747 1860 1820 iudeorum

425 1846 460 1912 in
481 1844 610 1935 quibus
629 1847 854 1915 continentur
873 1866 1011 1916 errores
1030 1857 1066 1916 et
1083 1845 1267 1915 blasfemia
1288 1845 1440 1916 nominis
1454 1846 1593 1916 Domini
1607 1846 1714 1916 Jhesu
1732 1844 1862 1915 Christi

427 1950 462 2022 et
489 1941 565 2032 ejus
592 1945 814 2012 sanctissime
840 1944 1019 2034 genitricis
1049 1943 1198 2035 virginis
1226 1943 1354 2027 Marie,
1376 1945 1411 2011 in
1440 1944 1667 2035 opprobrium
1699 1943 1859 2034 ejusdem

425 2036 510 2109 fidei
533 2039 750 2126 orthodoxe,
773 2040 941 2111 tollantur
959 2041 1004 2112 de
1028 2041 1145 2112 medio
1165 2052 1200 2111 et
1221 2061 1267 2111 ex
1287 2039 1406 2111 debito
1427 2041 1569 2131 justicie
1587 2042 1860 2124 comburantur,

426 2140 634 2208 anctoritate
650 2138 842 2230 apostolica
858 2159 928 2231 qua
948 2139 1141 2230 fungimur,
1158 2139 1224 2208 sub
1243 2158 1331 2231 pena
1350 2142 1740 2226 excommunicationis,
1758 2139 1862 2210 vobis

424 2235 635 2306 mandamus
650 2239 817 2328 quatinus
835 2236 870 2306 in
890 2236 1049 2308 ecclesiis
1065 2237 1207 2324 vestris,
1224 2237 1355 2307 ibidem
1373 2236 1419 2306 ad
1434 2237 1650 2308 audiendum
1667 2236 1790 2307 divina
1810 2234 1862 2329 (t)

425 2332 520 2404 clero
546 2346 583 2404 et
606 2334 736 2426 populo
761 2337 1001 2425 congregatis,
1024 2357 1087 2428 per
1114 2347 1183 2406 tres
1214 2334 1419 2405 immediate
1437 2346 1627 2426 sequentes
1647 2334 1723 2406 dies
1744 2333 1860 2404 domi-

425 2434 523 2524 nicos
547 2453 611 2504 seu
638 2433 805 2524 iestivos,
827 2454 873 2502 ex
893 2442 991 2524 parte
1015 2444 1135 2505 nostra
1160 2432 1332 2504 moneatis
1358 2432 1488 2520 semel,
1510 2433 1667 2505 secundo
1689 2453 1730 2503 ac
1751 2431 1858 2502 tercio

425 2533 594 2600 canonice
621 2541 657 2600 et
683 2530 943 2622 perhemptoria
968 2531 1035 2601 sub
1061 2552 1151 2624 pena
1175 2531 1551 2602 excommunicationis
1574 2552 1698 2603 omnes
1724 2541 1760 2601 et
1786 2530 1858 2600 sin-

425 2627 526 2716 gulos
553 2627 768 2721 quicumque
793 2629 927 2699 habent
954 2650 1017 2699 seu
1046 2639 1167 2701 tenent
1193 2629 1330 2722 aliquos
1358 2628 1467 2699 libros
1493 2650 1557 2699 seu
1582 2632 1712 2721 scripta
1740 2627 1859 2720 aliqua

424 2724 613 2796 iudeorum
640 2747 865 2820 quocumque
884 2729 1027 2798 nomine
1048 2737 1277 2814 censeantur,
1300 2726 1402 2797 nobis
1428 2747 1492 2798 seu
1512 2727 1688 2821 deputatis
1710 2748 1772 2820 per
1792 2747 1858 2796 nos

425 2821 461 2891 in
483 2822 550 2893 hac
580 2834 677 2916 parte
701 2825 871 2896 exibeant
895 2824 1112 2916 integraliter
1135 2835 1171 2895 et
1196 2824 1385 2896 ostendant
1408 2826 1498 2894 infra
1523 2828 1657 2895 instans
1685 2824 1856 2915 carnipri-

424 2923 544 3007 vium,
567 2923 673 2994 modo
698 2923 803 2993 eliam
829 2933 864 2993 et
887 2923 999 2993 lorma
1021 2922 1196 2994 consimili
1219 2921 1392 2992 moneatis
1413 2941 1536 2993 omnes
1560 2935 1596 2993 et
1618 2922 1777 3015 singulos
1797 2925 1858 3014 qui

425 3020 541 3088 sciunt
566 3020 743 3112 predictos
772 3021 880 3092 libros
904 3042 967 3091 seu
994 3023 1124 3113 scripta
1147 3021 1204 3090 vel
1226 3020 1385 3112 ,aliquem
1411 3020 1455 3090 de
1484 3020 1619 3092 eisdem
1645 3020 1767 3091 haberi
1794 3041 1857 3090 seu

425 3115 576 3188 detineri
595 3139 614 3187 a
634 3119 918 3210 quibuscumque
941 3121 1123 3211 personis,
1145 3118 1241 3210 quod
1265 3117 1368 3188 nobis
1391 3118 1481 3188 inira
1506 3119 1638 3189 dictum
1668 3117 1857 3189 terminum

424 3216 588 3286 intiment
611 3211 651 3312 [l0
671 3217 716 3284 37
736 3212 772 3313 b]
796 3227 830 3286 et
854 3216 1033 3303 revelent,
1054 3227 1093 3285 ut
1116 3237 1162 3286 ex
1188 3214 1290 3285 dictis
1315 3214 1413 3285 libris
1437 3236 1500 3285 seu
1520 3216 1660 3310 scriptis
1680 3219 1858 3309 possimus

424 3311 556 3404 eligere
581 3334 622 3385 ac
648 3317 753 3384 etiam
778 3333 944 3406 separare
967 3333 1090 3384 omnes
1114 3313 1221 3384 libros
1244 3315 1306 3405 qui
1324 3324 1497 3384 vocantur
1518 3314 1674 3384 Talmutz
1694 3324 1729 3386 et
1748 3334 1857 3407 quos-

425 3429 578 3505 cumque
604 3411 693 3483 alios
719 3413 755 3482 in
782 3412 911 3504 quibus
942 3431 1079 3482 errores
1110 3412 1247 3482 inventi
1274 3410 1404 3480 luerint
1433 3421 1468 3480 et
1494 3412 1676 3484 blasfemia
1704 3415 1857 3482 nominis

426 3506 563 3580 Domini
584 3509 690 3580 Jhesu
710 3508 837 3579 Christi
860 3510 993 3599 atejus
1017 3509 1238 3579 sanctissime
1264 3508 1443 3599 genitricis
1468 3520 1504 3579 et
1526 3508 1609 3581 fidei
1636 3508 1854 3594 orthodoxe,

424 3616 464 3676 ut
481 3607 526 3679 de
545 3608 596 3678 eis
613 3606 674 3677 fiat
688 3611 852 3679 executio
870 3607 989 3677 debita
1000 3609 1142 3697 justicie
1160 3621 1324 3698 tanquam
1344 3606 1389 3677 de
1403 3608 1564 3699 reprobis
1579 3617 1614 3678 et
1629 3607 1827 3700 dampnatis
1845 3633 1853 3675 :

424 3706 520 3797 quod
536 3708 605 3776 uisi
621 3705 746 3777 moniti
761 3707 1020 3785 fecerint,sicnt
1035 3704 1361 3796 premittitur,inlra
1373 3704 1804 3799 terminumpretaxatum,
1821 3704 1857 3774 ip

424 3823 547 3874 omnes
574 3805 777 3874 detentores
809 3813 844 3873 et
876 3801 1048 3874 celatores
1075 3801 1312 3894 predictorum
1337 3802 1505 3874 librorum
1533 3826 1596 3875 seu
1623 3794 1854 3896 scriptorum,

423 3919 465 3970 ac
483 3904 590 3972 etiam
608 3905 645 3969 in
663 3901 910 3995 impeditores,
930 3902 996 3969 ista
1015 3910 1135 3970 nostra
1153 3900 1367 3992 competenti
1387 3904 1581 3973 monitione
1601 3901 1788 3994 premissa,
1811 3921 1857 3971 ex

424 4019 518 4068 nuno
537 4009 576 4068 ut
594 4020 639 4069 ex
662 4010 759 4086 tunc,
777 4009 813 4070 et
831 4019 878 4068 ex
898 4007 981 4067 tuno
1004 4008 1042 4066 ut
1056 4018 1102 4067 ex
1124 4018 1231 4084 nunc,
1251 4002 1626 4070 excommunicationis
1645 4001 1855 4070 sententiam

424 4095 569 4166 ierimus
596 4099 633 4165 in
664 4096 731 4166 hiis
760 4099 920 4190 scriptis,
946 4098 1114 4188 ipsosque
1140 4098 1463 4167 excommunicatos
1492 4097 1631 4190 publice
1663 4096 1699 4165 iu
1727 4097 1857 4169 vostris

424 4194 583 4264 ecclesiis
612 4194 807 4282 nunciatis,
831 4205 865 4264 et
896 4204 1061 4285 tanquam
1088 4195 1411 4265 excommunicatos
1440 4197 1581 4265 evitetis
1611 4205 1647 4265 et
1672 4195 1807 4265 faciatis
1837 4216 1858 4264 a

423 4293 555 4362 vestris
584 4291 737 4361 subditis
768 4294 883 4361 arcius
915 4293 1055 4362 evitari.
1089 4291 1214 4361 Datum
1244 4291 1394 4363 Tholose
1421 4292 1536 4385 pridie
1566 4292 1657 4386 ydus
1682 4293 1855 4383 januarii,

423 4408 516 4460 auno
535 4389 673 4460 Domini
696 4387 906 4460 Mâ°CCCâ°IXâ°.

563 4621 623 4682 51.
642 4618 845 4699 Requisitio
863 4619 1059 4684 senescalli
1073 4619 1249 4696 Agenesii
1266 4634 1376 4698 super
1389 4618 1496 4683 libris
1510 4620 1531 4684 J
1535 4621 1721 4684 udeorum.

470 4835 585 4906 Nobili
615 4857 656 4906 ac
685 4839 819 4929 potenti
839 4837 925 4927 ,viro
949 4835 1092 4908 domino
1120 4834 1314 4906 senescallo
1343 4835 1512 4928 Agenesii
1544 4836 1600 4908 vel
1629 4836 1705 4925 ejus
1739 4837 1854 4908 locum

460 5066 495 5132 tlt
519 5067 650 5120 birinum
665 5064 737 5120 Â«lans
753 5066 778 5120 lc
792 5080 846 5120 ms.
863 5064 925 5121 387.
