4574 6404
428 637 498 707 toa
717 651 878 704 nanuum
905 650 1145 717 rnoutsrrronrs
1173 649 1335 702 nnnmrcn
1360 649 1572 702 univimus.

428 823 512 883 runt
528 823 563 882 et
581 811 624 881 ad
646 820 760 903 partes
782 808 867 879 tales
886 811 1061 879 venerunt
1074 819 1109 880 et
1127 831 1206 879 cum
1224 809 1371 901 quibus,
1389 819 1425 879 et
1442 818 1611 900 quantum
1631 816 1805 876 steterunt
1823 808 1861 875 in

430 911 576 982 remotis
596 909 772 1003 partibus,
794 917 829 977 et
848 908 882 975 in
902 908 1031 999 quibus
1050 907 1162 991 villis,
1183 919 1314 978 etcum
1335 907 1462 998 quibus
1486 909 1639 975 maxime
1662 905 1864 975 conversati

429 1009 565 1078 suntin
586 1007 733 1077 eisdem.
755 1005 860 1091 Item,
881 1005 911 1074 si
933 1026 1086 1097 unquam
1110 1006 1324 1077 audiverunt
1347 1003 1518 1075 nominari
1537 1001 1730 1073 Gerardum
1750 1002 1860 1092 Sega-

431 1106 506 1177 relli
527 1107 570 1176 de
588 1104 709 1174 Parma
728 1112 763 1173 et
781 1102 965 1172 Dulcinum
984 1104 1235 1175 Novaniensem
1256 1104 1301 1173 de
1318 1102 1548 1187 Lombardia,
1565 1101 1620 1171 vel
1640 1103 1670 1170 si
1689 1103 1785 1193 ipsos
1804 1099 1864 1168 vel

431 1203 578 1274 alterum
608 1203 761 1295 ipsorum
782 1199 949 1271 viderunt
971 1202 1027 1271 vel
1053 1223 1131 1271 cum
1157 1201 1209 1272 eis
1236 1202 1342 1273 locuti
1369 1201 1530 1285 luerunt,
1553 1197 1692 1289 etquid
1712 1196 1866 1267 credunt

431 1312 492 1370 ant
518 1300 674 1371 sentiunt
693 1299 737 1368 de
762 1297 865 1392 ipsis,
884 1301 941 1369 vel
962 1299 1006 1368 de
1026 1299 1117 1387 vita,
1137 1310 1330 1382 anteacta,
1350 1310 1385 1369 et
1405 1297 1563 1369 doctrina
1584 1297 1759 1389 ipsorum,
1779 1295 1816 1364 et
1832 1293 1877 1395 si⁴

432 1409 595 1492 reputant
615 1418 676 1467 eos
700 1396 806 1466 luisse
829 1397 939 1468 honos
963 1396 1142 1482 homines,
1162 1407 1197 1467 et
1215 1397 1382 1468 habuisse
1400 1406 1435 1466 et
1455 1397 1609 1465 tenuisse
1634 1394 1761 1462 bonam
1784 1413 1863 1461 sec·

324 1565 330 1578 ,
433 1506 521 1578 tam,
539 1508 574 1566 et
593 1495 756 1567 docuisse
775 1494 901 1565 bonam
922 1496 1130 1565 doctrinam.
1151 1497 1254 1581 Item,
1273 1497 1304 1566 si
1322 1494 1524 1565 audiverint
1543 1492 1611 1562 dici
1632 1492 1727 1583 quod
1747 1490 1864 1560 dictus

430 1592 606 1665 Gerardus
626 1593 730 1662 luerit
750 1593 913 1663 inventor
928 1594 1061 1686 primus
1077 1597 1169 1665 dicte
1187 1605 1281 1664 secte
1300 1604 1335 1662 et
1354 1593 1468 1661 dictus
1484 1590 1650 1658 llulcinus
1668 1589 1772 1658 luerit
1789 1608 1864 1657 sec·

433 1702 523 1761 tator
547 1691 718 1782 ejusdem.
742 1691 846 1773 Item,
868 1691 897 1761 si
925 1713 1078 1783 uuquam
1100 1693 1266 1762 viderunt
1284 1691 1436 1782 aliquem
1458 1686 1516 1758 vel
1539 1687 1675 1778 aliquos
1699 1687 1743 1755 de
1766 1695 1863 1756 secta

433 1789 668 1882 predictorum
694 1787 749 1858 vel
779 1788 915 1859 illorum
942 1789 1001 1882 qui
1023 1790 1187 1860 dicuntur
1207 1788 1364 1881 Apostoli
1382 1808 1444 1856 seu
1470 1787 1515 1855 de
1536 1785 1661 1855 ordine
1687 1782 1864 1875 apostolo·

433 1906 508 1955 rum
534 1896 568 1955 et
590 1907 705 1979 quos,
727 1897 763 1955 et
785 1887 814 1955 si
843 1886 1041 1956 habuerunt
1066 1888 1217 1979 aliquam
1242 1886 1443 1957 societatem
1473 1883 1529 1952 vel
1561 1882 1862 1975 participationem

432 2005 510 2054 cum
539 1985 609 2071 eis,
632 1996 667 2055 et
692 2005 771 2053 cum
798 1984 940 2077 quibus.
967 1985 1070 2071 ltem,
1095 1986 1140 2055 de
1166 1985 1286 2055 habitu
1317 2005 1421 2075 quem
1449 1991 1589 2074 portant
1617 1990 1651 2049 et
1678 1980 1722 2049 de
1752 1980 1865 2048 torma

433 2082 589 2172 ejusdem
602 2082 663 2174 qui
676 2081 818 2151 videtur
838 2103 915 2152 esse
934 2082 1074 2152 habitus
1089 2083 1236 2174 alicujus
1253 2081 1445 2172 religionis,
1465 2079 1607 2171 quando
1624 2091 1659 2146 et
1678 2077 1736 2145 ubi
1757 2076 1863 2146 talem

432 2178 589 2249 habitum
616 2191 882 2271 assumpserunt
906 2193 941 2250 et
965 2202 1067 2271 quem
1102 2181 1260 2251 ordinem
1291 2190 1428 2267 tenent,
1450 2188 1484 2247 et
1514 2177 1543 2246 si
1570 2196 1674 2267 quam
1705 2173 1863 2265 regulam

433 2276 658 2371 profitentur,
676 2288 710 2346 et
733 2281 763 2346 si
785 2299 938 2369 unquam
962 2278 1050 2348 ordo
1069 2279 1259 2349 verborum
1280 2299 1384 2370 quem
1407 2284 1526 2347 tenent
1547 2285 1583 2342 et
1603 2267 1725 2368 talis[l⁰
1743 2268 1807 2339 tlt
1827 2269 1861 2371 c]

433 2369 1864 2469 habitusquemportantabEcclesiaRomanaluitapprohatus‚etsisciuntaliquos

432 2472 589 2564 aliosqui
608 2474 707 2542 talem
723 2472 881 2542 ordinem
898 2484 1085 2544 teneantet
1098 2474 1254 2543 habitum
1273 2475 1373 2542 talem
1392 2481 1542 2566 portent.
1556 2469 1654 2550 ltem,
1667 2466 1862 2558 sialiquem

433 2571 489 2640 vel
517 2571 652 2662 aliquos
677 2583 889 2640 monuerunt
914 2571 969 2640 vel
996 2572 1211 2641 induxerunt
1234 2572 1278 2641 ad
1305 2572 1407 2640 talem
1428 2570 1585 2641 habitum
1610 2563 1864 2636 assumendum

431 2667 489 2737 vel
516 2669 744 2759 portandum,
768 2669 822 2737 vel
848 2669 1061 2739 adsimilem
1084 2672 1186 2738 ritum
1207 2681 1242 2739 et
1263 2669 1404 2738 modum
1426 2665 1571 2738 vivendi
1593 2666 1804 2750 tenendum,
1827 2679 1863 2737 et

432 2765 475 2834 ad
495 2765 622 2836 similia
644 2766 854 2852 laciendum,
875 2778 908 2836 et
928 2788 1017 2858 quos
1037 2766 1077 2837 et
1091 2778 1176 2859 quot
1194 2780 1229 2837 et
1248 2787 1369 2858 quare.
1390 2767 1488 2849 ltem,
1509 2764 1555 2834 de
1575 2761 1679 2831 modo
1698 2775 1733 2833 et
1752 2762 1861 2837 lorma

432 2862 623 2956 recipiendi
651 2864 694 2932 ad
723 2864 852 2933 dictum
882 2864 1040 2933 ordinem
1072 2866 1127 2933 vel
1157 2865 1313 2935 habitum
1343 2861 1557 2934 assumendi.
1582 2860 1685 2944 ltem,
1708 2862 1752 2931 de
1779 2859 1863 2932 doc·

432 2961 521 3029 trina
542 2983 646 3053 quam
667 2961 794 3031 docent
814 2962 909 3032 etde
930 2963 1034 3032 modo
1054 2963 1128 3052 ejus
1147 2984 1250 3054 qnam
1272 2961 1489 3032 inducendo
1510 2968 1628 3030 tenent
1649 2960 1684 3025 in
1705 2957 1863 3050 hiisque

432 3056 476 3125 ab
497 3060 548 3128 eis
564 3060 796 3129 communiter
811 3059 977 3129 videntur
996 3059 1070 3129 fieri
1091 3071 1126 3130 et
1144 3061 1212 3129 dici
1232 3073 1267 3130 et
1285 3060 1416 3130 cantari
1438 3079 1554 3129 coram
1577 3057 1707 3148 populo
1727 3058 1761 3126 in
1783 3056 1861 3146 pla·

433 3154 516 3237 teis,
536 3157 630 3227 unde
650 3148 929 3227 hahueruntista
951 3169 985 3227 et
1004 3159 1082 3250 quis
1102 3158 1221 3229 docuit
1240 3180 1319 3244 eos,
1339 3169 1374 3228 et
1396 3178 1506 3250 quare
1526 3156 1589 3226 ista
1611 3155 1762 3243 laciunt,
1779 3173 1861 3225 cum

433 3273 501 3321 nou
527 3254 598 3323 sint
618 3255 772 3324 instituta
794 3253 870 3324 lieri
892 3256 936 3324 ah
956 3255 1107 3325 Ecclesia
1128 3257 1280 3326 Romana
1301 3277 1365 3325 nec
1383 3277 1401 3325 a
1423 3254 1565 3348 prelatis
1584 3250 1758 3339 Ecclesie,
1779 3270 1861 3323 cum

432 3349 466 3417 in
490 3351 655 3442 predictis
675 3353 856 3423 manifeste
875 3364 1068 3446 appareant
1091 3353 1286 3445 singulares
1304 3365 1338 3424 et
1357 3373 1375 3421 a
1395 3352 1572 3423 communi
1592 3347 1863 3423 conversatione

432 3444 586 3518 fidelium
609 3463 677 3519 tam
699 3450 941 3541 religiosorum
966 3473 1070 3543 quam
1089 3453 1235 3520 aliarum
1258 3472 1485 3544 personarum
1511 3449 1544 3519 in
1567 3448 1635 3518 rita
1656 3460 1690 3517 et
1711 3450 1805 3519 victu
1827 3460 1864 3518 et

432 3545 499 3614 ritu
519 3547 745 3627 dissidentes,
767 3560 801 3617 et
820 3569 839 3617 a
860 3560 992 3640 quanto
1009 3561 1167 3642 tempore
1186 3550 1231 3619 ab
1251 3552 1301 3618 eis
1322 3551 1401 3619 talia
1420 3550 1495 3620 fieri
1517 3548 1736 3639 inceperunt.
1757 3548 1860 3636 ltem,

431 3643 461 3712 si
489 3645 629 3715 luerunt
653 3645 802 3716 confessi
833 3646 893 3716 illo
916 3668 1008 3717 anno
1037 3659 1174 3739 peccata
1196 3668 1258 3717 sua
1284 3649 1389 3718 alicui
1409 3647 1602 3731 sacerdoti,
1624 3657 1659 3715 et
1677 3647 1732 3713 cui
1745 3698 1754 3730 ‚
1776 3648 1863 3715 etsi

431 3745 780 3813 communicaverunt
798 3765 861 3814 seu
882 3757 1088 3838 receperunt
1106 3744 1238 3838 Corpus
1257 3745 1383 3816 Christi
1405 3748 1439 3815 in
1459 3745 1603 3830 Pascha,
1624 3753 1658 3814 et
1679 3743 1736 3813 ubi
1748 3798 1758 3827 ‚
1780 3764 1860 3813 cum

431 3839 496 3932 ipsi
519 3841 700 3934 predicent
720 3841 944 3935 penitentiam
964 3863 1041 3912 esse
1062 3843 1269 3931 taciendam,
1289 3857 1323 3914 et
1338 3845 1381 3914 ad
1400 3866 1516 3928 reram
1534 3844 1761 3936 penitentiam
1782 3853 1864 3935 post

430 3940 545 4008 cordis
569 3939 813 4011 contritionem
839 3943 1035 4031 requiratur
1058 3942 1127 4010 oris
1147 3943 1321 4012 consessio
1341 3942 1385 4012 de
1406 3952 1548 4035 peccato
1569 3939 1726 4012 facienda
1746 3960 1863 4010 sacer-

429 4033 500 4105 doti
528 4037 689 4107 ordinato
715 4059 778 4130 per
804 4038 1005 4131 episcopum
1036 4039 1080 4108 de
1103 4038 1255 4110 Ecclesia
1274 4041 1428 4110 Romana
1453 4052 1488 4110 et
1513 4062 1581 4111 non
1612 4039 1696 4122 alii;
1718 4049 1753 4108 et
1779 4059 1861 4107 cum

428 4153 550 4204 omnes
579 4134 701 4205 fideles
731 4144 914 4205 teneantur
940 4135 1049 4204 semel
1076 4136 1111 4203 in
1140 4157 1233 4208 anno
1264 4148 1404 4231 peccata
1434 4158 1497 4207 sua
1526 4136 1685 4208 confiteri
1716 4136 1861 4229 proprio

427 4232 597 4302 sacerdoti
617 4245 651 4302 et
670 4233 929 4303 communicare
950 4233 984 4301 in
1000 4232 1143 4320 Pascha,
1162 4238 1316 4304 maxime
1336 4235 1503 4304 videntur
1524 4239 1635 4306 teneri
1655 4232 1699 4302 ad
1722 4233 1788 4304 hoc
1808 4233 1858 4304 illi

425 4330 485 4419 qui
510 4330 612 4399 talem
637 4331 743 4400 vitam
762 4331 968 4427 perlectam,
995 4340 1032 4398 ut
1047 4332 1181 4419 dicunt,
1204 4333 1415 4426 pretendunt
1434 4335 1590 4405 exterius
1613 4329 1653 4429 [p
1677 4328 1737 4399 tlt
1766 4329 1802 4430 d]
1825 4343 1861 4403 et

426 4427 628 4497 ostendunt.

473 4523 524 4595 lix
553 4526 717 4618 predictis
744 4525 850 4617 igitur
877 4525 1100 4616 generalibus
1129 4528 1460 4618 interrogationibus
1492 4542 1527 4600 et
1559 4530 1636 4598 aliis
1665 4530 1857 4599 consimili·

424 4620 491 4691 bus
516 4644 586 4716 que
615 4634 697 4692 tunc
723 4626 939 4693 occurrerint
964 4625 1122 4694 faciende
1147 4646 1253 4696 causa
1280 4639 1314 4697 et
1342 4627 1525 4699 occasione
1554 4626 1671 4696 habita
1699 4648 1745 4697 ex
1777 4649 1858 4719 pre·

423 4703 526 4815 dictis
547 4732 581 4791 et
600 4743 645 4792 ox
666 4721 955 4813 responsionibus
976 4724 1130 4814 ipsorum
1150 4724 1269 4817 aliquo
1291 4725 1395 4796 modo
1416 4727 1451 4794 in
1467 4726 1543 4796 suis
1567 4725 1859 4817 dupplicitatibus

425 4827 460 4887 et
489 4819 719 4888 varietatibus
748 4831 912 4911 poterunt
939 4817 1178 4915 deprehendi,
1209 4822 1362 4892 maxime
1385 4822 1414 4892 si
1447 4823 1588 4913 vigilem
1618 4843 1658 4892 ac
1686 4822 1859 4894 circums-

424 4926 561 5006 pectum
579 4928 613 4985 et
634 4917 843 4986 industrium
866 4917 1052 4986 habuerint
1073 4918 1328 5010 inquirentem,
1349 4942 1428 4990 cum
1449 4922 1579 4989 nullam
1600 4920 1729 4990 bonam
1755 4921 1858 4992 ratio·

424 5032 504 5081 nem
526 5024 690 5106 poterunt
707 5014 856 5085 reddere
875 5015 918 5084 ad
939 5014 1089 5107 quesita.

1081 5752 1303 6000 ἢ
