4574 6404
429 639 498 708 t-88
714 656 877 709 aaronica
903 657 1145 722 incursrrronrs
1172 656 1335 708 uannrrcs
1361 657 1572 709 rnavrrtrrs.

428 815 504 905 ejus
524 836 586 884 seu
607 811 763 906 capituli,
782 815 867 885 sede
888 826 1052 901 vacante,
1074 816 1256 908 delegatus
1274 817 1486 908 inquisitori,
1506 827 1541 887 et
1562 818 1748 910 inquisitor
1768 823 1867 914 epis-

426 932 517 1004 copo
537 912 591 982 vel
613 913 689 1001 ejus
705 912 879 1003 delegato,
901 934 984 998 sen,
1005 913 1091 984 sede
1111 927 1281 995 vacante,
1304 913 1486 1003 delegatus
1511 915 1712 1006 inquisitori
1733 918 1796 1010 qui
1816 919 1866 989 ad

428 1009 495 1078 hoc
515 1031 576 1102 per
597 1009 786 1101 capitulum
815 1011 919 1081 luerit
946 1011 1155 1104 deputatus,
1183 1033 1290 1104 super
1318 1011 1385 1082 illis
1409 1013 1630 1083 committere
1660 1015 1756 1084 vices
1777 1037 1868 1086 suas

430 1107 483 1176 vel
504 1129 606 1177 suum
628 1106 826 1196 siguificare
848 1130 909 1200 per
924 1107 1057 1178 litteras
1078 1109 1262 1180 consilium
1283 1121 1318 1179 et
1337 1131 1564 1181 consensum.

477 1204 526 1274 Ex
548 1205 702 1300 prodicta
720 1218 836 1276 autem
853 1206 1075 1276 ordinatione
1089 1207 1386 1278 seurestrictione
1409 1208 1575 1279 nonnulla
1601 1210 1864 1281 inconvenien-

429 1307 473 1375 tia
502 1315 737 1376 consecuntur
765 1325 834 1394 que
862 1303 1011 1374 liberum
1041 1317 1073 1372 et
1102 1305 1307 1396 expeditum
1328 1328 1468 1376 cursum
1494 1303 1601 1375 officii
1621 1306 1867 1398 inquisitionis

312 1437 316 1444 ·
430 1420 497 1476 tam
519 1405 553 1472 in
573 1402 733 1471 manibus
751 1402 1029 1494 rlyocesanornm
1046 1425 1151 1492 quarn
1168 1406 1273 1472 etiarn
1294 1403 1541 1496 inquisitorum
1554 1405 1776 1491 diminuunt,
1794 1427 1861 1476 seu

429 1503 626 1581 retardant,
656 1497 749 1590 quod
776 1501 995 1592 experientia
1017 1501 1126 1591 magis
1151 1502 1275 1588 docet3
1298 1504 1425 1594 poterit
1444 1514 1562 1571 autern
1587 1502 1772 1590 remediari
1793 1524 1861 1574 sou

427 1598 626 1692 aliqualiter
644 1597 817 1666 moderari
840 1598 995 1689 predicta
1016 1600 1246 1670 restrictione
1265 1603 1377 1670 tocius
1397 1602 1529 1692 prelate
1546 1601 1808 1672 constitutionis
1827 1613 1865 1672 et

427 1698 572 1771 alterius
588 1695 745 1785 ejusdem
762 1693 950 1766 Clementis
969 1717 1057 1789 pape
1072 1709 1172 1768 tenor
1189 1699 1222 1766 in
1242 1696 1366 1767 melius
1382 1698 1604 1780 commutari,
1622 1701 1652 1768 si
1665 1709 1700 1767 et
1715 1698 1866 1790 quando

427 1795 619 1888 apostolice
638 1792 712 1862 sedi
736 1793 848 1864 visum
870 1794 987 1878 fuerit,
1009 1796 1099 1864 sicut
1118 1799 1153 1864 in
1177 1794 1246 1865 fine
1267 1790 1308 1891 [p
1326 1795 1394 1863 l03
1414 1790 1447 1891 c]
1465 1797 1638 1888 presentis
1658 1797 1774 1888 operis
1794 1818 1861 1868 no-

429 1905 536 1965 tatum
561 1904 614 1962 est
633 1892 840 1961 incidenter.

477 1993 510 2082 c)
526 1988 669 2073 Quinto,
689 1993 724 2058 in
744 1989 1006 2060 examinatione
1024 1993 1162 2061 testium
1183 2013 1272 2084 quos
1287 2013 1393 2083 snper
1407 1991 1554 2059 crimine
1566 1990 1699 2060 heresis
1719 1993 1861 2084 ipsum-

429 2113 497 2184 que
517 2087 800 2175 continpentibus
821 2088 926 2179 recipi
949 2089 1180 2181 opportuerit,
1200 2089 1331 2159 debent
1349 2088 1520 2158 adbibere
1535 2109 1653 2157 secum
1671 2090 1759 2159 duas
1776 2110 1864 2181 per·

428 2209 533 2259 sonas
562 2187 742 2276 religiosas
770 2196 804 2254 et
828 2184 998 2255 discretas
1027 2186 1060 2254 in
1088 2207 1236 2277 quarum
1260 2189 1436 2279 presentia
1463 2208 1523 2278 per
1550 2186 1774 2256 tabellionem
1796 2208 1866 2257 sen

430 2286 602 2358 notarium
632 2282 829 2376 publicum,
851 2282 880 2352 si
900 2283 1048 2354 comode
1068 2285 1177 2376 possit
1205 2283 1348 2369 baberi,
1373 2295 1434 2353 aut
1455 2305 1517 2376 per
1537 2284 1626 2355 duos
1649 2284 1746 2353 viros
1772 2284 1865 2378 ydo-

430 2405 514 2454 neos
535 2383 610 2453 loco
630 2381 773 2463 notarii,
796 2381 1034 2473 depositiones
1056 2381 1196 2451 testium
1218 2382 1497 2452 conscribantur.

472 2486 507 2576 s)
532 2480 654 2560 Sexto,
672 2478 897 2571 inquisitores
910 2491 1058 2571 possunt
1073 2480 1266 2571 requirere,
1282 2491 1317 2550 et
1332 2480 1491 2572 requisiti
1510 2491 1673 2551 tenentur
1687 2479 1861 2564 obedire,

425 2581 607 2670 religiosos
626 2579 700 2669 qui,
720 2577 804 2646 dnm
823 2588 941 2646 essent
956 2577 990 2644 in
1011 2576 1145 2671 seculo,
1164 2577 1411 2649 tabellionatus
1432 2575 1586 2649 officium
1606 2576 1810 2648 habuerunt
1826 2591 1865 2649 et

423 2686 680 2759 exercuerunt,
702 2686 737 2744 et
754 2674 901 2745 clericos
919 2674 1096 2745 seculares
1115 2676 1221 2750 etiam
1240 2678 1276 2743 in
1297 2676 1407 2746 sacris
1426 2675 1612 2746 ordinibus
1631 2677 1860 2763 constitutos,

423 2776 467 2845 ad
488 2772 779 2845 conscribendum
807 2773 1046 2864 depositiones
1070 2776 1230 2857 testium,
1256 2794 1392 2844 necnon
1422 2773 1465 2843 ad
1494 2773 1690 2843 laciendum
1717 2794 1759 2843 ea
1788 2796 1863 2867 que

424 2875 457 2941 in
472 2868 884 2965 inquisitionisolficioad
903 2871 1076 2940 scriniarii
1092 2892 1156 2940 seu
1168 2871 1369 2941 tabellionis
1379 2870 1533 2942 officium
1547 2867 1770 2967 pertine[n]t,
1791 2872 1857 2941 ali-

421 2992 493 3062 quo
518 2969 694 3039 contrario
722 2978 853 3039 statuto
881 2971 1027 3038 canonis
1063 2969 1118 3039 vel
1146 2968 1280 3039 ordinis
1304 2990 1373 3038 non
1402 2969 1577 3041 obstante.
1606 2969 1655 3037 De
1688 2969 1860 3060 predictis

423 3067 562 3138 duobus
579 3066 735 3137 articulis
754 3065 904 3135 babetur
924 3066 957 3134 in
977 3065 1091 3135 littera
1110 3066 1302 3136 innocentii
1320 3087 1411 3159 pape
1430 3067 1507 3136 llll'i
1529 3065 1801 3157 inquisitoribus
1822 3071 1859 3137 in

423 3164 628 3235 Lornbardia
660 3189 667 3231 :
704 3162 758 3232 De
783 3162 964 3234 constitisse
990 3162 1080 3233 cobis
1105 3170 1229 3235 contra
1257 3163 1423 3235 hereticos
1455 3164 1684 3258 impunitionis
1717 3163 1856 3256 officio.

423 3262 475 3333 Et
495 3261 598 3355 infra
621 3287 632 3329 :
658 3261 707 3332 dd
729 3260 793 3330 bec
811 3261 841 3330 si
861 3282 967 3354 super
987 3261 1054 3331 biis
1081 3283 1151 3354 que
1172 3262 1263 3332 circa
1291 3262 1385 3331 idem
1406 3262 1559 3335 officinm
1586 3262 1744 3354 illudque
1769 3283 1857 3334 cun-

425 3361 592 3451 tingentia
611 3363 645 3428 in
663 3359 803 3450 scriptis
821 3359 950 3429 luerint
964 3359 1157 3450 redigenda
1176 3359 1406 3430 tabellionum
1423 3361 1633 3432 secularium
1650 3361 1750 3452 copia
1767 3360 1861 3432 lorte

424 3459 575 3528 desuerit
594 3468 805 3550 opportuna,
830 3460 989 3548 personis
1007 3458 1227 3547 regularibus
1240 3460 1493 3551 cujuscumque
1510 3459 1644 3528 ordinis
1662 3457 1721 3549 qni
1745 3458 1859 3528 tabel-

425 3558 576 3627 lionatus
599 3551 639 3651 [l0
662 3555 729 3624 t03
750 3551 786 3652 d]
808 3554 960 3626 officium
984 3557 1017 3622 in
1039 3556 1159 3626 seculo
1184 3554 1350 3625 habuisse
1378 3568 1570 3628 noscuntur
1596 3556 1788 3626 exercendi
1814 3558 1859 3625 il-

426 3656 484 3723 lnd
508 3655 541 3721 in
563 3653 644 3736 biis,
666 3675 744 3722 cum
765 3655 916 3735 avobis,
938 3652 1362 3742 necessitatebujusmodi
1382 3654 1569 3740 suadente,
1592 3655 1721 3723 luerint
1741 3655 1860 3746 requi-

424 3754 497 3846 siti,
525 3752 731 3821 auctoritate
752 3764 865 3820 vestra
888 3750 1062 3820 licentiam
1081 3753 1305 3834 concedatis,
1326 3774 1417 3842 quos
1435 3752 1479 3822 ad
1499 3751 1584 3840 hec,
1605 3753 1860 3822 constitutione

424 3853 591 3920 canonica
613 3848 669 3918 vel
695 3848 844 3939 regulari
874 3849 1047 3919 contraria
1067 3869 1286 3941 nequaquam
1308 3850 1483 3935 obstante,
1505 3871 1549 3919 ex
1571 3849 1731 3919 districto
1752 3849 1859 3920 volu·

426 3971 502 4018 inus
517 3948 686 4037 jussionis
704 3958 821 4016 vestre
841 3959 1004 4039 precepto
1025 3950 1156 4033 teneri;
1181 3947 1276 4038 qnod
1301 3947 1329 4017 si
1352 3969 1416 4018 nec
1436 3949 1523 4017 tales
1544 3947 1678 4018 babere
1700 3949 1859 4039 potueri-

426 4049 481 4128 tis,
504 4047 591 4116 alios
610 4046 699 4114 duos
711 4047 806 4114 viros
820 4045 976 4137 ydoneos
992 4045 1137 4114 clericos
1155 4045 1211 4114 vel
1229 4043 1359 4138 laycos,
1374 4046 1542 4136 quociens
1561 4046 1639 4115 talis
1655 4045 1862 4116 imminebit

426 4145 628 4224 necessitas,
650 4145 850 4226 assumatis,
872 4142 932 4235 qui
952 4143 1056 4212 simul
1076 4139 1227 4212 fideliter
1247 4163 1288 4212 ea
1306 4165 1375 4234 que
1394 4143 1572 4212 luerunta
1595 4143 1695 4213 vobis
1716 4143 1773 4212 vel
1795 4164 1860 4215 co-

426 4264 497 4311 ram
511 4242 611 4311 vobis
623 4262 666 4310 en
680 4237 961 4332 predictoofficio
969 4239 1123 4331 gerenda
1134 4241 1576 4334 conscribantur3quorum
1586 4244 1729 4332 scripta,
1741 4260 1860 4332 quan-

426 4353 495 4407 tum
517 4342 560 4408 ad
580 4338 672 4407 bunc
693 4338 909 4408 necessitatis
928 4338 1112 4408 articulum
1133 4335 1296 4429 pertinet,
1317 4360 1358 4409 ac
1375 4342 1405 4409 si
1426 4339 1532 4408 nnius
1549 4360 1698 4431 persone
1715 4338 1863 4430 publice

425 4432 1859 4521 maunconlectaluissentinconcussambaberedecernimnsfirmitatem-item,

424 4537 456 4602 in
469 4536 580 4603 littora
593 4533 779 4604 Clementis
791 4555 880 4626 pape
894 4533 971 4602 tttlt
989 4533 1257 4624 inquisitoribus
1271 4535 1304 4602 in
1321 4534 1551 4604 Lombardia:
1572 4532 1667 4604 Licet
1680 4553 1726 4602 coc
1741 4535 1860 4603 omni-

422 4632 503 4717 bns;
523 4634 619 4715 itern,
642 4634 676 4699 in
699 4632 811 4700 littera
830 4631 986 4721 ejusdem
1000 4630 1186 4700 Clementis
1206 4652 1294 4724 pape
1315 4643 1350 4702 et
1369 4632 1530 4722 Gregorii
1553 4653 1642 4725 pape
1661 4626 1701 4700 X‘
1727 4647 1764 4700 et
1782 4631 1858 4726 Ny-

423 4731 546 4823 cbolay
564 4751 651 4822 pape
666 4727 741 4797 llllli
757 4729 949 4799 consimilis
965 4730 1095 4800 tenoris
1111 4728 1379 4821 inquisitoribus
1398 4730 1432 4798 in
1449 4751 1557 4822 regno
1579 4729 1722 4799 Francis
1745 4753 1755 4794 ι
1776 4726 1862 4799 Pre

423 4828 569 4897 cirnctr's.
590 4826 640 4898 Et
659 4825 762 4918 infra
780 4850 790 4892 .·
811 4827 954 4911 Verum,
976 4827 1141 4919 quoniam
1159 4827 1193 4895 in
1213 4839 1281 4897 tam
1291 4831 1391 4919 gravi
1400 4827 1547 4898 crimine
1564 4849 1643 4897 cum
1665 4827 1772 4897 multa
1791 4848 1859 4919 op·

426 4940 536 5014 portet
557 4925 692 4995 cautela
708 4924 848 5017 procedi
870 4937 905 4994 nt
925 4925 959 4994 in
986 4946 1064 4995 reos
1083 4927 1160 4994 sine
1182 4925 1251 4997 ullo
1274 4926 1469 5019 proseratur
1489 4947 1608 4997 errore
1630 4925 1719 4995 dure
1737 4944 1778 4994 ac
1799 4924 1858 4994 di·

425 5043 493 5111 gno
520 5024 691 5091 severitas
717 5021 882 5104 ultionis,
907 5022 1068 5091 volumus
1095 5034 1130 5092 et
1158 5023 1364 5093 mandamus
1385 5035 1422 5092 ut
1442 5045 1527 5107 vos,
1548 5023 1602 5092 vel
1625 5023 1673 5092 illi
1695 5043 1786 5113 quos
1808 5023 1856 5092 ad

1023 5736 1382 6020 m
