4574 6404
830 654 980 706 sncunnn
1007 655 1103 706 raris.
1511 677 1518 692 ·
1641 647 1685 712 75

253 814 323 883 biis
343 814 512 884 conlectis
533 815 642 884 lacius
664 813 857 884 dinoscitur
886 819 1072 886 contineri.
1099 815 1183 886 Cum
1213 828 1328 886 antem
1354 811 1394 912 [ιθ
1423 814 1466 884 ltt
1487 814 1522 916 b]
1545 819 1622 889 talis
1642 820 1683 891 N.

253 924 287 982 et
309 911 387 982 talis
406 911 449 985 N.
474 912 601 981 milites
623 912 700 982 talis
725 913 885 1006 ‹lpocesis
907 914 988 982 dicti
1014 915 1191 1005 quondam
1220 914 1356 984 ordinis
1385 926 1542 1008 tempore
1566 918 1685 987 subla-

255 1009 360 1080 tionis
383 1030 446 1080 seu
475 1011 683 1080 cassationis
708 1033 749 1080 ac
778 1012 981 1081 citationum
1013 1012 1246 1100 predictarum
1281 1023 1316 1081 et
1340 1024 1421 1081 aute
1449 1035 1510 1105 per
1531 1025 1686 1107 tempora

253 1107 411 1197 longiora
432 1121 468 1179 et
488 1121 566 1200 post
586 1109 717 1178 luerint
735 1111 769 1176 in
787 1111 989 1200 captivitate
1004 1110 1146 1179 Soldani
1162 1124 1196 1181 et
1219 1131 1281 1202 pro
1300 1109 1426 1179 Christi
1447 1112 1589 1182 nomine
1609 1113 1684 1182 dira

253 1217 288 1276 ct
307 1204 394 1275 dora
418 1206 510 1300 passi
531 1207 662 1278 luerint
683 1207 717 1275 in
736 1206 940 1298 captivitate
963 1208 1085 1277 eadem
1109 1209 1280 1302 supplicia
1303 1219 1338 1278 ct
1363 1219 1549 1296 tormenta,
1572 1211 1686 1301 quod·

253 1323 321 1395 que
348 1303 393 1372 de
418 1303 624 1399 captivitate
655 1304 729 1396 ipsa
755 1305 884 1374 luerint
909 1306 1048 1374 noviter
1075 1305 1231 1391 liberati,
1264 1317 1299 1374 et
1333 1317 1410 1396 post
1442 1307 1685 1378 liberationem

253 1403 362 1493 ipsam
379 1403 424 1473 ad
442 1405 668 1496 apostolicam
689 1402 809 1472 sedem
832 1415 1057 1472 accesserunt
1077 1425 1180 1495 quam
1206 1405 1275 1474 cilo
1295 1403 1362 1473 sibi
1380 1404 1686 1475 luitcommoditas

253 1499 458 1586 accedendi,
483 1501 694 1573 sanctissimi
721 1499 828 1592 patris
856 1512 891 1569 et
920 1501 1053 1570 domini
1084 1501 1190 1572 nostri
1211 1501 1344 1572 domini
1368 1500 1535 1572 lobannis
1565 1503 1686 1574 divina

254 1597 473 1688 providentia
501 1620 590 1692 pape
616 1598 710 1668 XXll
729 1598 932 1690 conspectui
962 1621 1001 1669 se
1022 1610 1263 1690 presentantes
1286 1610 1320 1670 et
1342 1619 1457 1668 coram
1481 1601 1557 1691 ipso
1577 1622 1684 1671 excu-

253 1696 397 1766 sationis
416 1719 540 1768 causas
557 1698 749 1787 allegantes
775 1696 850 1785 ejus
869 1696 1037 1787 juditium
1066 1697 1269 1784 subierunt,
1299 1698 1357 1789 qni
1387 1697 1550 1768 dominus
1568 1711 1686 1768 noster

254 1812 298 1861 ex
316 1794 421 1884 hujus
442 1795 629 1888 propositis
648 1794 706 1887 pio
725 1794 792 1864 sibi
818 1794 944 1864 ellectu
965 1795 1189 1887 compaciens
1216 1795 1317 1867 nobis
1343 1795 1519 1867 commisit
1542 1795 1684 1868 oraculo

254 1893 336 1962 vive
354 1894 451 1964 vocis
472 1904 510 1962 ut
528 1914 647 1963 secum
667 1893 702 1959 in
719 1892 875 1962 Romana
898 1891 999 1962 Curia
1024 1914 1130 1984 snper
1153 1894 1257 1963 dictis
1275 1893 1458 1963 heresibus
1475 1905 1511 1964 et
1530 1894 1686 1963 crimini-

252 1986 319 2060 bus
346 2009 385 2061 ac
412 1992 612 2073 erroribuS‚
641 2001 744 2083 prout
770 1991 803 2058 in
832 1990 988 2061 articulis
1014 1991 1081 2061 sub
1108 1991 1202 2060 bulla
1231 1991 1314 2061 dicti
1339 1991 1471 2061 domini
1498 1990 1685 2063 Clementis

255 2081 385 2159 dudum
409 2089 624 2160 transmissis
645 2110 719 2182 per
715 2087 992 2159 christianitatis
1013 2089 1213 2183 provincias
1234 2091 1278 2159 de
1297 2089 1426 2181 quibus
1443 2089 1557 2158 dictus
1573 2111 1684 2181 quon-

255 2181 332 2256 dam
359 2188 447 2259 ordo
477 2189 590 2258 luerat
613 2187 813 2256 diflamatus
841 2187 1127 2274 continebantur,
1157 2188 1336 2296 inquirere
1363 2186 1586 2256 deberemus.
1615 2186 1685 2258 Nos

255 2279 370 2375 itaque
393 2287 496 2376 juxta
521 2284 803 2356 commissionem
835 2284 935 2354 nobis
960 2285 1121 2356 luctam
1113 2307 1148 2353 m
1177 2285 1254 2377 ipso
1282 2285 1428 2396 negocio
1454 2285 1684 2378 procedentes

255 2377 440 2472 diligenter
465 2405 584 2454 secum
615 2382 864 2474 inquisivimus
894 2396 929 2452 et
953 2383 998 2453 de
1026 2382 1253 2476 inquisitione
1283 2386 1357 2474 ipsa
1392 2383 1506 2454 eidem
1540 2383 1685 2454 domino

254 2490 372 2552 nostro
388 2481 593 2552 relationem
614 2481 760 2550 fecimus
777 2480 970 2572 plenariam
984 2492 1019 2551 et
1033 2480 1191 2551 fidelem·
1183 2502 1283 2575 ,qua
1304 2480 1474 2552 relatione
1494 2481 1628 2568 audita,
1648 2492 1686 2551 nt

246 2576 297 2646 'ad
317 2575 540 2649 diffinitivam
566 2578 776 2649 sententiam
804 2599 913 2670 super
934 2579 1114 2672 premissis
1140 2589 1309 2671 quantum
1334 2578 1378 2648 ad
1405 2599 1573 2671 personas
1596 2579 1685 2670 ipso·

254 2693 328 2744 rum
368 2677 533 2766 exigente
562 2677 702 2766 justicia
734 2673 774 2772 [l0
801 2673 844 2743 to
876 2672 908 2773 o]
937 2678 1130 2769 procedere
1157 2677 1367 2747 deberemus
1399 2677 1492 2747 idem
1520 2676 1685 2747 deminus

253 2785 369 2844 noster
390 2774 492 2846 nobis
509 2775 611 2844 duxit
630 2773 937 2844 committendum.
959 2775 1001 2844 Et
1020 2776 1116 2865 quia,
1146 2775 1231 2845 visis
1248 2786 1283 2844 et
1303 2774 1489 2865 diligenter
1516 2774 1685 2844 discussis

252 2871 572 2943 examinationibus
593 2886 627 2943 et
647 2871 930 2943 confessionibus
950 2893 990 2942 ac
1018 2873 1298 2965 depositionibus
1326 2870 1495 2964 ipsorum,
1519 2884 1685 2943 nocentes

253 2988 320 3038 non
340 2970 536 3063 reperimus
557 2971 591 3039 in
610 2971 789 3063 premissis
810 2991 873 3039 seu
891 2971 1010 3062 aliquo
1031 2970 1295 3062 premissorum,
1314 2970 1358 3041 de
1382 2969 1531 3063 plurium
1555 2970 1685 3062 perito-

252 3087 327 3135 rum
349 3078 383 3139 et
403 3068 601 3160 aliquorum
624 3069 871 3159 magistrorum
893 3067 927 3136 iu
951 3068 1125 3160 theologia
1138 3068 1301 3156 consilio,
1324 3069 1368 3139 ab
1385 3067 1578 3153 erroribus,
1600 3068 1684 3137 laci·

252 3165 397 3236 nuribus
419 3177 455 3235 et
480 3166 687 3237 criminibus
712 3167 747 3235 in
775 3167 908 3236 eisdem
939 3167 1095 3237 articulis
1122 3166 1297 3236 contentis
1321 3167 1416 3259 ipsos
1443 3165 1547 3236 talem
1575 3165 1617 3234 N.
1650 3176 1685 3235 et

252 3261 355 3333 talem
375 3263 417 3334 N.
438 3265 567 3335 milites
586 3265 754 3334 duximus
774 3264 1031 3334 sententialiter
1049 3263 1301 3347 absolvendos
1325 3266 1556 3333 decernentes
1575 3262 1685 3332 nichi-

251 3357 403 3431 lominus
423 3373 457 3432 et
470 3362 690 3433 declarantes
709 3384 770 3433 eos
790 3384 859 3432 non
876 3361 1456 3451 incurrisseexcommunicationis
1470 3361 1682 3431 sententiam

252 3469 285 3527 et
302 3459 390 3529 alias
411 3481 519 3552 penas
539 3461 575 3529 in
597 3461 729 3553 prelata
748 3460 970 3531 ordinatione
991 3460 1182 3552 apostolica
1202 3459 1489 3553 comprehensas,
1503 3480 1569 3529 uec
1589 3459 1683 3550 ipsos

252 3555 300 3626 eis
318 3557 426 3627 luisse
447 3557 501 3627 vel
523 3580 601 3628 esse
620 3559 759 3647 ligatos,
783 3570 886 3651 prout
906 3558 940 3626 in
963 3558 1092 3628 nostris
1114 3557 1338 3651 processibus
1359 3568 1394 3627 et
1408 3558 1582 3627 sententia
1604 3556 1680 3648 ple·

251 3652 330 3724 nius
348 3655 504 3726 noscitur
523 3656 717 3743 contineri3
740 3670 940 3749 postquam
961 3656 1218 3727 absolutionem
1240 3656 1395 3747 prelatus
1414 3654 1578 3726 dominus
1600 3675 1681 3724 nos·

252 3762 303 3822 ter
323 3753 406 3823 vive
427 3754 524 3825 vocis
539 3755 683 3825 oraculo
698 3754 886 3839 commisit,
910 3765 946 3823 nt
969 3754 1135 3846 predictis
1156 3753 1215 3823 tali
1237 3752 1280 3824 N.
1301 3766 1336 3839 et
1364 3755 1422 3823 tali
1448 3754 1493 3822 N.
1512 3751 1682 3821 militibus

250 3861 379 3921 certam
411 3853 578 3944 pocouoie
606 3853 837 3944 quantitatem
862 3851 1084 3938 solvendam,
1115 3851 1268 3922 dandam
1299 3864 1334 3921 et
1362 3850 1610 3942 assignandam
1638 3849 1683 3918 do

250 3946 354 4019 bonis
372 3971 441 4041 que
459 3951 600 4019 luerunt
618 3950 767 4021 condam
789 3950 924 4021 ordinis
945 3949 1072 4020 milicie
1098 3949 1231 4039 Templi
1261 3949 1520 4033 ordinaremus,
1544 3957 1681 4018 taxare·

251 4065 328 4116 mus
348 4060 383 4118 et
402 4048 677 4138 assignaremus
705 4060 740 4117 et
769 4047 854 4140 ipsis
877 4047 936 4116 tali
959 4047 1001 4115 N.
1028 4057 1064 4116 ot
1088 4047 1146 4116 tali
1172 4047 1213 4115 N.
1244 4046 1412 4116 militibus
1440 4044 1618 4138 provideri
1647 4053 1683 4114 et

251 4144 422 4236 assignari
444 4146 638 4216 laceremus
656 4167 719 4238 pro
735 4146 807 4215 vite
824 4145 979 4236 ipsorum
1000 4145 1270 4230 sustentatione,
1293 4155 1396 4236 prout
1413 4154 1447 4212 et
1464 4143 1683 4234 inquantum

251 4241 351 4314 uobis
369 4243 499 4313 decens
518 4254 552 4314 et
572 4243 767 4336 expediens
787 4243 982 4329 videretur,
1007 4264 1068 4334 per
1087 4243 1222 4334 priores
1240 4252 1275 4310 et
1295 4243 1418 4311 iratres
1438 4239 1573 4310 ordinis
1593 4239 1683 4310 llos·

251 4340 366 4431 pitalis
392 4341 508 4410 Sancti
537 4340 705 4412 lobannis
724 4339 1011 4426 lerosolimitani,
1042 4340 1087 4410 de
1116 4339 1246 4431 quibus
1276 4339 1378 4410 nobis
1405 4338 1531 4408 melius
1565 4338 1682 4407 visum

250 4450 357 4527 esset,
380 4439 542 4510 debonis
561 4438 698 4509 ordinis
731 4433 772 4534 [ιο
801 4435 844 4505 lt
870 4433 906 4534 d]
938 4437 1115 4529 quondam
1143 4436 1276 4529 Templi
1304 4458 1373 4528 que
1400 4436 1466 4529 ipsi
1496 4435 1630 4528 priores
1648 4446 1684 4505 et

250 4533 374 4606 lratres
409 4548 555 4623 teuent,
591 4536 867 4607 contradictores
899 4558 960 4627 per
994 4555 1178 4605 censuram
1213 4534 1483 4605 ecclesiasticam
1519 4553 1680 4625 compes·

248 4634 384 4720 oeudo,
411 4647 574 4705 invocato
596 4635 640 4704 ad
660 4633 748 4720 hoc
770 4656 799 4703 sr
820 4655 909 4726 opos
935 4633 1059 4719 luerit,
1080 4631 1214 4702 auxilio
1238 4631 1369 4702 brachii
1397 4630 1588 4718 secularis,
1612 4650 1683 4701 non

248 4730 412 4803 obstante
438 4733 468 4802 si
494 4732 661 4823 lllagistro
681 4742 717 4802 ot
743 4731 935 4800 fratribus
927 4731 1037 4823 ipsius
1062 4729 1196 4800 ordinis
1223 4728 1450 4821 Hospitalisa
1475 4728 1560 4799 sede
1577 4749 1683 4821 apos-

249 4829 352 4901 tolica
368 4830 581 4921 generaliter
608 4830 663 4901 vel
689 4829 888 4922 specialiter
913 4828 960 4898 sit
980 4828 1153 4898 indultum
1179 4829 1274 4920 quod
1300 4850 1361 4921 per
1387 4828 1518 4898 litteras
1538 4836 1681 4919 aposto·

247 4927 333 4999 licas
360 4948 423 4998 seu
451 4927 658 4998 auctoritate
684 4926 779 4997 sedis
806 4926 995 5019 apostolice
1022 4925 1080 4995 vel
1106 4925 1192 4996 alias
1221 4925 1406 5015 interdici,
1429 4923 1599 5018 suspendi
1621 4933 1683 4993 aut

248 5025 546 5097 excommunicari
573 5046 641 5096 non
668 5025 826 5119 possint,
849 5024 915 5096 nisi
942 5023 987 5095 de
1012 5027 1166 5117 ipsorum
1192 5024 1387 5118 privilegiis
1411 5045 1474 5095 seu
1495 5021 1681 5115 indulgeu-
