4574 6404
347 670 349 674 ’
424 655 470 730 8tt
713 667 875 719 auxerim
903 665 1143 732 tnourstrtotrts
1171 664 1333 716 usuarios
1360 664 1571 731 nunvtrxrrs.

424 829 653 911 sustinerent,
676 847 737 896 eos
759 825 854 894 velut
875 824 1048 894 hereticus
1068 825 1182 895 voluit
1197 823 1462 915 condempnari,
1480 833 1583 914 prout
1599 823 1633 890 in
1654 824 1861 915 apostolicis

424 925 550 994 litteris
569 922 678 1016 ipsius
692 923 824 993 domini
844 922 1031 992 Clementis
1050 944 1157 1014 super
1177 922 1243 991 hoc
1261 921 1429 991 conlectis
1448 920 1556 989 lacius
1577 920 1754 1000 dinocitur
1773 943 1861 993 con-

426 1021 543 1092 tineri.
568 1020 651 1089 Cum
672 1032 788 1090 autem
812 1020 889 1089 talis
910 1017 951 1116 [l0
974 1017 1017 1087 ld
1039 1016 1075 1116 b]
1097 1020 1138 1088 N.
1163 1019 1239 1088 talis
1264 1018 1426 1112 dyocesis
1449 1018 1550 1088 miles
1576 1018 1659 1088 dicti
1680 1020 1859 1111 quondam

425 1120 559 1192 ordinis
576 1119 707 1211 Templi
729 1130 796 1187 tam
819 1140 880 1209 pro
900 1139 939 1188 se
958 1140 1062 1210 quam
1079 1139 1141 1209 pro
1162 1128 1259 1211 parte
1279 1116 1400 1185 talium
1421 1128 1456 1184 et
1482 1115 1603 1184 talium
1625 1116 1702 1185 talis
1725 1117 1860 1210 dyoce-

425 1219 474 1289 sis
501 1216 721 1287 sacerdotum
753 1217 808 1285 rel
840 1216 988 1284 militum
1017 1216 1074 1286 vel
1101 1214 1356 1300 servientium,
1387 1213 1530 1282 lratrum
1566 1213 1649 1282 dicti
1677 1215 1858 1306 quondam

426 1315 560 1386 ordinis
579 1314 712 1406 Templi
732 1314 776 1382 de
793 1313 851 1382 tali
879 1334 985 1404 reguo
1010 1314 1066 1383 vel
1087 1313 1131 1382 de
1152 1313 1210 1381 tali
1233 1312 1435 1404 provincia,
1465 1311 1687 1382 sanctissimo
1709 1313 1798 1405 patri
1819 1335 1860 1383 ac

427 1413 570 1483 domino
591 1422 710 1482 nostro
730 1411 874 1482 domino
891 1411 1049 1482 lobanne
1069 1412 1189 1480 diviua
1212 1410 1434 1503 providentia
1446 1430 1534 1502 papa
1553 1408 1662 1479 XXll⁰
1680 1409 1861 1480 humiliter

425 1509 690 1602 supplicaverit,
713 1510 899 1578 uteiscum
917 1510 1045 1601 quibus
1067 1510 1100 1577 in
1122 1508 1279 1601 partibus
1300 1507 1369 1577 illis
1388 1507 1581 1576 secundum
1597 1508 1859 1578 ordinationem

426 1608 651 1700 apostolicam
672 1629 734 1699 per
754 1607 972 1700 dyocesauos
989 1628 1108 1678 eorum
1128 1627 1235 1697 super
1253 1605 1419 1698 predictis
1439 1606 1527 1673 infra
1549 1615 1680 1676 statuta
1700 1615 1859 1698 tempora

425 1707 592 1776 solliciter
611 1705 728 1774 extitit
746 1705 950 1796 inquisitum
973 1716 1007 1775 et
1032 1715 1109 1797 post
1129 1703 1391 1795 inquisitionem
1413 1724 1492 1773 cum
1513 1703 1565 1772 eis
1583 1703 1737 1772 babilam
1756 1705 1859 1774 abso-

425 1804 570 1873 lutionis
589 1804 798 1872 senteutiam
829 1815 1065 1895 reportarunt,
1089 1811 1235 1894 paterno
1261 1802 1312 1870 eis
1339 1801 1591 1894 compaciendo
1619 1801 1747 1870 aflectu
1773 1801 1859 1894 ipsis

426 1903 461 1970 iu
478 1922 584 1991 reguo
603 1901 760 1993 predicto
780 1900 835 1971 vel
857 1902 939 1971 alibi
960 1902 1018 1971 ubi
1038 1899 1212 1970 sanctitati
1238 1900 1349 1991 ipsius
1369 1899 1502 1970 domini
1531 1900 1640 1968 nostri
1663 1899 1773 1989 magis
1794 1922 1857 1970 ex-

425 2000 572 2092 pediens
590 1997 784 2080 videretur,
806 2021 869 2090 pro
890 2001 1045 2092 ipsorum
1065 1999 1137 2067 vite
1157 1998 1411 2070 sustentatione
1431 1997 1476 2066 de
1499 1997 1615 2089 aliqua
1635 2017 1751 2066 annua
1771 2020 1859 2089 peu·

425 2098 539 2177 sione,
561 2096 678 2187 quoad
700 2097 855 2165 vixerint
885 2098 918 2165 in
951 2097 1128 2180 humaniS,
1158 2095 1208 2164 eis
1238 2096 1367 2166 laceret
1396 2094 1593 2187 provideri3
1626 2096 1857 2186 quiquidem

426 2194 591 2265 doninus
612 2204 729 2263 noster·
759 2197 914 2286 ipsorum
945 2193 1260 2286 supplicationibus
1290 2194 1477 2263 inclinatus
1499 2193 1601 2262 nobis
1619 2194 1859 2264 cardinalibus

426 2292 637 2384 supradictis
664 2291 725 2360 tali
756 2313 877 2361 meuse
901 2295 1062 2384 proximo
1091 2291 1259 2383 preterito
1285 2291 1457 2362 commisit
1485 2290 1629 2359 oraculo
1655 2294 1739 2360 vive
1760 2293 1859 2362 vocis

426 2388 563 2482 (vulsie
591 2412 602 2453 :
624 2410 686 2480 per
706 2411 788 2459 suas
815 2389 948 2459 litteras
968 2389 1178 2482 apostolicas
1205 2389 1391 2480 speciales)
1419 2399 1454 2456 ut
1483 2388 1649 2480 predictis
1679 2390 1858 2480 quondam

427 2488 509 2558 dieti
526 2487 660 2557 ordinis
676 2487 841 2556 iratribus
863 2510 923 2580 per
945 2489 1078 2579 priores
1098 2496 1133 2555 et
1153 2499 1375 2578 preceptores
1388 2485 1522 2556 ordinis
1542 2485 1858 2578 HospitalisSancti

426 2585 594 2656 lobannis
612 2584 882 2654 ierosolimitaui
901 2586 935 2653 in
956 2596 1049 2655 certa
1073 2585 1240 2677 peccunie
1258 2585 1453 2675 quantitate
1471 2584 1516 2653 de
1534 2604 1603 2676 qua
1623 2585 1725 2654 nobis
1753 2608 1860 2679 expe·

427 2683 527 2753 diens
546 2682 727 2751 videretur
747 2683 791 2752 de
810 2684 996 2773 bonisque
1016 2687 1091 2775 ipse
1109 2682 1197 2752 ordo
1218 2683 1408 2776 Hospitalis
1428 2681 1545 2750 Sancti
1572 2680 1741 2753 lobannis
1756 2683 1856 2754 Jero·

426 2781 613 2852 solimitaui
635 2775 674 2875 [l’
696 2776 959 2876 taatrennu
982 2780 1137 2872 possidet
1161 2780 1195 2847 in
1224 2779 1281 2850 tali
1306 2801 1415 2870 reguo
1439 2779 1495 2882 vel
1525 2781 1559 2848 iu
1587 2779 1645 2849 tali
1672 2781 1856 2872 provincia

427 2888 628 2950 laxaremus
655 2888 690 2947 et
718 2880 998 2969 assignaremus,
1028 2890 1063 2948 et
1089 2899 1151 2970 per
1183 2900 1246 2948 uos
1271 2879 1377 2947 alium
1406 2898 1467 2947 seu
1498 2878 1585 2947 alios
1612 2879 1792 2968 provideri
1824 2894 1859 2951 et

425 2977 595 3068 assignari
613 2978 664 3045 eis
680 2987 848 3046 eteorum
868 2977 1016 3067 singulis
1035 2978 1230 3047 laceremus
1261 2998 1323 3069 pro
1350 2977 1423 3046 vite
1442 2996 1564 3045 eorum
1585 2978 1857 3063 sustentatione,

425 3087 542 3169 prout,
565 3086 599 3143 et
614 3073 647 3140 in
667 3086 851 3164 qnantum,
869 3085 904 3144 et
924 3075 984 3143 ubi
1006 3076 1106 3144 nobis
1126 3075 1250 3144 melius
1269 3075 1399 3145 decens
1428 3085 1463 3144 et
1489 3073 1685 3167 expediens
1716 3075 1859 3146 videre-

427 3172 1073 3265 tur,contradictorespercensuram
1101 3173 1371 3243 ecclesiasticam
1399 3173 1671 3265 compescendo,
1693 3172 1858 3245 invocato

426 3272 470 3342 ad
488 3271 555 3341 hoe
572 3269 705 3338 auxilio
724 3269 859 3340 brachii
880 3271 1069 3340 seccularis
1086 3275 1255 3361 quociens
1273 3283 1359 3363 oput
1376 3271 1461 3354 erit,
1485 3270 1731 3341 nonobstante
1745 3272 1773 3341 si
1786 3272 1858 3341 bla-
1904 3271 1910 3283 '

426 3370 535 3462 gistro
555 3379 590 3439 et
610 3367 775 3438 fratribus
792 3369 901 3460 ipsius
914 3369 1049 3439 ordinis
1064 3389 1083 3436 a
1103 3369 1188 3439 sede
1204 3369 1395 3460 apostolica
1409 3368 1622 3458 generaliter
1634 3370 1686 3439 vel
1699 3370 1859 3461 speciali·

427 3481 480 3537 ter
491 3467 536 3536 sit
546 3465 721 3535 indultum
735 3466 830 3556 quod
844 3487 905 3558 per
920 3466 1052 3536 litteras
1067 3469 1278 3560 apostolicas
1293 3489 1355 3537 seu
1370 3467 1579 3536 auctoritate
1590 3467 1686 3538 sedis
1697 3467 1857 3557 ejusdem

427 3565 483 3635 vel
493 3565 593 3649 alias,
609 3562 785 3640 interdici,
800 3564 982 3655 suspendi,
996 3576 1057 3634 aut
1069 3565 1368 3634 excommunicari
1386 3586 1454 3634 nou
1469 3566 1618 3656 possint,
1631 3565 1698 3634 nisi
1716 3567 1805 3636 lorte
1815 3567 1863 3637 de
1888 3629 1889 3632 ,

428 3665 583 3757 ipsorum
606 3661 798 3754 privilegiis
816 3683 879 3731 seu
901 3662 1135 3754 indulgenciis
1149 3665 1250 3755 plena
1267 3675 1302 3731 et
1315 3683 1482 3754 expressa
1496 3663 1530 3731 in
1550 3663 1860 3735 commissionibus

427 3761 522 3830 sedis
542 3760 652 3852 ipsius
683 3760 815 3829 mentio
839 3758 1040 3831 baberetur.
1063 3759 1137 3841 Qua
1162 3761 1425 3847 commissione,
1447 3770 1485 3829 ut
1509 3761 1735 3853 premittitur,
1758 3763 1860 3833 nobis

429 3860 529 3943 lacta,
553 3858 647 3926 idem
668 3856 768 3926 miles
790 3869 857 3925 tam
877 3879 940 3948 pro
959 3880 997 3928 se
1018 3879 1123 3951 quam
1143 3880 1206 3950 pro
1228 3870 1324 3949 parte
1344 3858 1518 3928 dictorum
1547 3858 1695 3928 militum
1721 3861 1859 3951 presbi-

429 3969 582 4026 terorum
603 3965 637 4025 et
651 3955 795 4023 fratrum
817 3957 1046 4025 servientium
1069 3956 1151 4025 dicti
1168 3956 1345 4048 quondam
1366 3956 1501 4026 ordinis
1520 3954 1860 4049 Templideprelato

428 4074 612 4145 regnosco
633 4052 828 4145 provincia,
845 4053 945 4122 uobis
964 4053 1143 4123 humiliter
1160 4054 1372 4146 supplicavit
1389 4065 1439 4141 ut,
1455 4053 1558 4148 juxta
1572 4055 1858 4126 commissionem

426 4164 462 4222 et
488 4152 689 4221 mandatum
714 4150 944 4243 apostolicum
964 4152 1065 4224 uobis
1094 4151 1228 4222 edicto
1249 4151 1393 4222 domino
1418 4164 1556 4239 nostro,
1584 4164 1623 4222 ut
1649 4152 1857 4245 predicitur,

425 4249 577 4332 factum,
607 4249 652 4319 de
680 4249 782 4319 bonis
802 4271 871 4340 que
890 4249 977 4319 ordo
1001 4249 1190 4343 Hospitalis
1213 4249 1361 4342 predicti
1390 4251 1425 4317 in
1454 4271 1564 4342 regno
1589 4272 1653 4319 seu
1673 4251 1860 4344 provincia

425 4358 507 4418 ante
534 4347 625 4417 dicta
649 4356 744 4416 tenet
775 4358 810 4416 et
839 4347 996 4440 possidet
1024 4348 1218 4418 secundum
1249 4348 1404 4440 ipsorum
1439 4359 1568 4417 statum
1598 4358 1632 4417 et
1660 4348 1859 4419 decentiam

425 4445 685 4530 ordinaremus,
707 4456 923 4531 taxaremuS,
946 4457 981 4515 et
998 4445 1260 4536 assignaremus
1279 4466 1320 4514 ac
1341 4446 1536 4516 faceremus
1555 4445 1606 4515 eis
1626 4468 1689 4539 per
1713 4466 1778 4517 nos
1794 4468 1860 4517 seu

424 4542 513 4613 alios
531 4537 571 4640 [l0
592 4539 636 4610 ta
656 4538 692 4638 d]
714 4544 886 4634 assignari
905 4554 940 4613 et
958 4544 1063 4613 etiam
1079 4544 1274 4637 provideri.
1293 4543 1364 4613 Nos
1379 4544 1499 4635 itaque
1518 4545 1678 4615 volentes
1695 4545 1860 4616 commis-

424 4641 560 4711 sionem
581 4650 617 4711 et
637 4640 838 4709 mandatum
861 4640 1072 4711 sanctissimi
1095 4641 1202 4734 patris
1228 4652 1263 4711 et
1286 4641 1420 4712 domini
1450 4642 1557 4711 nostri
1586 4662 1675 4735 pape
1710 4641 1860 4735 predicti

425 4738 540 4825 nobis,
564 4748 601 4807 ut
620 4739 856 4830 premittitur,
880 4740 1009 4808 lactum
1030 4740 1158 4831 exequi
1182 4750 1219 4809 ut
1240 4750 1413 4828 tenemur,
1436 4739 1555 4810 habita
1575 4739 1771 4834 superbiis
1792 4740 1859 4811 de-

425 4835 632 4906 liberatione
649 4846 797 4924 matura,
815 4836 1039 4907 considerato
1058 4837 1162 4907 etiam
1181 4842 1363 4907 etattento
1378 4839 1474 4929 quod
1492 4838 1528 4906 in
1541 4838 1634 4910 facto
1645 4834 1859 4930 provisionis

423 4933 617 5002 consimilis
638 4933 884 5005 nonnullorum
905 4934 1064 5024 ejusdem
1083 4934 1261 5027 quondam
1279 4934 1413 5004 ordinis
1429 4934 1563 5028 Templi
1585 4936 1729 5006 fratrum
1745 4934 1861 5028 perbi-

423 5028 528 5101 betur
545 5051 608 5123 per
626 5030 713 5103 alios
741 5031 940 5102 ordinatum
971 5033 1092 5116 luisse,
1121 5052 1316 5124 eorumque
1338 5042 1431 5102 statu
1463 5045 1499 5103 et
1522 5033 1726 5105 conditione
1753 5054 1857 5126 pros·
