4574 6404
999 674 1151 728 sncuunt
1178 669 1275 726 naus.
1811 649 1856 720 59

426 830 628 905 remittendi
660 832 694 900 in
723 831 878 925 predicta
912 833 1102 925 penitentia
1134 834 1212 902 sive
1235 847 1348 922 pena,
1376 847 1513 897 necnon
1546 824 1739 897 reducendi
1767 845 1857 895 eun·

425 931 503 1002 dem
540 929 584 1000 ad
619 950 794 1000 carcerem
825 932 936 1017 muri,
964 929 1068 1000 etiam
1091 933 1169 1000 sine
1201 928 1267 998 alia
1299 945 1390 996 nova
1423 943 1552 1010 causa,
1579 925 1611 993 si
1635 933 1671 994 et
1694 922 1855 1016 quando·

423 1049 575 1120 cumque
598 1026 701 1098 nobis
725 1026 782 1097 vel
809 1030 861 1098 eis
888 1027 1001 1098 visum
1030 1026 1134 1097 tuerit
1157 1024 1326 1119 expedire
1348 1047 1356 1091 ε
1378 1021 1612 1092 concedentes
1636 1021 1751 1092 eidem
1774 1040 1854 1113 pre·

424 1138 542 1197 sentes
575 1125 710 1194 litteras
743 1124 860 1216 sigillo
899 1136 1019 1196 nostro
1053 1124 1223 1215 sigillatas
1260 1125 1295 1191 in
1326 1119 1564 1191 testimonium
1589 1119 1853 1211 premissorum.

424 1224 550 1294 Datum
575 1221 747 1309 Tholosc,
772 1243 866 1294 anno
896 1221 1014 1293 etrdie
1039 1223 1121 1308 tali,
1152 1233 1220 1292 etc.

472 1318 673 1393 Notandum
703 1330 757 1390 est
785 1331 902 1391 autem
937 1321 1029 1391 circa
1058 1320 1227 1413 premissa
1259 1324 1422 1388 contenta
1449 1315 1485 1383 in
1511 1313 1626 1384 littera
1653 1313 1856 1408 precedenti

422 1419 534 1512 quod,
550 1427 695 1511 pensata
709 1417 893 1510 qualitate,
908 1429 943 1487 et
957 1417 1155 1511 quantitate
1169 1416 1311 1508 majoris
1325 1413 1382 1483 vel
1395 1411 1540 1482 minoris
1550 1412 1683 1499 delicti,
1695 1431 1736 1480 ac
1749 1411 1855 1481 etiam

424 1516 631 1588 conditione
652 1535 802 1608 persone
820 1516 1078 1606 delinquentis,
1101 1511 1402 1608 peregrinationes
1421 1520 1585 1602 poterunt
1604 1510 1648 1580 ad
1670 1509 1854 1580 arbitrium

424 1612 672 1707 inquisitorum
701 1613 891 1700 moderari,
913 1624 950 1683 et
967 1613 1091 1696 minui,
1114 1613 1170 1682 vel
1192 1612 1295 1682 etiam
1317 1607 1459 1698 augeri,
1482 1607 1581 1677 verbi
1607 1607 1739 1699 gratia,
1760 1606 1857 1699 quod

424 1710 729 1804 peregrinationes
752 1721 905 1804 quatuor
925 1710 1050 1804 prime,
1071 1732 1141 1803 que
1160 1708 1393 1780 communiter
1412 1703 1577 1774 dicuntur
1598 1706 1765 1796 majores,
1787 1726 1856 1776 non

424 1809 672 1900 injungantur,
703 1809 759 1878 vel
790 1809 913 1879 saltem
942 1808 1171 1900 injungantur
1197 1807 1267 1878 due
1294 1815 1357 1875 ant
1384 1803 1486 1874 unica
1520 1824 1566 1873 ex
1595 1802 1750 1888 eisdem,
1773 1813 1856 1897 puta

424 1905 664 1998 peregrinatio
680 1905 797 1976 Sancti
820 1906 939 1977 iacobi
958 1905 1190 1999 Compostelle
1208 1927 1278 1995 que
1297 1903 1482 1974 consuevit
1508 1912 1547 1971 ut
1568 1901 1786 1991 frequentius
1812 1900 1857 1971 ad

424 2003 493 2074 boc
514 2003 668 2096 preelegi
689 2014 725 2072 et
750 2004 884 2096 iniungi
904 2025 983 2075 cnm
1004 2004 1081 2074 aliis
1105 2004 1299 2075 minoribus
1318 1999 1576 2094 suprascriptis.
1600 1997 1731 2088 Augeri
1752 1999 1856 2069 etiam

423 2110 590 2194 poterunt
615 2100 830 2194 duplicando
854 2101 1171 2195 peregrinationem
1193 2112 1228 2170 et
1247 2098 1398 2169 dicendo
1417 2097 1512 2190 quod
1533 2107 1590 2167 eat
1608 2096 1662 2166 bis
1682 2095 1726 2166 ad
1752 2097 1856 2166 talem

423 2198 481 2269 vel
507 2197 612 2268 talem
637 2198 928 2293 (conprimatur).
960 2200 1043 2270 ltcm
1074 2199 1119 2269 de
1145 2195 1486 2293 peregrinationibus
1514 2197 1609 2279 aliis,
1634 2216 1704 2287 que
1731 2194 1857 2265 dicun-

426 2306 481 2365 tur
501 2297 654 2367 minores
677 2292 717 2392 [Ρ
736 2294 783 2368 22
804 2293 861 2394 al,
885 2308 1049 2391 poterunt
1076 2296 1258 2368 intermitti
1285 2294 1342 2364 ille
1366 2314 1440 2386 que
1463 2304 1546 2363 sunt
1570 2294 1605 2362 in
1633 2292 1718 2363 locis
1744 2291 1856 2382 magis

425 2393 640 2463 distantibus
657 2415 702 2465 ex
722 2396 879 2481 remotis,
900 2395 992 2465 sicut
1010 2405 1093 2466 sunt
1111 2395 1256 2486 illeque
1275 2395 1410 2463 suntin
1430 2392 1587 2475 Francia,
1610 2390 1666 2462 vel
1685 2390 1720 2458 in
1739 2389 1854 2460 Bono·

428 2491 506 2578 nia,
528 2491 587 2560 vel
615 2490 774 2580 Vienna,
794 2503 830 2562 et
857 2493 908 2562 sic
935 2493 1039 2563 etiam
1068 2491 1113 2562 de
1140 2491 1317 2583 aliquibus
1341 2490 1437 2578 aliis,
1459 2500 1564 2583 prout
1589 2488 1856 2581 inquisitoribus

427 2589 543 2659 visum
586 2588 692 2659 luerit
724 2589 907 2683 expedire.
948 2591 1032 2661 ltem
1073 2590 1118 2660 de
1158 2588 1353 2682 disciplinis
1387 2587 1598 2680 recipiendis
1637 2608 1716 2656 cum
1747 2586 1857 2678 virgis

427 2685 609 2778 portandis
626 2697 695 2756 tam
715 2688 749 2756 in
771 2688 1053 2781 processionibus
1071 2708 1176 2778 quam
1195 2687 1229 2755 in
1248 2686 1353 2756 missa
1371 2685 1594 2779 supersederi
1612 2685 1752 2778 poterit,
1766 2685 1858 2756 sicut

428 2783 699 2876 inquisitoribus
729 2785 843 2855 visum
874 2786 979 2856 tuerit
1006 2785 1219 2859 laciendum.
1242 2785 1328 2855 ltem
1357 2784 1392 2852 in
1426 2783 1549 2854 litteris
1578 2784 1857 2876 penitenciarum

432 2881 632 2967 mulierum,
655 2893 690 2952 et
715 2883 949 2977 simplicium,
969 2904 1010 2955 ac
1034 2882 1195 2968 rudium,
1217 2904 1279 2952 seu
1300 2882 1490 2972 agrestium
1513 2901 1762 2972 personarum,
1786 2901 1857 2952 non

433 2989 486 3049 est
502 2999 647 3050 necesse
667 2992 706 3048 ut
725 2993 875 3074 ponatur
895 2981 952 3051 illa
973 2981 1127 3051 clausula
1152 3006 1159 3048 :
1180 2978 1374 3071 officiisque
1395 2978 1542 3071 publicis
1562 2992 1636 3049 non·
1654 2979 1856 3069 fungantur.

427 3233 463 3298 4.
486 3233 619 3300 Forma
635 3236 827 3300 relaxandi
844 3236 1004 3318 aliquem
1014 3238 1167 3316 judeum
1181 3238 1224 3301 de
1240 3251 1344 3300 muro
1362 3236 1409 3299 ad
1425 3251 1532 3315 quem
1546 3234 1667 3300 tuerat
1682 3250 1746 3316 pro
1763 3251 1860 3299 com·

671 3337 797 3407 missis
813 3351 943 3409 contra
957 3343 1064 3408 tidem
1079 3360 1144 3424 per
1161 3342 1386 3408 sententiam
1404 3343 1614 3422 deputatus.

475 3585 610 3658 Tenore
627 3587 842 3680 presentium
862 3597 978 3681 pateat
996 3587 1172 3658 universis
1189 3587 1283 3679 quod
1304 3608 1382 3671 nos,
1401 3586 1588 3678 inquisitor
1603 3586 1681 3658 talis
1701 3586 1736 3657 in
1752 3608 1862 3678 regno

430 3684 586 3773 l'rancie,
607 3695 692 3772 etc,
710 3684 858 3777 judeum
882 3685 984 3756 talem
1003 3686 1047 3756 de
1068 3685 1126 3755 tali
1148 3685 1237 3771 loco,
1256 3684 1300 3754 ad
1325 3684 1531 3755 instanciam
1550 3695 1586 3755 at
1602 3705 1723 3778 preces
1740 3684 1861 3754 talium

430 3783 586 3854 virorum
607 3783 679 3873 (cel
695 3783 747 3854 sic
766 3808 777 3851 :
799 3784 972 3854 bonorum
993 3780 1181 3877 virorum),
1199 3803 1220 3852 a
1236 3803 1376 3853 carcere
1398 3782 1487 3851 muri
1508 3781 1675 3854 duximus
1695 3781 1859 3852 relaxan-

430 3882 529 3967 dum,
546 3882 590 3952 ad
610 3901 714 3972 quem
734 3902 908 3951 carcerem
930 3880 1064 3951 dudum
1085 3881 1199 3950 luerat
1219 3880 1253 3948 in
1274 3901 1399 3973 penam
1419 3901 1480 3950 seu
1503 3880 1730 3971 penitentiam
1751 3879 1861 3973 depu-

432 3991 535 4055 tatus,
560 4000 622 4071 pro
642 3977 709 4046 hiis
729 4002 797 4068 quo
816 3979 1039 4048 commiserat
1058 3988 1177 4048 contra
1201 3976 1304 4046 littam
1320 3977 1457 4049 Domini
1476 3977 1584 4048 nostri
1599 3976 1706 4048 ihesu
1719 3975 1860 4064 Christi,

434 4076 634 4146 inducendo
659 4096 737 4144 cunr
764 4076 973 4167 quibusdam
1000 4076 1078 4145 aliis
1102 4075 1216 4166 judeis
1236 4076 1427 4165 quemdam
1445 4075 1489 4145 de
1510 4075 1628 4166 judeis
1650 4095 1862 4146 conversum

432 4175 472 4243 ad
494 4172 598 4243 fidem
620 4184 655 4243 et
673 4173 884 4265 baptismum
901 4173 1040 4258 Cltristi,
1059 4185 1096 4242 ut
1117 4173 1246 4242 rediret
1267 4172 1311 4242 ad
1331 4173 1437 4242 ritum
1455 4172 1716 4265 dampnabilem
1736 4171 1863 4244 ludeo·

433 4292 526 4358 rum,
546 4271 699 4340 cundem
721 4271 933 4364 baptizatum
954 4271 1232 4364 debaptizantes,
1251 4282 1421 4360 quantum
1441 4271 1475 4338 in
1497 4271 1548 4341 eis
1567 4270 1697 4359 extitit,
1714 4282 1749 4341 et
1769 4271 1863 4358 reju-

433 4367 622 4462 daysantes
643 4371 837 4438 secuudum
860 4368 1081 4440 excecrabile
1107 4368 1212 4437 ritum
1235 4388 1359 4454 suum,
1382 4379 1486 4461 prout
1506 4367 1540 4436 in
1560 4368 1783 4440 consessione
1801 4389 1866 4438 sua

434 4465 467 4534 in
502 4466 600 4537 libris
628 4467 757 4537 nostris
784 4467 981 4559 conscripta
1015 4466 1153 4558 plenius
1182 4466 1402 4551 continetur,
1430 4466 1466 4534 in
1494 4487 1565 4558 quo
1597 4465 1740 4556 quidem
1776 4465 1865 4535 muri

435 4556 474 4659 [l⁰
498 4559 547 4636 22
565 4560 604 4661 b]
625 4585 765 4634 carcere
792 4565 920 4636 nostris
947 4575 982 4634 et
1000 4563 1155 4665 licclesie
1175 4562 1354 4632 humiliter
1373 4563 1530 4655 parendo
1551 4562 1724 4635 mandatis
1752 4565 1867 4634 tuerat

432 4660 569 4732 diucius
600 4673 860 4751 commoratus,
885 4662 1137 4757 precipientes,
1163 4671 1268 4751 atque
1293 4659 1486 4731 districtius
1516 4660 1716 4733 inhibentes
1749 4660 1865 4732 eidem

427 4758 538 4849 judeo
567 4781 611 4828 ne
637 4759 682 4830 de
710 4771 828 4830 cetero
860 4761 1012 4852 aliquem
1045 4760 1257 4851 baptizatum
1287 4759 1343 4829 vel
1372 4779 1582 4829 conversum
1617 4759 1781 4830 sollicitet
1808 4757 1866 4829 vel

433 4855 576 4927 inducat
602 4878 745 4950 quoquo
773 4858 878 4929 modo
908 4859 952 4928 ad
981 4857 1087 4928 ritum
1119 4855 1355 4928 execrabilem
1379 4856 1595 4943 iudeorum,
1618 4877 1683 4927 nec
1712 4857 1865 4948 aliquem

433 4951 645 5048 baptizatum
656 4955 804 5045 judeum
816 4965 1011 5048 apostatam
1028 4977 1047 5025 a
1066 4952 1137 5026 fide
1153 4955 1332 5048 baptismi,
1353 4975 1419 5025 nec
1434 4953 1663 5025 christianum
1680 4954 1866 5025 veritatem

434 5048 513 5123 lidei
535 5052 783 5143 abnegantem,
804 5074 869 5124 nec
889 5074 1099 5125 conversum
1119 5073 1302 5124 reversum
1320 5052 1366 5123 ad
1387 5051 1559 5124 vomitum
1578 5051 1760 5147 judaysmi
1779 5051 1869 5122 reci-
