4612 6404
1030 660 1149 710 rnnrrn
1177 659 1273 710 runs.
1800 637 1867 708 165

432 839 540 912 graue
568 816 772 888 scandalum
800 815 1043 910 plurimorum]
1068 820 1298 912 prenominati
1321 817 1407 887 tales
1426 818 1467 885 N.
1490 828 1525 887 et
1543 816 1585 884 N.
1610 830 1678 885 tarn
1708 818 1864 907 graviter

431 916 674 1008 deliquerunt,
697 915 787 985 sicut
808 916 970 1007 superius
990 928 1043 986 est
1064 930 1255 1007 pretactum
1277 928 1312 985 et
1330 915 1456 984 lectum
1481 915 1514 982 io
1536 913 1644 983 lutino
1664 926 1700 984 et
1718 913 1861 1004 exposi-

434 1029 503 1085 tum
524 1017 561 1082 in
583 1013 734 1103 vulgari,
753 1034 817 1083 nos
838 1014 923 1084 tales
943 1015 1166 1106 inquisitores
1186 1014 1226 1081 N.
1246 1025 1279 1083 et
1297 1013 1355 1097 N.‚
1375 1024 1513 1103 recepto
1530 1013 1574 1080 ab
1592 1012 1643 1081 eis
1659 1012 1861 1101 juramento

432 1113 476 1183 de
504 1111 661 1204 parendo
686 1110 859 1180 mandatis
887 1110 1040 1182 Ecclesie
1065 1123 1099 1181 et
1126 1113 1212 1181 lacta
1236 1111 1466 1204 promissione
1493 1131 1554 1201 per
1578 1130 1639 1179 eos
1659 1109 1753 1200 quod
1780 1108 1862 1177 talia

432 1210 488 1280 vel
508 1208 636 1278 similia
652 1220 771 1278 contra
790 1208 1013 1299 inquisitores
1030 1210 1183 1279 heretice
1201 1209 1381 1298 pravitatis
1401 1230 1464 1277 seu
1482 1204 1859 1277 olficiumeorumdem

433 1328 613 1399 nunquam
635 1305 678 1375 de
697 1317 815 1376 cetero
834 1309 1113 1399 attemptabunt,
1135 1328 1269 1376 necnon
1291 1307 1448 1395 abjurata
1470 1305 1514 1374 ab
1534 1305 1585 1374 eis
1607 1305 1745 1397 penitus
1763 1306 1861 1375 omni

433 1406 550 1476 heresi
576 1416 610 1474 et
629 1405 723 1473 omni
751 1403 951 1490 credentia,
976 1406 1115 1487 lavore,
1138 1417 1174 1474 et
1199 1404 1368 1484 tentoria,
1388 1425 1428 1472 ac
1453 1402 1678 1481 detonsione,
1700 1413 1735 1472 et
1756 1401 1861 1492 parti·

433 1502 609 1596 cipatione
627 1522 849 1593 quacumque
865 1501 1102 1573 ¹hereticorum
1125 1503 1158 1570 in
1175 1502 1305 1592 juditio
1324 1523 1440 1570 curam
1465 1500 1587 1578 nobis,
1613 1500 1728 1568 babita
1755 1499 1860 1568 etiam

433 1621 540 1694 super
557 1599 736 1692 premissis
755 1598 1007 1669 deliberatione
1023 1600 1169 1692 provida
1185 1614 1221 1669 et
1241 1611 1374 1668 matura
1393 1620 1470 1667 cum
1490 1598 1608 1688 peritis
1629 1619 1668 1666 ac
1690 1597 1861 1686 religiosis

434 1699 544 1780 viris,
566 1697 660 1789 ipsos
682 1697 767 1767 tales
786 1696 827 1776 N.
847 1709 882 1765 et
897 1697 938 1765 N.
963 1718 1080 1766 curam
1103 1699 1203 1768 nubis
1224 1710 1404 1788 presentes
1426 1696 1548 1785 culpas
1565 1717 1647 1764 suas
1668 1694 1861 1764 antedictas

434 1795 614 1867 humiliter
638 1805 929 1885 recognoscentes
955 1797 1267 1888 promittentesque
1287 1795 1471 1866 emendam
1499 1803 1534 1861 et
1552 1793 1740 1862 ollerentes
1759 1814 1797 1861 se
1816 1789 1861 1859 ad

434 1915 560 1986 penam
585 1914 647 1963 seu
673 1893 900 1984 penitentiam
933 1903 967 1962 et
997 1894 1256 1984 suscipiendam
1288 1907 1323 1963 et
1356 1892 1549 1962 faciendam
1585 1913 1690 1982 quam
1727 1889 1860 1959 eisdem

433 1991 642 2062 duxerimus
666 1991 940 2080 injungendam,
962 1987 1003 2087 [N
1021 1990 1059 2059 at
1083 1987 1115 2088 c]
1137 1993 1354 2062 absolvimus
1376 2013 1396 2060 a
1417 1990 1601 2061 sententiis
1621 1986 1861 2058 excommuni-

433 2091 583 2160 cationis
609 2089 687 2159 latis
713 2090 923 2178 generaliter
951 2103 1019 2158 tam
1040 2091 1208 2160 canonice
1236 2112 1340 2179 quam
1364 2090 1409 2158 ab
1430 2089 1590 2167 homine,
1611 2106 1699 2178 quas
1721 2097 1862 2177 propter

435 2187 546 2257 dictas
566 2187 686 2278 culpas
706 2189 949 2272 incurrerunt,
972 2200 1007 2257 et
1034 2188 1246 2278 imponimus
1266 2209 1306 2257 ac
1334 2188 1549 2277 injungimus
1568 2184 1710 2276 prelatis
1734 2183 1861 2251 talibus

435 2285 475 2354 N.
495 2296 530 2354 et
553 2284 592 2352 N.
611 2284 678 2353 sub
705 2284 825 2354 debito
846 2286 978 2377 prestiti
995 2286 1185 2375 juramenti
1205 2297 1240 2354 et
1259 2286 1326 2355 sub
1352 2306 1439 2378 pena
1462 2304 1566 2376 quam
1589 2293 1732 2374 possent
1751 2292 1784 2350 et
1799 2279 1860 2351 de·

434 2382 559 2453 bereot
579 2382 757 2451 incurrere
782 2385 816 2450 in
838 2404 906 2453 nnn
929 2383 1085 2475 parendo
1111 2396 1172 2452 aut
1191 2386 1226 2452 in
1254 2383 1468 2453 contrarium
1489 2380 1671 2462 iaciendo,
1695 2400 1736 2448 ac
1755 2378 1861 2448 etiam

434 2479 502 2550 sub
522 2500 610 2572 pena
636 2481 865 2550 ducentarum
894 2480 1111 2551 marcharum
1133 2480 1290 2572 argenti,
1313 2503 1416 2573 quam
1446 2484 1625 2550 incurrant
1651 2477 1726 2569 ipso
1747 2477 1859 2550 lactu.

435 2578 529 2669 quod
568 2586 618 2647 tut
643 2578 768 2647 diebus
796 2578 981 2648 dominicis
1006 2591 1041 2647 et
1068 2579 1203 2650 festivis
1239 2579 1504 2673 (conprimatur
1528 2582 1560 2648 et
1585 2575 1864 2644 determinentur

412 2675 508 2758 ‚dies
527 2674 617 2765 itt),
637 2675 671 2744 in
699 2676 815 2745 tunica
841 2677 918 2747 sine
943 2687 1069 2767 caputo
1099 2690 1133 2746 et
1157 2677 1297 2768 caputio
1323 2689 1357 2746 et
1381 2677 1517 2768 capello
1542 2676 1576 2743 in
1603 2674 1737 2765 capite,
1758 2671 1862 2740 nudis

437 2773 585 2865 pedibus
603 2769 677 2867 (vet
688 2772 764 2842 sic:
781 2775 816 2843 in
836 2774 957 2865 caligis
971 2776 1049 2843 sine
1064 2775 1277 2845 sotularibus
1294 2775 1339 2844 de
1358 2774 1518 2868 hospicio
1536 2793 1615 2858 suo,
1637 2771 1693 2842 net
1709 2797 1717 2838 :
1735 2770 1780 2840 de
1804 2767 1861 2838 tali

436 2872 513 2942 loco
534 2870 792 2942 determinetur
817 2871 1015 2960 menende),
1046 2873 1276 2965 procedentes
1307 2873 1449 2942 veniant
1476 2873 1520 2941 ad
1542 2869 1723 2940 ecclesiam
1744 2867 1862 2937 calbe-

437 2969 568 3039 dralem
592 2968 648 3039 vel
673 2969 924 3062 parrochialem
947 2971 1070 3057 talem,
1092 2971 1148 3041 vel
1172 2971 1274 3041 talem
1296 2970 1566 3063 (determinetur
1586 2966 1757 3057 ecclesio),
1781 2986 1862 3057 por-

437 3067 544 3136 tando
568 3067 602 3135 in
630 3067 791 3137 manibus
820 3067 893 3137 suis
916 3068 1064 3160 quilibet
1092 3091 1199 3138 unum
1231 3070 1405 3138 torticium
1435 3068 1480 3138 de
1508 3088 1587 3139 cera
1617 3078 1666 3136 tot
1694 3064 1862 3133 librarum

434 3161 705 3257 (determinetur
714 3165 905 3258 quantitas)
918 3168 951 3235 in
966 3167 1050 3236 bora
1064 3179 1099 3238 et
1111 3178 1268 3260 tempore
1289 3167 1394 3236 misse
1407 3168 1561 3256 majoris,
1581 3164 1710 3258 populo
1722 3180 1863 3251 congre·

436 3273 517 3354 gato
544 3261 590 3331 ad
619 3263 834 3334 audiendum
861 3264 1002 3349 divina,
1031 3278 1065 3334 et
1092 3266 1220 3335 ibidem
1247 3265 1374 3336 stando
1399 3265 1433 3333 in
1459 3266 1535 3335 loco
1563 3261 1719 3334 evidenti
1744 3279 1861 3329 corum

436 3360 608 3452 pupuloa
636 3361 808 3453 principio
836 3384 946 3454 usque
970 3361 1139 3432 adfinem
1171 3365 1310 3434 missam
1330 3362 1487 3447 audiant,
1512 3382 1646 3433 necnon
1670 3370 1864 3450 sequantur

437 3458 695 3549 processionem
712 3460 915 3530 immediate
932 3473 1008 3551 post
1023 3462 1168 3530 clericos
1182 3475 1217 3531 et
1229 3461 1446 3544 sacerdoteS,
1460 3464 1491 3530 si
1505 3461 1551 3530 ibi
1568 3462 1672 3531 luerit
1686 3461 1859 3548 iacienda,

438 3565 472 3624 et
491 3568 570 3648 post
587 3578 785 3628 sermonem
799 3612 807 3642 ,
823 3559 853 3628 si
874 3559 921 3628 ibi
943 3559 1045 3627 luerit
1066 3559 1266 3645 faciendus,
1283 3580 1345 3629 scu
1368 3569 1445 3651 pust
1464 3560 1688 3647 evangelium
1705 3571 1740 3628 et
1758 3560 1861 3630 oller·

438 3655 565 3723 lorium
586 3654 808 3726 decantatum
833 3657 982 3727 ollerant
1007 3657 1180 3726 torticium
1205 3657 1249 3726 ad
1273 3658 1383 3727 altare
1411 3666 1447 3725 et
1465 3657 1510 3725 ab
1537 3656 1596 3726 illo
1622 3659 1684 3749 qui
1710 3656 1864 3727 celebrat

437 3750 579 3822 missam
605 3753 734 3823 ibidem
757 3777 835 3823 cum
857 3755 966 3845 virgis
988 3775 1076 3845 quas
1097 3755 1160 3847 ipsi
1182 3755 1297 3824 eidem
1319 3753 1493 3824 sacerdoti
1513 3754 1663 3825 ollerent
1682 3752 1785 3824 llexis
1804 3777 1863 3845 ge-

439 3848 541 3919 nibus
561 3852 731 3944 recipient
753 3853 996 3944 disciplinam,
1017 3863 1052 3921 et
1080 3865 1157 3944 post
1175 3851 1241 3922 hec
1258 3863 1390 3921 stantes
1408 3872 1524 3922 coram
1547 3847 1588 3948 [l0
1607 3853 1646 3920 st
1673 3848 1709 3948 d(
1734 3854 1862 3945 pupulo

438 3948 577 4036 publice
600 3960 635 4019 et
653 3951 722 4020 alte
746 3950 863 4020 dicant
885 3950 1075 4042 predictam
1098 3950 1322 4042 penitentiam
1347 3949 1414 4019 sibi
1434 3971 1513 4020 esse
1535 3950 1731 4040 impositam
1755 3963 1789 4019 et
1809 3950 1862 4018 in-

433 4043 590 4134 junctam
613 4060 753 4141 propter
774 4048 831 4117 illa
855 4069 924 4140 que
948 4049 1199 4118 commiserunt
1222 4059 1343 4117 contra
1365 4047 1592 4139 inquisitores
1613 4047 1766 4116 heretice
1787 4069 1863 4138 pra·

439 4143 557 4213 vitatis
577 4157 612 4214 et
633 4146 871 4238 inquisitionis
890 4144 1042 4215 officium
1070 4137 1289 4216 eorumdem.
1310 4145 1421 4214 Simili
1449 4146 1553 4215 modu
1577 4158 1612 4215 et
1634 4144 1784 4215 similem
1807 4167 1864 4238 pe·

439 4242 620 4313 nitentiam
644 4245 771 4315 iaciant
790 4243 934 4336 predicti
958 4243 1043 4313 tales
1061 4244 1102 4312 N.
1125 4255 1159 4313 et
1177 4243 1218 4314 N.
1242 4245 1276 4311 in
1298 4244 1357 4312 tali
1376 4243 1434 4313 die
1454 4242 1650 4323 dominica,
1670 4242 1725 4311 vel
1749 4243 1783 4311 in
1805 4243 1864 4312 tali

439 4337 548 4424 laeto,
566 4342 601 4410 iu
620 4343 688 4412 alia
712 4344 772 4411 tali
791 4342 938 4412 ecclesia
963 4339 1263 4434 (determinentur
1281 4340 1354 4411 dies
1371 4347 1405 4411 et
1423 4338 1601 4431 ecclesio);
1623 4342 1721 4423 item,
1743 4341 1777 4409 in
1797 4340 1863 4409 alia

440 4441 498 4511 tali
519 4440 666 4511 ecclesia
687 4437 981 4534 (determinentur
997 4439 1159 4530 singula).
1178 4439 1277 4524 Item,
1300 4439 1557 4531 imponimuset
1571 4439 1785 4529 injungimus
1802 4438 1868 4508 eis·

439 4538 519 4609 dem
547 4538 606 4608 tali
634 4551 668 4608 et
697 4539 757 4608 tali
783 4537 879 4629 quod
906 4539 993 4606 iulra
1022 4538 1090 4606 tale
1118 4548 1254 4629 tempus
1280 4535 1407 4606 babeat
1430 4535 1578 4628 quilibet
1603 4548 1653 4605 tot
1676 4535 1801 4606 calices
1821 4535 1866 4605 de

438 4646 584 4727 argento
609 4657 757 4727 quorum
784 4636 932 4727 quilibet
957 4635 1003 4704 sit
1032 4634 1197 4727 ponderis
1225 4633 1328 4702 unius
1360 4633 1500 4703 marcbe
1530 4655 1609 4702 eum
1638 4633 1805 4709 dimidia,
1832 4645 1868 4702 et

438 4756 547 4804 uuum
568 4756 614 4804 ex
634 4734 685 4804 eis
711 4735 849 4826 publice
868 4732 1017 4825 quilibet
1036 4733 1096 4802 det
1116 4745 1150 4801 et
1167 4733 1292 4800 ollerat
1313 4731 1347 4799 in
1369 4731 1429 4799 tali
1449 4731 1617 4817 ecclesia;
1639 4732 1736 4809 item,
1758 4730 1865 4800 aliurn

437 4831 473 4901 in
494 4831 553 4901 tali
574 4831 722 4902 ecclesia
744 4833 793 4909 (et
807 4831 857 4900 sic
877 4830 921 4899 de
942 4829 1034 4913 aliis,
1058 4829 1089 4898 cn'
1106 4831 1172 4897 sint
1186 4829 1321 4921 plures.
1350 4826 1410 4897 Vel
1426 4827 1475 4897 sic
1491 4853 1502 4895 :
1523 4830 1735 4920 imponimus
1755 4839 1791 4897 et
1810 4829 1864 4897 iu-

433 4929 617 5021 jungimus
638 4930 733 5022 quod
753 4928 902 5021 quilibet
921 4928 1075 5021 ipsorum
1098 4927 1205 4997 donet
1224 4937 1259 4995 et
1275 4925 1390 4996 solvat
1407 4935 1538 4995 tantam
1565 4927 1732 5018 peccunie
1750 4946 1864 5016 quau·

439 5026 574 5097 litatem
593 5027 682 5097 iutra
702 5026 769 5097 tale
788 5039 926 5119 tempus
942 5026 987 5096 ad
1006 5047 1094 5118 opus
1115 5025 1246 5095 lubrice
1267 5023 1343 5093 talis
1361 5023 1530 5112 ecclesie,
1548 5024 1603 5094 vel
1623 5023 1668 5094 ad
1687 5024 1755 5095 tale
1777 5044 1867 5114 opus
