4574 6404
851 694 970 747 rnurrl
997 694 1093 747 rans.
1643 675 1689 745 95

168 911 174 921 .
257 849 400 919 tentiam
422 861 456 920 et
477 851 618 921 nomine
638 851 836 944 penitencie
856 874 919 945 pru
940 852 1107 947 predictis
1124 848 1165 948 [θ’
1183 848 1229 921 52
1244 847 1280 949 b]
1302 852 1602 943 peregrinationes
1617 873 1687 945 que

255 946 530 1018 continebuntur
551 948 585 1017 in
606 949 731 1019 litteris
751 971 820 1042 que
839 951 941 1021 vobis
963 972 1070 1044 super
1091 949 1158 1021 boc
1176 949 1428 1035 concedentur,
1446 971 1535 1042 quaa
1553 950 1685 1020 litteras

256 1044 359 1115 vohis
383 1045 596 1139 precipimus
622 1067 642 1117 a
670 1047 771 1134 nobis
798 1058 917 1140 petere
941 1060 977 1120 et
1000 1048 1167 1139 habere),
1194 1047 1446 1118 testimoniales
1471 1048 1516 1119 de
1536 1047 1685 1140 singuiis

257 1143 341 1213 locis
362 1154 580 1235 reportantes
600 1143 732 1215 litteras
752 1145 890 1217 illorum
911 1146 971 1239 qui
992 1146 1027 1215 in
1047 1147 1132 1216 locis
1153 1145 1220 1214 illis
1241 1145 1448 1236 prefuerint,
1469 1146 1565 1239 quod
1585 1166 1685 1237 pere·

255 1239 471 1331 grinationes
490 1242 752 1334 compleveritis
773 1254 983 1314 memoratas
996 1242 1068 1337 (uel
1081 1245 1158 1315 sic:
1177 1242 1279 1314 vohis
1297 1243 1479 1335 impositas
1497 1254 1533 1314 et
1551 1244 1685 1334 injunc-

257 1335 344 1432 tas);
372 1337 554 1431 dictasque
588 1341 890 1432 peregrinationes
919 1343 1034 1412 lacere
1069 1342 1244 1434 incipiatis
1272 1340 1361 1409 inira
1395 1351 1464 1411 tres
1498 1362 1683 1411 mensesa

257 1435 409 1527 presenti
428 1437 486 1507 die
506 1438 782 1529 computandos,
802 1460 995 1531 carumque
1012 1438 1238 1534 completioni
1259 1436 1409 1507 fideliter
1429 1439 1599 1509 insistatis
1616 1438 1683 1508 suh

257 1533 387 1603 virtute
401 1553 421 1602 a
437 1534 539 1604 vobis
555 1535 687 1628 prestiti
700 1538 905 1626 juramenti.
927 1537 1011 1607 ltem
1034 1537 1185 1608 visitetis
1204 1535 1353 1626 singulis
1376 1536 1496 1623 annis,
1514 1536 1681 1629 quamdiu

257 1630 435 1717 vixeritis,
465 1632 647 1702 ecclesiam
672 1633 909 1705 cathedralem
943 1635 1022 1705 talis
1052 1637 1119 1706 loci
1147 1636 1181 1704 in
1209 1632 1266 1702 tali
1299 1634 1410 1725 testo,
1439 1646 1475 1704 et
1498 1633 1679 1704 ecclesiam

256 1728 357 1799 talem
387 1727 422 1797 in
449 1728 507 1799 tali
534 1730 615 1817 die,
638 1744 673 1801 et
698 1731 837 1802 missam
867 1732 1033 1826 maj0rem
1067 1744 1102 1803 et
1125 1752 1344 1815 sermonem,
1370 1731 1399 1802 si
1429 1729 1489 1801 fiat
1523 1730 1680 1816 ibidem,

255 1826 408 1897 audiatis
439 1828 637 1919 utrobique.
667 1827 906 1899 Confiteamini
940 1832 1084 1923 insuper
1111 1840 1251 1924 peccata
1284 1841 1400 1899 vestra
1428 1841 1481 1898 ter
1507 1829 1542 1899 in
1568 1850 1679 1912 anno,

257 1924 390 2010 scilicet
409 1936 491 1995 ante
518 1925 658 2010 Natale,
681 1937 716 1997 et
741 1926 894 2015 Pascha,
921 1940 956 1999 et
979 1927 1254 2011 Penthecosten,
1277 1928 1364 1997 etin
1390 1927 1523 1998 eisdem
1549 1927 1681 1997 festivi-

257 2021 384 2094 tatibus
408 2023 696 2117 communicetis,
719 2025 784 2094 nisi
814 2025 1054 2096 abstinueritis
1081 2026 1126 2096 de
1151 2024 1299 2095 consilio
1319 2024 1450 2117 proprii
1470 2026 1676 2096 sacerdotis.

254 2118 407 2212 Singulis
436 2143 522 2193 vero
546 2121 672 2193 diebus
699 2123 885 2194 dominicis
909 2136 943 2193 et
971 2125 1129 2208 festivis,
1164 2123 1302 2193 missam
1338 2122 1590 2214 parrochialem
1618 2144 1680 2193 au·

256 2217 365 2290 diatis
383 2241 429 2290 ox
448 2219 586 2310 integro
606 2230 641 2289 et
665 2242 862 2292 sermonem
888 2222 949 2314 qui
969 2220 1028 2292 fiet
1052 2223 1086 2292 in
1107 2222 1192 2293 locis
1219 2221 1252 2290 in
1280 2220 1409 2311 quibus
1436 2221 1588 2307 fueritis,
1613 2220 1680 2290 nisi

255 2315 402 2387 valeatis
432 2317 587 2409 legitime
616 2330 676 2387 aut
701 2319 957 2390 rationabiliter
977 2320 1161 2406 excusari3
1190 2330 1226 2389 et
1253 2319 1287 2386 in
1315 2318 1449 2388 eisdem
1475 2318 1601 2389 diebus
1620 2339 1678 2389 sa·

253 2414 386 2486 cerduti
411 2415 614 2486 celebranti.
630 2417 792 2504 missam,
813 2418 904 2488 inter
932 2417 1116 2509 epistolam
1137 2428 1172 2487 et
1192 2416 1439 2506 evangelium,
1461 2438 1541 2486 cum
1569 2417 1678 2507 virgis
1738 2419 1741 2423 ’

255 2513 289 2582 in
318 2535 424 2584 manu
455 2514 595 2605 publice
622 2535 687 2585 vos
716 2516 924 2607 presentetis
952 2524 987 2584 et
1013 2515 1232 2608 disciplinam
1259 2513 1435 2606 recipiatis
1461 2514 1506 2584 ab
1530 2513 1677 2601 eodem;

253 2612 450 2704 sequamini
482 2612 586 2683 etiam
623 2614 865 2704 processiones
892 2609 938 2710 [l0
964 2611 1009 2683 52
1034 2609 1070 2710 c]
1101 2634 1170 2705 que
1200 2611 1285 2682 fient
1310 2611 1344 2679 in
1373 2611 1457 2682 locis
1489 2611 1679 2704 inquibus

254 2709 411 2796 lueritis,
433 2710 524 2780 inter
549 2711 679 2781 clerum
710 2721 745 2779 et
772 2711 960 2803 populum,
982 2712 1100 2801 virgas
1120 2721 1299 2803 portantes
1320 2710 1353 2777 in
1376 2710 1558 2796 manibus,
1581 2721 1616 2780 et
1635 2710 1679 2780 ab

255 2806 313 2879 illo
339 2809 398 2899 qui
426 2808 639 2901 processioni
668 2809 836 2900 prefuerit
855 2808 1074 2901 disciplinam
1100 2808 1275 2902 recipiatis
1303 2807 1338 2875 in
1370 2807 1490 2876 ultima
1510 2809 1675 2878 statione.

253 2904 338 2975 ltem
369 2906 414 2976 ab
443 2907 537 2977 omni
567 2927 673 2998 opere
706 2907 825 2976 servili
857 2907 1062 2977 abstineatis
1099 2906 1223 2976 diebus
1254 2905 1439 2975 dominicis
1475 2916 1510 2976 et
1544 2906 1678 2976 festivis

251 3003 428 3090 colendis,
449 3004 484 3072 in
504 3003 669 3074 Adventu
690 3003 827 3073 Domini
854 3005 889 3074 i'n
913 3005 993 3075 cibo
1013 3003 1306 3096 quadragesimali
1326 3003 1515 3093 jejunetis3
1535 3001 1675 3074 divina·

251 3100 365 3172 tiones
380 3113 415 3171 et
430 3102 608 3192 sortilegia
629 3123 696 3172 nnn
717 3102 936 3189 observetis3
960 3123 1083 3172 usuras
1104 3113 1139 3172 et
1157 3101 1297 3194 rapinas
1314 3121 1384 3171 non
1403 3102 1620 3194 exerceatis,
1643 3111 1678 3172 et

252 3198 465 3287 restituatis,
485 3200 513 3269 si
534 3199 715 3291 abaliquo
736 3200 936 3293 recepistis;
960 3199 1179 3292 publicisque
1199 3197 1323 3269 ollrciis
1344 3209 1463 3270 vestro
1483 3199 1540 3270 vel
1560 3198 1678 3271 alieno
1767 3263 1769 3267 Α

251 3296 394 3367 numine
409 3319 477 3367 non
499 3297 706 3388 fungamini.
728 3296 889 3368 Preterea
909 3296 1167 3390 persequamini
1186 3295 1372 3380 hereticos,
1394 3297 1677 3388 quibuscumque

250 3394 453 3465 nominihus
478 3405 708 3482 censeantur,
740 3408 775 3466 et
796 3395 1001 3479 credentes,
1030 3406 1065 3465 et
1092 3395 1264 3480 lautores,
1291 3402 1326 3463 et
1354 3405 1609 3486 receptatores,
1638 3415 1679 3466 ac

250 3491 456 3563 defensores
475 3514 612 3577 eorum,
631 3504 666 3562 et
687 3515 749 3586 pro
770 3493 883 3563 heresi
907 3493 1108 3584 lngittivos3
1132 3490 1308 3583 fidemque
1324 3489 1530 3562 catholicam
1551 3503 1587 3562 et
1601 3513 1679 3584 per·

248 3610 356 3660 sonas
376 3590 629 3661 ecclesiasticas
649 3602 685 3661 et
698 3592 779 3680 jura
799 3591 1047 3670 ecclesiarum,
1073 3588 1298 3681 officiumque
1317 3588 1556 3681 inquisitionis
1575 3589 1677 3661 bere·

251 3690 320 3758 tice
339 3689 523 3781 pravitatis
544 3709 606 3780 pro
632 3689 767 3759 viribus
792 3689 1002 3759 delendatis.
1024 3687 1095 3758 llec
1120 3699 1236 3757 autem
1264 3687 1380 3757 omnia
1402 3687 1505 3758 vohis
1525 3688 1677 3778 injungi·

250 3808 353 3873 mus,
375 3798 509 3858 retenta
531 3785 632 3856 nobis
652 3798 686 3856 et
707 3798 863 3857 nostrum
882 3786 1026 3856 cuilibet
1045 3806 1085 3854 ac
1105 3785 1232 3856 nostris
1253 3784 1287 3852 in
1308 3782 1424 3855 ollicio
1439 3785 1677 3876 inquisitionis

247 3885 515 3956 successorihus
536 3885 690 3977 plenaria
711 3895 882 3978 potestate
897 3883 1075 3965 addendi,
1095 3882 1337 3969 diminuendi,
1357 3881 1618 3976 commutandi,
1637 3903 1678 3953 ac

253 3983 359 4052 etiam
382 3981 581 4052 remittendi
603 3982 636 4050 in
657 3982 813 4072 predicta
837 3981 1025 4074 penitentia
1046 3981 1123 4050 sive
1146 4002 1254 4072 pena,
1277 3983 1361 4050 siet
1384 3980 1678 4072 quandocumque

251 4080 356 4151 nobis
375 4080 431 4150 vel
461 4079 513 4148 eis
534 4079 647 4148 visum
677 4081 780 4148 luerit
803 4080 983 4174 expedire.
1011 4079 1096 4147 Dara
1123 4079 1186 4148 luit
1212 4078 1277 4147 hec
1297 4077 1487 4170 penitentia
1507 4098 1621 4163 anno,
1643 4088 1679 4147 et

248 4176 329 4260 die,
352 4189 388 4247 et
406 4177 503 4262 loco,
526 4188 561 4247 et
579 4179 800 4268 presentibus
821 4179 967 4248 testibus
984 4178 1112 4270 quihus
1131 4197 1251 4269 supra.
1273 4175 1315 4244 Et
1331 4196 1397 4265 ego
1418 4174 1496 4244 talis
1520 4178 1677 4247 notarius

248 4273 358 4346 ollicii
378 4274 616 4367 inquisitionis
642 4276 807 4366 predictis
830 4275 994 4347 omnihus
1015 4276 1175 4362 interlui,
1197 4284 1232 4344 et
1251 4272 1296 4343 de
1317 4267 1357 4368 [l0
1377 4270 1422 4342 52
1442 4267 1479 4369 d]
1509 4274 1676 4345 mandato

249 4373 402 4465 religiosi
424 4373 492 4441 viri
514 4372 591 4442 talis
611 4372 828 4463 inquisitoris
847 4374 984 4465 recepi,
1006 4385 1041 4444 et
1059 4375 1204 4464 scripsi,
1227 4371 1315 4440 etin
1340 4370 1513 4462 publicam
1528 4371 1674 4442 sormam

250 4470 392 4562 redegi,
411 4471 584 4562 signoque
603 4490 681 4541 meo
702 4470 806 4542 solito
824 4470 963 4561 signavi
983 4481 1138 4560 rogatus.

296 4567 506 4640 Notandum
526 4579 642 4638 autem
663 4568 757 4660 quod
778 4568 921 4639 brevius
941 4567 1068 4659 poterit
1086 4567 1191 4636 scribi
1212 4567 1246 4634 in
1267 4567 1377 4636 lurma
1399 4567 1590 4657 penitentie
1610 4567 1676 4639 isto

247 4667 374 4762 modo,
395 4667 425 4736 si
445 4655 558 4736 visum
580 4665 685 4736 luerit
704 4665 991 4758 inquisitoribus,
1012 4663 1057 4734 ad
1076 4662 1331 4734 abreviandum
1360 4674 1458 4750 acta,
1480 4686 1542 4736 seu
1570 4685 1676 4737 causa

246 4764 456 4836 brevitatis:

295 4863 333 4933 ln
354 4862 497 4935 nomine
515 4860 653 4933 Domini
672 4874 761 4950 etc,
783 4868 823 4932 ut
840 4882 966 4954 supra.
987 4860 1157 4954 Sequitur
1174 4858 1279 4952 iufra
1300 4884 1312 4927 :
1336 4858 1554 4952 lnjungimus
1575 4860 1677 4932 vobia

248 4961 283 5030 iu
303 4960 532 5055 penitentiam
549 4971 584 5031 et
603 4960 746 5031 nomine
766 4958 958 5054 penitentie
979 4979 1041 5052 pro
1064 4958 1230 5053 predictis
1250 4957 1345 5051 quud
1365 4957 1499 5029 faciatis
1518 4958 1676 5052 peregri·

248 5058 407 5131 nationes
426 5069 626 5131 sanctorum
646 5070 682 5130 et
700 5057 922 5130 visitationes
939 5057 1180 5145 ecclesiarum,
1200 5055 1318 5128 etalio
1336 5055 1455 5128 omnia
1474 5077 1544 5150 que
1562 5056 1677 5127 littere
