<?xml version="1.0" encoding="UTF-8"?>
<!DOCTYPE html PUBLIC "-//W3C//DTD XHTML 1.0 Transitional//EN"
    "http://www.w3.org/TR/xhtml1/DTD/xhtml1-transitional.dtd">
<html xmlns="http://www.w3.org/1999/xhtml" xml:lang="en" lang="en">
 <head>
  <title>
</title>
<meta http-equiv="Content-Type" content="text/html;charset=utf-8" />
  <meta name='ocr-system' content='tesseract 3.04.00' />
  <meta name='ocr-capabilities' content='ocr_page ocr_carea ocr_par ocr_line ocrx_word'/>
</head>
<body>
  <div class='ocr_page' id='page_1' title='image "./practicainquisi00douagoog_0062.png"; bbox 0 0 4574 6404; ppageno 0'>
   <div class='ocr_carea' id='block_1_1' title="bbox 832 658 1686 727">
    <p class='ocr_par' dir='ltr' id='par_1_1' title="bbox 832 658 1686 727">
     <span class='ocr_line' id='line_1_1' title="bbox 832 658 1686 727; baseline -0.008 -3"><span class='ocrx_word' id='word_1_1' title='bbox 832 673 985 727; x_wconf 76' lang='lat' dir='ltr'>SECUNDA</span> <span class='ocrx_word' id='word_1_2' title='bbox 1011 670 1107 724; x_wconf 82' lang='lat' dir='ltr'><strong>PARS.</strong></span> <span class='ocrx_word' id='word_1_3' title='bbox 1640 658 1686 726; x_wconf 67' lang='lat'><strong>43</strong></span> 
     </span>
    </p>
   </div>
   <div class='ocr_carea' id='block_1_2' title="bbox 207 828 1689 3950">
    <p class='ocr_par' dir='ltr' id='par_1_2' title="bbox 207 828 1689 3950">
     <span class='ocr_line' id='line_1_2' title="bbox 256 828 1686 925; baseline 0.001 -21"><span class='ocrx_word' id='word_1_4' title='bbox 256 833 409 904; x_wconf 91' lang='lat' dir='ltr'><strong>ricordia</strong></span> <span class='ocrx_word' id='word_1_5' title='bbox 432 832 479 905; x_wconf 93' lang='lat' dir='ltr'><strong>de</strong></span> <span class='ocrx_word' id='word_1_6' title='bbox 504 852 594 925; x_wconf 88' lang='lat' dir='ltr'><strong>pena</strong></span> <span class='ocrx_word' id='word_1_7' title='bbox 621 831 866 903; x_wconf 90' lang='lat' dir='ltr'><strong>inmurationis</strong></span> <span class='ocrx_word' id='word_1_8' title='bbox 893 852 956 902; x_wconf 91' lang='lat' dir='ltr'><strong>sen</strong></span> <span class='ocrx_word' id='word_1_9' title='bbox 984 830 1087 901; x_wconf 91' lang='lat' dir='ltr'><strong>etiam</strong></span> <span class='ocrx_word' id='word_1_10' title='bbox 1115 828 1287 922; x_wconf 90' lang='lat' dir='ltr'><strong>relapsus,</strong></span> <span class='ocrx_word' id='word_1_11' title='bbox 1310 829 1438 921; x_wconf 89' lang='lat' dir='ltr'><strong>poterit</strong></span> <span class='ocrx_word' id='word_1_12' title='bbox 1457 831 1605 925; x_wconf 80' lang='lat' dir='ltr'><strong>exprimi</strong></span> <span class='ocrx_word' id='word_1_13' title='bbox 1629 836 1686 905; x_wconf 87' lang='lat' dir='ltr'><strong>tali</strong></span> 
     </span>
     <span class='ocr_line' id='line_1_3' title="bbox 257 926 1689 1025; baseline -0.001 -23"><span class='ocrx_word' id='word_1_14' title='bbox 257 930 386 1018; x_wconf 91' lang='lat' dir='ltr'><strong>modo,</strong></span> <span class='ocrx_word' id='word_1_15' title='bbox 408 941 488 1025; x_wconf 91' lang='lat' dir='ltr'><strong>post</strong></span> <span class='ocrx_word' id='word_1_16' title='bbox 513 930 600 1001; x_wconf 94' lang='lat' dir='ltr'><strong>illud</strong></span> <span class='ocrx_word' id='word_1_17' title='bbox 621 930 680 1001; x_wconf 91' lang='lat' dir='ltr'><strong>ubi</strong></span> <span class='ocrx_word' id='word_1_18' title='bbox 701 930 866 1001; x_wconf 79' lang='lat' dir='ltr'><strong>scribitur</strong></span> <span class='ocrx_word' id='word_1_19' title='bbox 884 929 929 999; x_wconf 94' lang='lat' dir='ltr'><strong>de</strong></span> <span class='ocrx_word' id='word_1_20' title='bbox 947 928 1110 999; x_wconf 84' lang='lat' dir='ltr'><strong>crucibus</strong></span> <span class='ocrx_word' id='word_1_21' title='bbox 1131 953 1139 995; x_wconf 74' lang='grc' dir='ltr'>ι</span> <span class='ocrx_word' id='word_1_22' title='bbox 1159 927 1191 996; x_wconf 81' lang='lat' dir='ltr'><strong>si</strong></span> <span class='ocrx_word' id='word_1_23' title='bbox 1208 926 1391 1019; x_wconf 76' lang='lat' dir='ltr'><strong>deficiant,</strong></span> <span class='ocrx_word' id='word_1_24' title='bbox 1412 935 1474 998; x_wconf 86' lang='lat' dir='ltr'><strong>out</strong></span> <span class='ocrx_word' id='word_1_25' title='bbox 1491 939 1689 1025; x_wconf 78' lang='lat' dir='ltr'><strong>consumpte</strong></span> 
     </span>
     <span class='ocr_line' id='line_1_4' title="bbox 256 1024 1688 1123; baseline 0.001 -23"><span class='ocrx_word' id='word_1_26' title='bbox 256 1027 398 1122; x_wconf 78' lang='lat' dir='ltr'><strong>fuerint</strong></span> <span class='ocrx_word' id='word_1_27' title='bbox 420 1034 607 1110; x_wconf 83' lang='lat' dir='ltr'><strong>vetustate,</strong></span> <span class='ocrx_word' id='word_1_28' title='bbox 630 1027 792 1102; x_wconf 81' lang='lat' dir='ltr'><strong>addatur</strong></span> <span class='ocrx_word' id='word_1_29' title='bbox 813 1025 878 1096; x_wconf 86' lang='lat' dir='ltr'><strong>hoc</strong></span> <span class='ocrx_word' id='word_1_30' title='bbox 894 1025 996 1096; x_wconf 84' lang='lat' dir='ltr'><strong>modo</strong></span> <span class='ocrx_word' id='word_1_31' title='bbox 1016 1050 1027 1094; x_wconf 94' lang='lat'><em>:</em></span> <span class='ocrx_word' id='word_1_32' title='bbox 1049 1024 1312 1097; x_wconf 75' lang='lat' dir='ltr'><strong>considerantes</strong></span> <span class='ocrx_word' id='word_1_33' title='bbox 1341 1035 1457 1095; x_wconf 91' lang='lat' dir='ltr'><strong>autem</strong></span> <span class='ocrx_word' id='word_1_34' title='bbox 1485 1028 1579 1119; x_wconf 93' lang='lat' dir='ltr'><strong>quod</strong></span> <span class='ocrx_word' id='word_1_35' title='bbox 1611 1052 1688 1123; x_wconf 88' lang='lat' dir='ltr'><strong>pre·</strong></span> 
     </span>
     <span class='ocr_line' id='line_1_5' title="bbox 256 1124 1687 1220; baseline 0.003 -24"><span class='ocrx_word' id='word_1_36' title='bbox 256 1125 372 1197; x_wconf 91' lang='lat' dir='ltr'><strong>dictus</strong></span> <span class='ocrx_word' id='word_1_37' title='bbox 405 1127 484 1197; x_wconf 90' lang='lat' dir='ltr'><strong>talis</strong></span> <span class='ocrx_word' id='word_1_38' title='bbox 514 1126 574 1214; x_wconf 89' lang='lat' dir='ltr'><strong>N.‚</strong></span> <span class='ocrx_word' id='word_1_39' title='bbox 607 1126 643 1196; x_wconf 93' lang='lat' dir='ltr'><strong>iu</strong></span> <span class='ocrx_word' id='word_1_40' title='bbox 671 1124 891 1197; x_wconf 80' lang='lat' dir='ltr'><strong>consessione</strong></span> <span class='ocrx_word' id='word_1_41' title='bbox 920 1144 982 1194; x_wconf 91' lang='lat' dir='ltr'><strong>sua</strong></span> <span class='ocrx_word' id='word_1_42' title='bbox 1003 1143 1235 1216; x_wconf 89' lang='lat' dir='ltr'><strong>perseverans</strong></span> <span class='ocrx_word' id='word_1_43' title='bbox 1266 1133 1478 1215; x_wconf 89' lang='lat' dir='ltr'><strong>paratusque</strong></span> <span class='ocrx_word' id='word_1_44' title='bbox 1506 1127 1687 1220; x_wconf 83' lang='lat' dir='ltr'><strong>suscipere</strong></span> 
     </span>
     <span class='ocr_line' id='line_1_6' title="bbox 257 1219 1686 1318; baseline 0.003 -24"><span class='ocrx_word' id='word_1_45' title='bbox 257 1224 486 1318; x_wconf 87' lang='lat' dir='ltr'><strong>penitentiam</strong></span> <span class='ocrx_word' id='word_1_46' title='bbox 507 1245 571 1318; x_wconf 92' lang='lat' dir='ltr'><strong>pro</strong></span> <span class='ocrx_word' id='word_1_47' title='bbox 590 1222 788 1297; x_wconf 87' lang='lat' dir='ltr'><strong>commissis</strong></span> <span class='ocrx_word' id='word_1_48' title='bbox 806 1222 852 1292; x_wconf 91' lang='lat' dir='ltr'><strong>ab</strong></span> <span class='ocrx_word' id='word_1_49' title='bbox 871 1222 948 1314; x_wconf 91' lang='lat' dir='ltr'><strong>ipso</strong></span> <span class='ocrx_word' id='word_1_50' title='bbox 968 1222 1003 1290; x_wconf 93' lang='lat' dir='ltr'><strong>in</strong></span> <span class='ocrx_word' id='word_1_51' title='bbox 1023 1220 1169 1291; x_wconf 89' lang='lat' dir='ltr'><strong>crimine</strong></span> <span class='ocrx_word' id='word_1_52' title='bbox 1184 1219 1332 1306; x_wconf 91' lang='lat' dir='ltr'><strong>heresis,</strong></span> <span class='ocrx_word' id='word_1_53' title='bbox 1342 1230 1392 1291; x_wconf 88' lang='lat' dir='ltr'><strong>lot</strong></span> <span class='ocrx_word' id='word_1_54' title='bbox 1405 1223 1507 1292; x_wconf 90' lang='lat' dir='ltr'><strong>annis</strong></span> <span class='ocrx_word' id='word_1_55' title='bbox 1522 1223 1686 1298; x_wconf 90' lang='lat' dir='ltr'><strong>detentus</strong></span> 
     </span>
     <span class='ocr_line' id='line_1_7' title="bbox 257 1318 1685 1416; baseline 0.004 -26"><span class='ocrx_word' id='word_1_56' title='bbox 257 1320 292 1390; x_wconf 95' lang='lat' dir='ltr'><strong>in</strong></span> <span class='ocrx_word' id='word_1_57' title='bbox 309 1341 450 1392; x_wconf 89' lang='lat' dir='ltr'><strong>carcere</strong></span> <span class='ocrx_word' id='word_1_58' title='bbox 464 1343 589 1415; x_wconf 90' lang='lat' dir='ltr'><strong>penam</strong></span> <span class='ocrx_word' id='word_1_59' title='bbox 606 1321 778 1392; x_wconf 90' lang='lat' dir='ltr'><strong>diutinam</strong></span> <span class='ocrx_word' id='word_1_60' title='bbox 797 1320 947 1390; x_wconf 91' lang='lat' dir='ltr'><strong>carceris</strong></span> <span class='ocrx_word' id='word_1_61' title='bbox 968 1318 1147 1405; x_wconf 77' lang='lat' dir='ltr'><strong>sustinuit,</strong></span> <span class='ocrx_word' id='word_1_62' title='bbox 1169 1328 1356 1409; x_wconf 88' lang='lat' dir='ltr'><strong>antequam</strong></span> <span class='ocrx_word' id='word_1_63' title='bbox 1377 1321 1603 1412; x_wconf 88' lang='lat' dir='ltr'><strong>penitentiam</strong></span> <span class='ocrx_word' id='word_1_64' title='bbox 1623 1345 1685 1416; x_wconf 91' lang='lat' dir='ltr'><strong>per</strong></span> 
     </span>
     <span class='ocr_line' id='line_1_8' title="bbox 257 1415 1686 1508; baseline 0.001 -19"><span class='ocrx_word' id='word_1_65' title='bbox 257 1416 483 1489; x_wconf 84' lang='lat' dir='ltr'><strong>diffinitivam</strong></span> <span class='ocrx_word' id='word_1_66' title='bbox 504 1420 714 1490; x_wconf 90' lang='lat' dir='ltr'><strong>sententiam</strong></span> <span class='ocrx_word' id='word_1_67' title='bbox 739 1416 940 1501; x_wconf 82' lang='lat' dir='ltr'><strong>habuisset,</strong></span> <span class='ocrx_word' id='word_1_68' title='bbox 961 1416 1135 1508; x_wconf 86' lang='lat' dir='ltr'><strong>parcimus</strong></span> <span class='ocrx_word' id='word_1_69' title='bbox 1159 1415 1225 1486; x_wconf 90' lang='lat' dir='ltr'><strong>sibi</strong></span> <span class='ocrx_word' id='word_1_70' title='bbox 1251 1435 1296 1485; x_wconf 85' lang='lat' dir='ltr'><strong>ex</strong></span> <span class='ocrx_word' id='word_1_71' title='bbox 1316 1417 1554 1490; x_wconf 90' lang='lat' dir='ltr'><strong>misericordia</strong></span> <span class='ocrx_word' id='word_1_72' title='bbox 1572 1439 1592 1488; x_wconf 90' lang='lat' dir='ltr'><strong>a</strong></span> <span class='ocrx_word' id='word_1_73' title='bbox 1611 1442 1686 1491; x_wconf 91' lang='lat' dir='ltr'><strong>ma-</strong></span> 
     </span>
     <span class='ocr_line' id='line_1_9' title="bbox 252 1513 1687 1612; baseline 0.001 -25"><span class='ocrx_word' id='word_1_74' title='bbox 252 1515 320 1607; x_wconf 88' lang='lat' dir='ltr'><strong>jori</strong></span> <span class='ocrx_word' id='word_1_75' title='bbox 342 1536 432 1610; x_wconf 91' lang='lat' dir='ltr'><strong>pena</strong></span> <span class='ocrx_word' id='word_1_76' title='bbox 455 1538 517 1588; x_wconf 89' lang='lat' dir='ltr'><strong>sen</strong></span> <span class='ocrx_word' id='word_1_77' title='bbox 538 1516 737 1612; x_wconf 88' lang='lat' dir='ltr'><strong>penitencia</strong></span> <span class='ocrx_word' id='word_1_78' title='bbox 758 1514 871 1586; x_wconf 92' lang='lat' dir='ltr'><strong>eidem</strong></span> <span class='ocrx_word' id='word_1_79' title='bbox 891 1513 1010 1585; x_wconf 90' lang='lat' dir='ltr'><strong>debita</strong></span> <span class='ocrx_word' id='word_1_80' title='bbox 1030 1513 1106 1585; x_wconf 90' lang='lat' dir='ltr'><strong>sive</strong></span> <span class='ocrx_word' id='word_1_81' title='bbox 1126 1513 1337 1606; x_wconf 92' lang='lat' dir='ltr'><strong>incorpore,</strong></span> <span class='ocrx_word' id='word_1_82' title='bbox 1359 1535 1420 1585; x_wconf 92' lang='lat' dir='ltr'><strong>sen</strong></span> <span class='ocrx_word' id='word_1_83' title='bbox 1443 1517 1478 1586; x_wconf 93' lang='lat' dir='ltr'><strong>in</strong></span> <span class='ocrx_word' id='word_1_84' title='bbox 1497 1516 1602 1587; x_wconf 92' lang='lat' dir='ltr'><strong>rebus</strong></span> <span class='ocrx_word' id='word_1_85' title='bbox 1626 1531 1687 1589; x_wconf 90' lang='lat' dir='ltr'><strong>ant</strong></span> 
     </span>
     <span class='ocr_line' id='line_1_10' title="bbox 256 1610 1686 1709; baseline 0.002 -24"><span class='ocrx_word' id='word_1_86' title='bbox 256 1613 359 1685; x_wconf 91' lang='lat' dir='ltr'><strong>bonis</strong></span> <span class='ocrx_word' id='word_1_87' title='bbox 380 1613 470 1700; x_wconf 91' lang='lat' dir='ltr'><strong>suis,</strong></span> <span class='ocrx_word' id='word_1_88' title='bbox 484 1637 530 1686; x_wconf 81' lang='lat' dir='ltr'><strong>ex</strong></span> <span class='ocrx_word' id='word_1_89' title='bbox 545 1624 639 1685; x_wconf 90' lang='lat' dir='ltr'><strong>certa</strong></span> <span class='ocrx_word' id='word_1_90' title='bbox 652 1613 813 1696; x_wconf 91' lang='lat' dir='ltr'><strong>scientia,</strong></span> <span class='ocrx_word' id='word_1_91' title='bbox 825 1612 870 1683; x_wconf 89' lang='lat' dir='ltr'><strong>de</strong></span> <span class='ocrx_word' id='word_1_92' title='bbox 885 1611 995 1704; x_wconf 82' lang='lat' dir='ltr'><strong>gratia</strong></span> <span class='ocrx_word' id='word_1_93' title='bbox 1013 1610 1154 1704; x_wconf 89' lang='lat' dir='ltr'><strong>speciali</strong></span> <span class='ocrx_word' id='word_1_94' title='bbox 1172 1624 1441 1703; x_wconf 88' lang='lat' dir='ltr'><strong>compensantes</strong></span> <span class='ocrx_word' id='word_1_95' title='bbox 1456 1614 1522 1685; x_wconf 87' lang='lat' dir='ltr'><strong>sibi</strong></span> <span class='ocrx_word' id='word_1_96' title='bbox 1541 1615 1576 1685; x_wconf 92' lang='lat' dir='ltr'><strong>in</strong></span> <span class='ocrx_word' id='word_1_97' title='bbox 1589 1628 1686 1709; x_wconf 89' lang='lat' dir='ltr'><strong>parte</strong></span> 
     </span>
     <span class='ocr_line' id='line_1_11' title="bbox 257 1706 1685 1805; baseline 0.003 -24"><span class='ocrx_word' id='word_1_98' title='bbox 257 1732 382 1804; x_wconf 88' lang='lat' dir='ltr'><strong>penam</strong></span> <span class='ocrx_word' id='word_1_99' title='bbox 404 1712 559 1804; x_wconf 90' lang='lat' dir='ltr'><strong>preteriti</strong></span> <span class='ocrx_word' id='word_1_100' title='bbox 581 1712 748 1805; x_wconf 90' lang='lat' dir='ltr'><strong>temporis</strong></span> <span class='ocrx_word' id='word_1_101' title='bbox 768 1710 967 1803; x_wconf 81' lang='lat' dir='ltr'><strong>profuturo</strong></span> <span class='ocrx_word' id='word_1_102' title='bbox 988 1708 1060 1798; x_wconf 84' lang='lat' dir='ltr'><strong>(oet</strong></span> <span class='ocrx_word' id='word_1_103' title='bbox 1074 1708 1124 1779; x_wconf 84' lang='lat' dir='ltr'><strong>sic</strong></span> <span class='ocrx_word' id='word_1_104' title='bbox 1141 1707 1179 1777; x_wconf 82' lang='lat' dir='ltr'><strong>in</strong></span> <span class='ocrx_word' id='word_1_105' title='bbox 1199 1706 1269 1778; x_wconf 85' lang='lat' dir='ltr'><strong>olio</strong></span> <span class='ocrx_word' id='word_1_106' title='bbox 1288 1730 1372 1780; x_wconf 82' lang='lat' dir='ltr'><strong>costr</strong></span> <span class='ocrx_word' id='word_1_107' title='bbox 1389 1734 1400 1778; x_wconf 93' lang='lat'><em>:</em></span> <span class='ocrx_word' id='word_1_108' title='bbox 1423 1712 1685 1785; x_wconf 89' lang='lat' dir='ltr'><strong>considerantes</strong></span> 
     </span>
     <span class='ocr_line' id='line_1_12' title="bbox 256 1805 1682 1903; baseline 0.001 -25"><span class='ocrx_word' id='word_1_109' title='bbox 256 1821 372 1879; x_wconf 90' lang='lat' dir='ltr'><strong>autem</strong></span> <span class='ocrx_word' id='word_1_110' title='bbox 394 1810 488 1900; x_wconf 91' lang='lat' dir='ltr'><strong>qnod</strong></span> <span class='ocrx_word' id='word_1_111' title='bbox 510 1832 572 1903; x_wconf 91' lang='lat' dir='ltr'><strong>per</strong></span> <span class='ocrx_word' id='word_1_112' title='bbox 589 1809 796 1880; x_wconf 90' lang='lat' dir='ltr'><strong>industriam</strong></span> <span class='ocrx_word' id='word_1_113' title='bbox 817 1819 852 1878; x_wconf 93' lang='lat' dir='ltr'><strong>et</strong></span> <span class='ocrx_word' id='word_1_114' title='bbox 870 1806 1142 1877; x_wconf 88' lang='lat' dir='ltr'><strong>sollicitudinem</strong></span> <span class='ocrx_word' id='word_1_115' title='bbox 1162 1817 1198 1876; x_wconf 89' lang='lat' dir='ltr'><strong>et</strong></span> <span class='ocrx_word' id='word_1_116' title='bbox 1213 1805 1367 1877; x_wconf 90' lang='lat' dir='ltr'><strong>laborem</strong></span> <span class='ocrx_word' id='word_1_117' title='bbox 1385 1810 1530 1900; x_wconf 87' lang='lat' dir='ltr'><strong>predicti</strong></span> <span class='ocrx_word' id='word_1_118' title='bbox 1548 1809 1626 1881; x_wconf 91' lang='lat' dir='ltr'><strong>talis</strong></span> <span class='ocrx_word' id='word_1_119' title='bbox 1641 1811 1682 1880; x_wconf 92' lang='lat' dir='ltr'><strong>N.</strong></span> 
     </span>
     <span class='ocr_line' id='line_1_13' title="bbox 207 1903 1685 2000; baseline 0.003 -25"><span class='ocrx_word' id='word_1_120' title='bbox 207 1928 210 1933; x_wconf 85' lang='lat'><strong>·</strong></span> <span class='ocrx_word' id='word_1_121' title='bbox 257 1906 398 1976; x_wconf 87' lang='lat' dir='ltr'><strong>luerunt</strong></span> <span class='ocrx_word' id='word_1_122' title='bbox 424 1909 514 2000; x_wconf 92' lang='lat' dir='ltr'><strong>capti</strong></span> <span class='ocrx_word' id='word_1_123' title='bbox 538 1917 573 1978; x_wconf 89' lang='lat' dir='ltr'><strong>et</strong></span> <span class='ocrx_word' id='word_1_124' title='bbox 601 1905 811 1999; x_wconf 89' lang='lat' dir='ltr'><strong>deprehensi</strong></span> <span class='ocrx_word' id='word_1_125' title='bbox 839 1904 1011 1996; x_wconf 91' lang='lat' dir='ltr'><strong>nobisque</strong></span> <span class='ocrx_word' id='word_1_126' title='bbox 1036 1904 1162 1975; x_wconf 87' lang='lat' dir='ltr'><strong>redditi</strong></span> <span class='ocrx_word' id='word_1_127' title='bbox 1188 1903 1259 1974; x_wconf 91' lang='lat' dir='ltr'><strong>duo</strong></span> <span class='ocrx_word' id='word_1_128' title='bbox 1285 1905 1427 1997; x_wconf 88' lang='lat' dir='ltr'><strong>perlecti</strong></span> <span class='ocrx_word' id='word_1_129' title='bbox 1452 1906 1595 1978; x_wconf 90' lang='lat' dir='ltr'><strong>heretici</strong></span> <span class='ocrx_word' id='word_1_130' title='bbox 1622 1931 1685 1980; x_wconf 91' lang='lat' dir='ltr'><strong>seu</strong></span> 
     </span>
     <span class='ocr_line' id='line_1_14' title="bbox 256 1999 1683 2096; baseline 0.004 -24"><span class='ocrx_word' id='word_1_131' title='bbox 256 2002 469 2088; x_wconf 89' lang='lat' dir='ltr'><strong>Valdenses,</strong></span> <span class='ocrx_word' id='word_1_132' title='bbox 490 2004 657 2079; x_wconf 87' lang='lat' dir='ltr'><strong>videlicet</strong></span> <span class='ocrx_word' id='word_1_133' title='bbox 676 2004 753 2074; x_wconf 89' lang='lat' dir='ltr'><strong>talis</strong></span> <span class='ocrx_word' id='word_1_134' title='bbox 772 2014 808 2075; x_wconf 89' lang='lat' dir='ltr'><strong>et</strong></span> <span class='ocrx_word' id='word_1_135' title='bbox 827 2001 904 2072; x_wconf 90' lang='lat' dir='ltr'><strong>talis</strong></span> <span class='ocrx_word' id='word_1_136' title='bbox 918 1999 1221 2096; x_wconf 75' lang='lat' dir='ltr'><strong>(exprimantur),</strong></span> <span class='ocrx_word' id='word_1_137' title='bbox 1239 2002 1415 2094; x_wconf 90' lang='lat' dir='ltr'><strong>parcimus</strong></span> <span class='ocrx_word' id='word_1_138' title='bbox 1433 2004 1547 2075; x_wconf 88' lang='lat' dir='ltr'><strong>eidem</strong></span> <span class='ocrx_word' id='word_1_139' title='bbox 1567 2006 1625 2075; x_wconf 89' lang='lat' dir='ltr'><strong>tali</strong></span> <span class='ocrx_word' id='word_1_140' title='bbox 1641 2007 1683 2078; x_wconf 92' lang='lat' dir='ltr'><strong>N.</strong></span> 
     </span>
     <span class='ocr_line' id='line_1_15' title="bbox 257 2100 1685 2195; baseline 0.003 -24"><span class='ocrx_word' id='word_1_141' title='bbox 257 2111 291 2171; x_wconf 87' lang='lat' dir='ltr'><strong>et</strong></span> <span class='ocrx_word' id='word_1_142' title='bbox 317 2122 382 2172; x_wconf 89' lang='lat' dir='ltr'><strong>sue</strong></span> <span class='ocrx_word' id='word_1_143' title='bbox 409 2102 573 2194; x_wconf 80' lang='lat' dir='ltr'><strong>conjugi,</strong></span> <span class='ocrx_word' id='word_1_144' title='bbox 605 2112 747 2195; x_wconf 89' lang='lat' dir='ltr'><strong>propter</strong></span> <span class='ocrx_word' id='word_1_145' title='bbox 768 2100 905 2194; x_wconf 90' lang='lat' dir='ltr'><strong>ipsum,</strong></span> <span class='ocrx_word' id='word_1_146' title='bbox 936 2121 981 2171; x_wconf 85' lang='lat' dir='ltr'><strong>err</strong></span> <span class='ocrx_word' id='word_1_147' title='bbox 1007 2109 1101 2170; x_wconf 86' lang='lat' dir='ltr'><strong>certa</strong></span> <span class='ocrx_word' id='word_1_148' title='bbox 1121 2100 1288 2186; x_wconf 88' lang='lat' dir='ltr'><strong>scientia,</strong></span> <span class='ocrx_word' id='word_1_149' title='bbox 1318 2121 1337 2170; x_wconf 94' lang='lat' dir='ltr'><strong>a</strong></span> <span class='ocrx_word' id='word_1_150' title='bbox 1360 2101 1555 2193; x_wconf 91' lang='lat' dir='ltr'><strong>perditione</strong></span> <span class='ocrx_word' id='word_1_151' title='bbox 1575 2102 1685 2175; x_wconf 92' lang='lat' dir='ltr'><strong>bono·</strong></span> 
     </span>
     <span class='ocr_line' id='line_1_16' title="bbox 256 2197 1683 2290; baseline 0.004 -24"><span class='ocrx_word' id='word_1_152' title='bbox 256 2217 332 2267; x_wconf 88' lang='lat' dir='ltr'><strong>rnm</strong></span> <span class='ocrx_word' id='word_1_153' title='bbox 360 2220 505 2270; x_wconf 86' lang='lat' dir='ltr'><strong>suorum</strong></span> <span class='ocrx_word' id='word_1_154' title='bbox 534 2211 569 2271; x_wconf 96' lang='lat' dir='ltr'><strong>et</strong></span> <span class='ocrx_word' id='word_1_155' title='bbox 600 2199 644 2270; x_wconf 94' lang='lat' dir='ltr'><strong>ab</strong></span> <span class='ocrx_word' id='word_1_156' title='bbox 673 2198 837 2268; x_wconf 92' lang='lat' dir='ltr'><strong>omnibus</strong></span> <span class='ocrx_word' id='word_1_157' title='bbox 864 2197 942 2267; x_wconf 91' lang='lat' dir='ltr'><strong>aliis</strong></span> <span class='ocrx_word' id='word_1_158' title='bbox 971 2197 1073 2290; x_wconf 91' lang='lat' dir='ltr'><strong>penis</strong></span> <span class='ocrx_word' id='word_1_159' title='bbox 1101 2207 1135 2267; x_wconf 90' lang='lat' dir='ltr'><strong>et</strong></span> <span class='ocrx_word' id='word_1_160' title='bbox 1164 2198 1366 2289; x_wconf 87' lang='lat' dir='ltr'><strong>penitentiis</strong></span> <span class='ocrx_word' id='word_1_161' title='bbox 1394 2199 1683 2290; x_wconf 90' lang='lat' dir='ltr'><strong>conlusibilibus,</strong></span> 
     </span>
     <span class='ocr_line' id='line_1_17' title="bbox 257 2294 1686 2390; baseline 0.003 -25"><span class='ocrx_word' id='word_1_162' title='bbox 257 2315 387 2388; x_wconf 87' lang='lat' dir='ltr'><strong>easque</strong></span> <span class='ocrx_word' id='word_1_163' title='bbox 412 2297 479 2368; x_wconf 90' lang='lat' dir='ltr'><strong>sibi</strong></span> <span class='ocrx_word' id='word_1_164' title='bbox 508 2297 718 2367; x_wconf 87' lang='lat' dir='ltr'><strong>remittimus</strong></span> <span class='ocrx_word' id='word_1_165' title='bbox 745 2316 790 2367; x_wconf 83' lang='lat' dir='ltr'><strong>ex</strong></span> <span class='ocrx_word' id='word_1_166' title='bbox 816 2294 1053 2367; x_wconf 88' lang='lat' dir='ltr'><strong>misericordia</strong></span> <span class='ocrx_word' id='word_1_167' title='bbox 1080 2306 1114 2364; x_wconf 89' lang='lat' dir='ltr'><strong>et</strong></span> <span class='ocrx_word' id='word_1_168' title='bbox 1139 2316 1185 2365; x_wconf 86' lang='lat' dir='ltr'><strong>ex</strong></span> <span class='ocrx_word' id='word_1_169' title='bbox 1208 2295 1318 2385; x_wconf 83' lang='lat' dir='ltr'><strong>gratia</strong></span> <span class='ocrx_word' id='word_1_170' title='bbox 1343 2296 1408 2366; x_wconf 89' lang='lat' dir='ltr'><strong>sibi</strong></span> <span class='ocrx_word' id='word_1_171' title='bbox 1434 2309 1515 2368; x_wconf 88' lang='lat' dir='ltr'><strong>ante</strong></span> <span class='ocrx_word' id='word_1_172' title='bbox 1540 2319 1602 2390; x_wconf 93' lang='lat' dir='ltr'><strong>per</strong></span> <span class='ocrx_word' id='word_1_173' title='bbox 1622 2321 1686 2369; x_wconf 89' lang='lat' dir='ltr'><strong>nos</strong></span> 
     </span>
     <span class='ocr_line' id='line_1_18' title="bbox 257 2391 1683 2488; baseline 0.004 -27"><span class='ocrx_word' id='word_1_174' title='bbox 257 2394 434 2484; x_wconf 89' lang='lat' dir='ltr'><strong>promissa</strong></span> <span class='ocrx_word' id='word_1_175' title='bbox 454 2395 482 2465; x_wconf 92' lang='lat' dir='ltr'><strong>si</strong></span> <span class='ocrx_word' id='word_1_176' title='bbox 508 2394 680 2466; x_wconf 86' lang='lat' dir='ltr'><strong>hereticos</strong></span> <span class='ocrx_word' id='word_1_177' title='bbox 699 2416 762 2464; x_wconf 89' lang='lat' dir='ltr'><strong>sen</strong></span> <span class='ocrx_word' id='word_1_178' title='bbox 782 2391 975 2463; x_wconf 91' lang='lat' dir='ltr'><strong>Valdenses</strong></span> <span class='ocrx_word' id='word_1_179' title='bbox 995 2391 1096 2462; x_wconf 92' lang='lat' dir='ltr'><strong>uobis</strong></span> <span class='ocrx_word' id='word_1_180' title='bbox 1115 2391 1288 2463; x_wconf 81' lang='lat' dir='ltr'><strong>revelaret</strong></span> <span class='ocrx_word' id='word_1_181' title='bbox 1307 2404 1366 2461; x_wconf 88' lang='lat' dir='ltr'><strong>aut</strong></span> <span class='ocrx_word' id='word_1_182' title='bbox 1384 2394 1569 2479; x_wconf 89' lang='lat' dir='ltr'><strong>redderet,</strong></span> <span class='ocrx_word' id='word_1_183' title='bbox 1590 2397 1683 2488; x_wconf 92' lang='lat' dir='ltr'><strong>quod</strong></span> 
     </span>
     <span class='ocr_line' id='line_1_19' title="bbox 257 2486 1682 2591; baseline 0.005 -33"><span class='ocrx_word' id='word_1_184' title='bbox 257 2488 332 2583; x_wconf 90' lang='lat' dir='ltr'><strong>ipse</strong></span> <span class='ocrx_word' id='word_1_185' title='bbox 361 2493 452 2562; x_wconf 90' lang='lat' dir='ltr'><strong>sicut</strong></span> <span class='ocrx_word' id='word_1_186' title='bbox 473 2492 685 2584; x_wconf 87' lang='lat' dir='ltr'><strong>premittitur</strong></span> <span class='ocrx_word' id='word_1_187' title='bbox 702 2511 810 2585; x_wconf 90' lang='lat' dir='ltr'><strong>opere</strong></span> <span class='ocrx_word' id='word_1_188' title='bbox 833 2489 1062 2582; x_wconf 83' lang='lat' dir='ltr'><strong>adimplevit3</strong></span> <span class='ocrx_word' id='word_1_189' title='bbox 1088 2489 1210 2561; x_wconf 84' lang='lat' dir='ltr'><strong>celsio</strong></span> <span class='ocrx_word' id='word_1_190' title='bbox 1233 2489 1273 2559; x_wconf 80' lang='lat' dir='ltr'><strong>io</strong></span> <span class='ocrx_word' id='word_1_191' title='bbox 1291 2489 1362 2560; x_wconf 81' lang='lat' dir='ltr'><strong>olio</strong></span> <span class='ocrx_word' id='word_1_192' title='bbox 1384 2486 1529 2588; x_wconf 67' lang='lat' dir='ltr'><strong>costril⁰</strong></span> <span class='ocrx_word' id='word_1_193' title='bbox 1547 2489 1594 2565; x_wconf 75' lang='lat' dir='ltr'><strong>al</strong></span> <span class='ocrx_word' id='word_1_194' title='bbox 1615 2490 1650 2591; x_wconf 92' lang='lat' dir='ltr'><strong>b]</strong></span> <span class='ocrx_word' id='word_1_195' title='bbox 1675 2522 1682 2565; x_wconf 94' lang='lat'>:</span> 
     </span>
     <span class='ocr_line' id='line_1_20' title="bbox 257 2587 1686 2681; baseline 0.004 -24"><span class='ocrx_word' id='word_1_196' title='bbox 257 2588 524 2660; x_wconf 90' lang='lat' dir='ltr'><strong>considerantes</strong></span> <span class='ocrx_word' id='word_1_197' title='bbox 552 2601 669 2660; x_wconf 88' lang='lat' dir='ltr'><strong>autem</strong></span> <span class='ocrx_word' id='word_1_198' title='bbox 696 2587 790 2681; x_wconf 91' lang='lat' dir='ltr'><strong>qnod</strong></span> <span class='ocrx_word' id='word_1_199' title='bbox 820 2587 933 2657; x_wconf 89' lang='lat' dir='ltr'><strong>dictus</strong></span> <span class='ocrx_word' id='word_1_200' title='bbox 961 2588 1038 2657; x_wconf 89' lang='lat' dir='ltr'><strong>talis</strong></span> <span class='ocrx_word' id='word_1_201' title='bbox 1066 2588 1107 2657; x_wconf 95' lang='lat' dir='ltr'><strong>N.</strong></span> <span class='ocrx_word' id='word_1_202' title='bbox 1141 2587 1177 2656; x_wconf 93' lang='lat' dir='ltr'><strong>in</strong></span> <span class='ocrx_word' id='word_1_203' title='bbox 1206 2609 1307 2659; x_wconf 90' lang='lat' dir='ltr'><strong>muro</strong></span> <span class='ocrx_word' id='word_1_204' title='bbox 1335 2587 1499 2660; x_wconf 87' lang='lat' dir='ltr'><strong>detentus</strong></span> <span class='ocrx_word' id='word_1_205' title='bbox 1529 2591 1686 2663; x_wconf 88' lang='lat' dir='ltr'><strong>existens</strong></span> 
     </span>
     <span class='ocr_line' id='line_1_21' title="bbox 258 2685 1685 2780; baseline 0.004 -26"><span class='ocrx_word' id='word_1_206' title='bbox 258 2685 361 2756; x_wconf 87' lang='lat' dir='ltr'><strong>talem</strong></span> <span class='ocrx_word' id='word_1_207' title='bbox 382 2687 575 2758; x_wconf 91' lang='lat' dir='ltr'><strong>hereticum</strong></span> <span class='ocrx_word' id='word_1_208' title='bbox 597 2687 785 2772; x_wconf 88' lang='lat' dir='ltr'><strong>revelavit,</strong></span> <span class='ocrx_word' id='word_1_209' title='bbox 805 2705 943 2756; x_wconf 88' lang='lat' dir='ltr'><strong>necnon</strong></span> <span class='ocrx_word' id='word_1_210' title='bbox 966 2695 1149 2756; x_wconf 90' lang='lat' dir='ltr'><strong>tractatum</strong></span> <span class='ocrx_word' id='word_1_211' title='bbox 1169 2686 1350 2776; x_wconf 88' lang='lat' dir='ltr'><strong>cujusdam</strong></span> <span class='ocrx_word' id='word_1_212' title='bbox 1372 2687 1417 2757; x_wconf 94' lang='lat' dir='ltr'><strong>de</strong></span> <span class='ocrx_word' id='word_1_213' title='bbox 1437 2699 1548 2757; x_wconf 88' lang='lat' dir='ltr'><strong>morte</strong></span> <span class='ocrx_word' id='word_1_214' title='bbox 1568 2687 1685 2780; x_wconf 90' lang='lat' dir='ltr'><strong>iuqui-</strong></span> 
     </span>
     <span class='ocr_line' id='line_1_22' title="bbox 256 2781 1685 2878; baseline 0.004 -28"><span class='ocrx_word' id='word_1_215' title='bbox 256 2781 376 2854; x_wconf 88' lang='lat' dir='ltr'><strong>sitoris</strong></span> <span class='ocrx_word' id='word_1_216' title='bbox 397 2785 606 2877; x_wconf 89' lang='lat' dir='ltr'><strong>tempestive</strong></span> <span class='ocrx_word' id='word_1_217' title='bbox 623 2798 659 2854; x_wconf 93' lang='lat' dir='ltr'><strong>et</strong></span> <span class='ocrx_word' id='word_1_218' title='bbox 678 2782 825 2878; x_wconf 87' lang='lat' dir='ltr'><strong>provide</strong></span> <span class='ocrx_word' id='word_1_219' title='bbox 844 2781 1042 2874; x_wconf 81' lang='lat' dir='ltr'><strong>siguificare</strong></span> <span class='ocrx_word' id='word_1_220' title='bbox 1061 2783 1210 2867; x_wconf 90' lang='lat' dir='ltr'><strong>curavit,</strong></span> <span class='ocrx_word' id='word_1_221' title='bbox 1225 2795 1261 2853; x_wconf 90' lang='lat' dir='ltr'><strong>et</strong></span> <span class='ocrx_word' id='word_1_222' title='bbox 1279 2794 1448 2875; x_wconf 91' lang='lat' dir='ltr'><strong>quantum</strong></span> <span class='ocrx_word' id='word_1_223' title='bbox 1470 2785 1504 2854; x_wconf 90' lang='lat' dir='ltr'><strong>in</strong></span> <span class='ocrx_word' id='word_1_224' title='bbox 1525 2786 1602 2878; x_wconf 89' lang='lat' dir='ltr'><strong>ipso</strong></span> <span class='ocrx_word' id='word_1_225' title='bbox 1621 2788 1685 2857; x_wconf 88' lang='lat' dir='ltr'><strong>luit</strong></span> 
     </span>
     <span class='ocr_line' id='line_1_23' title="bbox 255 2880 1683 2976; baseline 0.006 -29"><span class='ocrx_word' id='word_1_226' title='bbox 255 2880 414 2972; x_wconf 92' lang='lat' dir='ltr'><strong>periculo</strong></span> <span class='ocrx_word' id='word_1_227' title='bbox 442 2881 537 2975; x_wconf 93' lang='lat' dir='ltr'><strong>quod</strong></span> <span class='ocrx_word' id='word_1_228' title='bbox 560 2880 720 2953; x_wconf 89' lang='lat' dir='ltr'><strong>accidere</strong></span> <span class='ocrx_word' id='word_1_229' title='bbox 744 2891 880 2973; x_wconf 89' lang='lat' dir='ltr'><strong>poterat</strong></span> <span class='ocrx_word' id='word_1_230' title='bbox 899 2880 1080 2967; x_wconf 88' lang='lat' dir='ltr'><strong>obviavit;</strong></span> <span class='ocrx_word' id='word_1_231' title='bbox 1101 2881 1323 2951; x_wconf 89' lang='lat' dir='ltr'><strong>attendentes</strong></span> <span class='ocrx_word' id='word_1_232' title='bbox 1343 2883 1485 2976; x_wconf 91' lang='lat' dir='ltr'><strong>iusuper</strong></span> <span class='ocrx_word' id='word_1_233' title='bbox 1504 2883 1599 2974; x_wconf 93' lang='lat' dir='ltr'><strong>quod</strong></span> <span class='ocrx_word' id='word_1_234' title='bbox 1619 2883 1683 2955; x_wconf 88' lang='lat' dir='ltr'><strong>de·</strong></span> 
     </span>
     <span class='ocr_line' id='line_1_24' title="bbox 257 2977 1684 3071; baseline 0.004 -25"><span class='ocrx_word' id='word_1_235' title='bbox 257 2984 373 3051; x_wconf 87' lang='lat' dir='ltr'><strong>lentus</strong></span> <span class='ocrx_word' id='word_1_236' title='bbox 397 2980 433 3049; x_wconf 93' lang='lat' dir='ltr'><strong>in</strong></span> <span class='ocrx_word' id='word_1_237' title='bbox 459 3001 561 3050; x_wconf 92' lang='lat' dir='ltr'><strong>muro</strong></span> <span class='ocrx_word' id='word_1_238' title='bbox 587 2978 705 3049; x_wconf 92' lang='lat' dir='ltr'><strong>multis</strong></span> <span class='ocrx_word' id='word_1_239' title='bbox 724 2977 827 3049; x_wconf 91' lang='lat' dir='ltr'><strong>annis</strong></span> <span class='ocrx_word' id='word_1_240' title='bbox 845 2977 1012 3048; x_wconf 88' lang='lat' dir='ltr'><strong>sustinuit</strong></span> <span class='ocrx_word' id='word_1_241' title='bbox 1032 2978 1229 3071; x_wconf 84' lang='lat' dir='ltr'><strong>pacienter,</strong></span> <span class='ocrx_word' id='word_1_242' title='bbox 1252 2978 1297 3049; x_wconf 89' lang='lat' dir='ltr'><strong>de</strong></span> <span class='ocrx_word' id='word_1_243' title='bbox 1324 2981 1472 3050; x_wconf 92' lang='lat' dir='ltr'><strong>consilio</strong></span> <span class='ocrx_word' id='word_1_244' title='bbox 1496 2981 1684 3051; x_wconf 91' lang='lat' dir='ltr'><strong>multorum</strong></span> 
     </span>
     <span class='ocr_line' id='line_1_25' title="bbox 255 3071 1686 3171; baseline 0.003 -27"><span class='ocrx_word' id='word_1_245' title='bbox 255 3071 430 3147; x_wconf 88' lang='lat' dir='ltr'><strong>honorum</strong></span> <span class='ocrx_word' id='word_1_246' title='bbox 452 3077 645 3170; x_wconf 88' lang='lat' dir='ltr'><strong>peritorum</strong></span> <span class='ocrx_word' id='word_1_247' title='bbox 672 3076 849 3160; x_wconf 90' lang='lat' dir='ltr'><strong>virorum,</strong></span> <span class='ocrx_word' id='word_1_248' title='bbox 872 3075 1046 3169; x_wconf 89' lang='lat' dir='ltr'><strong>parcimus</strong></span> <span class='ocrx_word' id='word_1_249' title='bbox 1071 3075 1185 3147; x_wconf 89' lang='lat' dir='ltr'><strong>eidem</strong></span> <span class='ocrx_word' id='word_1_250' title='bbox 1206 3075 1247 3144; x_wconf 91' lang='lat' dir='ltr'><strong>N.</strong></span> <span class='ocrx_word' id='word_1_251' title='bbox 1270 3087 1305 3146; x_wconf 92' lang='lat' dir='ltr'><strong>et</strong></span> <span class='ocrx_word' id='word_1_252' title='bbox 1330 3077 1430 3148; x_wconf 86' lang='lat' dir='ltr'><strong>uxori</strong></span> <span class='ocrx_word' id='word_1_253' title='bbox 1456 3099 1519 3148; x_wconf 90' lang='lat' dir='ltr'><strong>sue</strong></span> <span class='ocrx_word' id='word_1_254' title='bbox 1544 3088 1686 3171; x_wconf 83' lang='lat' dir='ltr'><strong>propter</strong></span> 
     </span>
     <span class='ocr_line' id='line_1_26' title="bbox 256 3172 1684 3268; baseline 0.004 -27"><span class='ocrx_word' id='word_1_255' title='bbox 256 3191 352 3258; x_wconf 89' lang='lat' dir='ltr'><strong>eum,</strong></span> <span class='ocrx_word' id='word_1_256' title='bbox 372 3195 413 3245; x_wconf 90' lang='lat' dir='ltr'><strong>ac</strong></span> <span class='ocrx_word' id='word_1_257' title='bbox 433 3174 645 3245; x_wconf 89' lang='lat' dir='ltr'><strong>remittimus</strong></span> <span class='ocrx_word' id='word_1_258' title='bbox 658 3193 782 3267; x_wconf 87' lang='lat' dir='ltr'><strong>penam</strong></span> <span class='ocrx_word' id='word_1_259' title='bbox 797 3173 968 3267; x_wconf 87' lang='lat' dir='ltr'><strong>relapsus,</strong></span> <span class='ocrx_word' id='word_1_260' title='bbox 984 3184 1019 3243; x_wconf 93' lang='lat' dir='ltr'><strong>et</strong></span> <span class='ocrx_word' id='word_1_261' title='bbox 1036 3172 1305 3258; x_wconf 90' lang='lat' dir='ltr'><strong>immurationis‚</strong></span> <span class='ocrx_word' id='word_1_262' title='bbox 1322 3195 1363 3244; x_wconf 91' lang='lat' dir='ltr'><strong>ac</strong></span> <span class='ocrx_word' id='word_1_263' title='bbox 1380 3175 1601 3268; x_wconf 84' lang='lat' dir='ltr'><strong>perditionis,</strong></span> <span class='ocrx_word' id='word_1_264' title='bbox 1622 3197 1684 3246; x_wconf 89' lang='lat' dir='ltr'><strong>sen</strong></span> 
     </span>
     <span class='ocr_line' id='line_1_27' title="bbox 255 3269 1685 3357; baseline 0.004 -19"><span class='ocrx_word' id='word_1_265' title='bbox 255 3269 516 3343; x_wconf 89' lang='lat' dir='ltr'><strong>confiscationis</strong></span> <span class='ocrx_word' id='word_1_266' title='bbox 535 3272 708 3343; x_wconf 90' lang='lat' dir='ltr'><strong>bonorum</strong></span> <span class='ocrx_word' id='word_1_267' title='bbox 729 3292 773 3342; x_wconf 86' lang='lat' dir='ltr'><strong>ex</strong></span> <span class='ocrx_word' id='word_1_268' title='bbox 797 3281 890 3340; x_wconf 85' lang='lat' dir='ltr'><strong>certa</strong></span> <span class='ocrx_word' id='word_1_269' title='bbox 911 3270 1055 3341; x_wconf 90' lang='lat' dir='ltr'><strong>scientia</strong></span> <span class='ocrx_word' id='word_1_270' title='bbox 1077 3281 1112 3340; x_wconf 91' lang='lat' dir='ltr'><strong>et</strong></span> <span class='ocrx_word' id='word_1_271' title='bbox 1136 3292 1181 3341; x_wconf 86' lang='lat' dir='ltr'><strong>ex</strong></span> <span class='ocrx_word' id='word_1_272' title='bbox 1202 3271 1462 3357; x_wconf 88' lang='lat' dir='ltr'><strong>misericordia,</strong></span> <span class='ocrx_word' id='word_1_273' title='bbox 1484 3294 1618 3346; x_wconf 88' lang='lat' dir='ltr'><strong>necnon</strong></span> <span class='ocrx_word' id='word_1_274' title='bbox 1640 3296 1685 3345; x_wconf 85' lang='lat' dir='ltr'><strong>ex</strong></span> 
     </span>
     <span class='ocr_line' id='line_1_28' title="bbox 255 3367 1689 3465; baseline 0.003 -28"><span class='ocrx_word' id='word_1_275' title='bbox 255 3368 365 3459; x_wconf 78' lang='lat' dir='ltr'><strong>gratia</strong></span> <span class='ocrx_word' id='word_1_276' title='bbox 384 3381 488 3440; x_wconf 86' lang='lat' dir='ltr'><strong>antea</strong></span> <span class='ocrx_word' id='word_1_277' title='bbox 509 3370 624 3440; x_wconf 90' lang='lat' dir='ltr'><strong>eidem</strong></span> <span class='ocrx_word' id='word_1_278' title='bbox 648 3368 705 3438; x_wconf 91' lang='lat' dir='ltr'><strong>tali</strong></span> <span class='ocrx_word' id='word_1_279' title='bbox 718 3368 760 3437; x_wconf 93' lang='lat' dir='ltr'><strong>N.</strong></span> <span class='ocrx_word' id='word_1_280' title='bbox 784 3367 969 3461; x_wconf 89' lang='lat' dir='ltr'><strong>promissa,</strong></span> <span class='ocrx_word' id='word_1_281' title='bbox 989 3368 1018 3437; x_wconf 91' lang='lat' dir='ltr'><strong>si</strong></span> <span class='ocrx_word' id='word_1_282' title='bbox 1035 3368 1188 3460; x_wconf 88' lang='lat' dir='ltr'><strong>aliquem</strong></span> <span class='ocrx_word' id='word_1_283' title='bbox 1211 3367 1403 3439; x_wconf 89' lang='lat' dir='ltr'><strong>hereticum</strong></span> <span class='ocrx_word' id='word_1_284' title='bbox 1421 3371 1595 3441; x_wconf 77' lang='lat' dir='ltr'><strong>revelaret</strong></span> <span class='ocrx_word' id='word_1_285' title='bbox 1615 3369 1689 3465; x_wconf 83' lang='lat' dir='ltr'><strong>(ool</strong></span> 
     </span>
     <span class='ocr_line' id='line_1_29' title="bbox 255 3462 1685 3561; baseline 0.003 -26"><span class='ocrx_word' id='word_1_286' title='bbox 255 3464 304 3536; x_wconf 83' lang='lat' dir='ltr'><strong>sic</strong></span> <span class='ocrx_word' id='word_1_287' title='bbox 330 3473 502 3560; x_wconf 80' lang='lat' dir='ltr'><strong>quantum</strong></span> <span class='ocrx_word' id='word_1_288' title='bbox 523 3466 574 3538; x_wconf 88' lang='lat' dir='ltr'><strong>od</strong></span> <span class='ocrx_word' id='word_1_289' title='bbox 596 3472 749 3538; x_wconf 71' lang='lat' dir='ltr'><strong>onorem</strong></span> <span class='ocrx_word' id='word_1_290' title='bbox 774 3464 922 3557; x_wconf 81' lang='lat' dir='ltr'><strong>predicti</strong></span> <span class='ocrx_word' id='word_1_291' title='bbox 947 3462 1099 3536; x_wconf 82' lang='lat' dir='ltr'><strong>tolisN.</strong></span> <span class='ocrx_word' id='word_1_292' title='bbox 1123 3466 1418 3537; x_wconf 88' lang='lat' dir='ltr'><strong>:considerantes</strong></span> <span class='ocrx_word' id='word_1_293' title='bbox 1444 3478 1560 3537; x_wconf 88' lang='lat' dir='ltr'><strong>autem</strong></span> <span class='ocrx_word' id='word_1_294' title='bbox 1589 3470 1685 3561; x_wconf 93' lang='lat' dir='ltr'><strong>quod</strong></span> 
     </span>
     <span class='ocr_line' id='line_1_30' title="bbox 257 3561 1685 3660; baseline 0.003 -28"><span class='ocrx_word' id='word_1_295' title='bbox 257 3562 334 3633; x_wconf 87' lang='lat' dir='ltr'><strong>talis</strong></span> <span class='ocrx_word' id='word_1_296' title='bbox 354 3563 395 3633; x_wconf 94' lang='lat' dir='ltr'><strong>N.</strong></span> <span class='ocrx_word' id='word_1_297' title='bbox 417 3565 474 3634; x_wconf 85' lang='lat' dir='ltr'><strong>vir</strong></span> <span class='ocrx_word' id='word_1_298' title='bbox 499 3585 586 3635; x_wconf 91' lang='lat' dir='ltr'><strong>suus</strong></span> <span class='ocrx_word' id='word_1_299' title='bbox 605 3563 794 3657; x_wconf 90' lang='lat' dir='ltr'><strong>quemdam</strong></span> <span class='ocrx_word' id='word_1_300' title='bbox 813 3561 1007 3633; x_wconf 88' lang='lat' dir='ltr'><strong>hereticum</strong></span> <span class='ocrx_word' id='word_1_301' title='bbox 1032 3563 1225 3649; x_wconf 89' lang='lat' dir='ltr'><strong>revelavit,</strong></span> <span class='ocrx_word' id='word_1_302' title='bbox 1249 3574 1318 3635; x_wconf 91' lang='lat' dir='ltr'><strong>etc.</strong></span> <span class='ocrx_word' id='word_1_303' title='bbox 1343 3562 1559 3658; x_wconf 75' lang='lat' dir='ltr'><strong>(utsupra),</strong></span> <span class='ocrx_word' id='word_1_304' title='bbox 1583 3589 1685 3660; x_wconf 89' lang='lat' dir='ltr'><strong>prop·</strong></span> 
     </span>
     <span class='ocr_line' id='line_1_31' title="bbox 257 3658 1682 3755; baseline 0.003 -25"><span class='ocrx_word' id='word_1_305' title='bbox 257 3667 308 3730; x_wconf 89' lang='lat' dir='ltr'><strong>ter</strong></span> <span class='ocrx_word' id='word_1_306' title='bbox 335 3663 486 3733; x_wconf 92' lang='lat' dir='ltr'><strong>eundem</strong></span> <span class='ocrx_word' id='word_1_307' title='bbox 517 3664 633 3732; x_wconf 93' lang='lat' dir='ltr'><strong>virum</strong></span> <span class='ocrx_word' id='word_1_308' title='bbox 659 3682 784 3748; x_wconf 91' lang='lat' dir='ltr'><strong>suum,</strong></span> <span class='ocrx_word' id='word_1_309' title='bbox 807 3658 863 3730; x_wconf 87' lang='lat' dir='ltr'><strong>vel</strong></span> <span class='ocrx_word' id='word_1_310' title='bbox 883 3660 934 3730; x_wconf 83' lang='lat' dir='ltr'><strong>sic</strong></span> <span class='ocrx_word' id='word_1_311' title='bbox 957 3660 1125 3743; x_wconf 86' lang='lat' dir='ltr'><strong>:,intuitn</strong></span> <span class='ocrx_word' id='word_1_312' title='bbox 1154 3659 1301 3754; x_wconf 90' lang='lat' dir='ltr'><strong>predicti</strong></span> <span class='ocrx_word' id='word_1_313' title='bbox 1334 3661 1401 3731; x_wconf 92' lang='lat' dir='ltr'><strong>viri</strong></span> <span class='ocrx_word' id='word_1_314' title='bbox 1424 3662 1479 3732; x_wconf 92' lang='lat' dir='ltr'><strong>sni</strong></span> <span class='ocrx_word' id='word_1_315' title='bbox 1508 3667 1682 3755; x_wconf 88' lang='lat' dir='ltr'><strong>parcimus</strong></span> 
     </span>
     <span class='ocr_line' id='line_1_32' title="bbox 257 3755 1683 3852; baseline 0.001 -23"><span class='ocrx_word' id='word_1_316' title='bbox 257 3756 369 3829; x_wconf 89' lang='lat' dir='ltr'><strong>eidem</strong></span> <span class='ocrx_word' id='word_1_317' title='bbox 391 3772 425 3832; x_wconf 90' lang='lat' dir='ltr'><strong>et</strong></span> <span class='ocrx_word' id='word_1_318' title='bbox 445 3761 676 3846; x_wconf 89' lang='lat' dir='ltr'><strong>remittimus,</strong></span> <span class='ocrx_word' id='word_1_319' title='bbox 699 3768 791 3852; x_wconf 88' lang='lat' dir='ltr'><strong>etc.,</strong></span> <span class='ocrx_word' id='word_1_320' title='bbox 811 3763 848 3827; x_wconf 84' lang='lat' dir='ltr'><strong>ct</strong></span> <span class='ocrx_word' id='word_1_321' title='bbox 870 3755 1011 3850; x_wconf 80' lang='lat' dir='ltr'><strong>supro.)</strong></span> <span class='ocrx_word' id='word_1_322' title='bbox 1034 3758 1076 3828; x_wconf 90' lang='lat' dir='ltr'><strong>Et</strong></span> <span class='ocrx_word' id='word_1_323' title='bbox 1099 3758 1150 3829; x_wconf 91' lang='lat' dir='ltr'><strong>sic</strong></span> <span class='ocrx_word' id='word_1_324' title='bbox 1173 3758 1218 3829; x_wconf 92' lang='lat' dir='ltr'><strong>de</strong></span> <span class='ocrx_word' id='word_1_325' title='bbox 1242 3759 1484 3831; x_wconf 90' lang='lat' dir='ltr'><strong>consimilibus</strong></span> <span class='ocrx_word' id='word_1_326' title='bbox 1507 3762 1622 3832; x_wconf 89' lang='lat' dir='ltr'><strong>causis</strong></span> <span class='ocrx_word' id='word_1_327' title='bbox 1648 3773 1683 3831; x_wconf 91' lang='lat' dir='ltr'><strong>et</strong></span> 
     </span>
     <span class='ocr_line' id='line_1_33' title="bbox 256 3855 1286 3950; baseline -0.001 -21"><span class='ocrx_word' id='word_1_328' title='bbox 256 3856 396 3929; x_wconf 90' lang='lat' dir='ltr'><strong>casibus</strong></span> <span class='ocrx_word' id='word_1_329' title='bbox 416 3858 476 3950; x_wconf 91' lang='lat' dir='ltr'><strong>qni</strong></span> <span class='ocrx_word' id='word_1_330' title='bbox 497 3856 689 3928; x_wconf 91' lang='lat' dir='ltr'><strong>acciderint</strong></span> <span class='ocrx_word' id='word_1_331' title='bbox 709 3855 837 3949; x_wconf 92' lang='lat' dir='ltr'><strong>poterit</strong></span> <span class='ocrx_word' id='word_1_332' title='bbox 854 3855 1084 3927; x_wconf 87' lang='lat' dir='ltr'><strong>consimiliter</strong></span> <span class='ocrx_word' id='word_1_333' title='bbox 1103 3856 1286 3949; x_wconf 82' lang='lat' dir='ltr'><strong>explicari.</strong></span> 
     </span>
    </p>
   </div>
   <div class='ocr_carea' id='block_1_3' title="bbox 257 4055 1687 4352">
    <p class='ocr_par' dir='ltr' id='par_1_3' title="bbox 257 4055 1687 4352">
     <span class='ocr_line' id='line_1_34' title="bbox 257 4055 1687 4138; baseline -0.001 -16"><span class='ocrx_word' id='word_1_334' title='bbox 257 4059 290 4123; x_wconf 86' lang='grc'><strong>7.</strong></span> <span class='ocrx_word' id='word_1_335' title='bbox 312 4058 447 4122; x_wconf 84' lang='lat' dir='ltr'><strong>Forma</strong></span> <span class='ocrx_word' id='word_1_336' title='bbox 463 4060 618 4138; x_wconf 85' lang='lat' dir='ltr'><strong>quedam</strong></span> <span class='ocrx_word' id='word_1_337' title='bbox 633 4055 807 4138; x_wconf 86' lang='lat' dir='ltr'><strong>specialis</strong></span> <span class='ocrx_word' id='word_1_338' title='bbox 824 4055 1036 4135; x_wconf 88' lang='lat' dir='ltr'><strong>imponendi</strong></span> <span class='ocrx_word' id='word_1_339' title='bbox 1051 4056 1292 4135; x_wconf 86' lang='lat' dir='ltr'><strong>penitentiam</strong></span> <span class='ocrx_word' id='word_1_340' title='bbox 1306 4057 1417 4121; x_wconf 83' lang='lat' dir='ltr'><strong>alicui</strong></span> <span class='ocrx_word' id='word_1_341' title='bbox 1432 4065 1535 4120; x_wconf 84' lang='lat' dir='ltr'><strong>extra</strong></span> <span class='ocrx_word' id='word_1_342' title='bbox 1552 4073 1687 4121; x_wconf 90' lang='lat' dir='ltr'><strong>sermo-</strong></span> 
     </span>
     <span class='ocr_line' id='line_1_35' title="bbox 295 4163 1685 4246; baseline 0 -16"><span class='ocrx_word' id='word_1_343' title='bbox 295 4182 379 4230; x_wconf 90' lang='lat' dir='ltr'><strong>nem</strong></span> <span class='ocrx_word' id='word_1_344' title='bbox 393 4180 458 4246; x_wconf 86' lang='lat' dir='ltr'><strong>pro</strong></span> <span class='ocrx_word' id='word_1_345' title='bbox 475 4165 597 4229; x_wconf 87' lang='lat' dir='ltr'><strong>verbis</strong></span> <span class='ocrx_word' id='word_1_346' title='bbox 612 4164 773 4228; x_wconf 85' lang='lat' dir='ltr'><strong>incautis</strong></span> <span class='ocrx_word' id='word_1_347' title='bbox 788 4170 825 4226; x_wconf 87' lang='lat' dir='ltr'><strong>et</strong></span> <span class='ocrx_word' id='word_1_348' title='bbox 839 4163 1047 4227; x_wconf 84' lang='lat' dir='ltr'><strong>temerariis</strong></span> <span class='ocrx_word' id='word_1_349' title='bbox 1060 4180 1129 4243; x_wconf 89' lang='lat' dir='ltr'><strong>que</strong></span> <span class='ocrx_word' id='word_1_350' title='bbox 1142 4171 1272 4228; x_wconf 84' lang='lat' dir='ltr'><strong>contra</strong></span> <span class='ocrx_word' id='word_1_351' title='bbox 1288 4181 1327 4228; x_wconf 90' lang='lat' dir='ltr'><strong>se</strong></span> <span class='ocrx_word' id='word_1_352' title='bbox 1341 4164 1463 4244; x_wconf 84' lang='lat' dir='ltr'><strong>ipsum</strong></span> <span class='ocrx_word' id='word_1_353' title='bbox 1479 4165 1537 4228; x_wconf 90' lang='lat' dir='ltr'><strong>vel</strong></span> <span class='ocrx_word' id='word_1_354' title='bbox 1554 4173 1685 4230; x_wconf 87' lang='lat' dir='ltr'><strong>contra</strong></span> 
     </span>
     <span class='ocr_line' id='line_1_36' title="bbox 294 4269 1303 4352; baseline -0.008 -14"><span class='ocrx_word' id='word_1_355' title='bbox 294 4273 409 4338; x_wconf 88' lang='lat' dir='ltr'><strong>alium</strong></span> <span class='ocrx_word' id='word_1_356' title='bbox 424 4272 568 4352; x_wconf 88' lang='lat' dir='ltr'><strong>publice</strong></span> <span class='ocrx_word' id='word_1_357' title='bbox 584 4271 746 4335; x_wconf 88' lang='lat' dir='ltr'><strong>evomuit</strong></span> <span class='ocrx_word' id='word_1_358' title='bbox 759 4270 799 4334; x_wconf 88' lang='lat' dir='ltr'><strong>in</strong></span> <span class='ocrx_word' id='word_1_359' title='bbox 815 4270 1033 4334; x_wconf 83' lang='lat' dir='ltr'><strong>scandalum</strong></span> <span class='ocrx_word' id='word_1_360' title='bbox 1051 4269 1303 4350; x_wconf 89' lang='lat' dir='ltr'><strong>plurimorum.</strong></span> 
     </span>
    </p>
   </div>
   <div class='ocr_carea' id='block_1_4' title="bbox 255 4448 1685 5131">
    <p class='ocr_par' dir='ltr' id='par_1_4' title="bbox 255 4448 1685 5131">
     <span class='ocr_line' id='line_1_37' title="bbox 301 4448 1685 4546; baseline 0 -26"><span class='ocrx_word' id='word_1_361' title='bbox 301 4450 439 4523; x_wconf 88' lang='lat' dir='ltr'><strong>Tenore</strong></span> <span class='ocrx_word' id='word_1_362' title='bbox 458 4452 672 4546; x_wconf 87' lang='lat' dir='ltr'><strong>presentium</strong></span> <span class='ocrx_word' id='word_1_363' title='bbox 694 4461 810 4544; x_wconf 88' lang='lat' dir='ltr'><strong>pateat</strong></span> <span class='ocrx_word' id='word_1_364' title='bbox 827 4450 953 4522; x_wconf 89' lang='lat' dir='ltr'><strong>Christi</strong></span> <span class='ocrx_word' id='word_1_365' title='bbox 979 4448 1142 4521; x_wconf 85' lang='lat' dir='ltr'><strong>fidelibus</strong></span> <span class='ocrx_word' id='word_1_366' title='bbox 1167 4450 1342 4522; x_wconf 90' lang='lat' dir='ltr'><strong>universis</strong></span> <span class='ocrx_word' id='word_1_367' title='bbox 1367 4451 1463 4542; x_wconf 92' lang='lat' dir='ltr'><strong>quod</strong></span> <span class='ocrx_word' id='word_1_368' title='bbox 1488 4470 1551 4520; x_wconf 93' lang='lat' dir='ltr'><strong>nos</strong></span> <span class='ocrx_word' id='word_1_369' title='bbox 1577 4451 1685 4520; x_wconf 86' lang='lat' dir='ltr'><strong>irater</strong></span> 
     </span>
     <span class='ocr_line' id='line_1_38' title="bbox 258 4546 1683 4641; baseline 0 -22"><span class='ocrx_word' id='word_1_370' title='bbox 258 4547 478 4633; x_wconf 78' lang='lat' dir='ltr'><strong>bernardus,</strong></span> <span class='ocrx_word' id='word_1_371' title='bbox 511 4550 589 4621; x_wconf 91' lang='lat' dir='ltr'><strong>ord.</strong></span> <span class='ocrx_word' id='word_1_372' title='bbox 615 4549 733 4635; x_wconf 82' lang='lat' dir='ltr'><strong>Pred,</strong></span> <span class='ocrx_word' id='word_1_373' title='bbox 760 4549 945 4641; x_wconf 90' lang='lat' dir='ltr'><strong>inquisitor</strong></span> <span class='ocrx_word' id='word_1_374' title='bbox 972 4548 1125 4619; x_wconf 89' lang='lat' dir='ltr'><strong>heretice</strong></span> <span class='ocrx_word' id='word_1_375' title='bbox 1157 4547 1338 4641; x_wconf 88' lang='lat' dir='ltr'><strong>pravitatis</strong></span> <span class='ocrx_word' id='word_1_376' title='bbox 1356 4548 1391 4617; x_wconf 94' lang='lat' dir='ltr'><strong>in</strong></span> <span class='ocrx_word' id='word_1_377' title='bbox 1412 4568 1520 4640; x_wconf 83' lang='lat' dir='ltr'><strong>regno</strong></span> <span class='ocrx_word' id='word_1_378' title='bbox 1540 4546 1683 4619; x_wconf 80' lang='lat' dir='ltr'><strong>Francie</strong></span> 
     </span>
     <span class='ocr_line' id='line_1_39' title="bbox 260 4639 1682 4745; baseline -0.001 -30"><span class='ocrx_word' id='word_1_379' title='bbox 260 4639 299 4742; x_wconf 68' lang='grc' dir='ltr'><strong>[Ρ</strong></span> <span class='ocrx_word' id='word_1_380' title='bbox 317 4643 364 4718; x_wconf 72' lang='lat' dir='ltr'><strong>ab</strong></span> <span class='ocrx_word' id='word_1_381' title='bbox 382 4644 415 4745; x_wconf 88' lang='lat' dir='ltr'><strong>c]</strong></span> <span class='ocrx_word' id='word_1_382' title='bbox 438 4669 499 4740; x_wconf 92' lang='lat' dir='ltr'><strong>per</strong></span> <span class='ocrx_word' id='word_1_383' title='bbox 517 4648 637 4718; x_wconf 87' lang='lat' dir='ltr'><strong>sedem</strong></span> <span class='ocrx_word' id='word_1_384' title='bbox 659 4646 883 4739; x_wconf 91' lang='lat' dir='ltr'><strong>apostolicam</strong></span> <span class='ocrx_word' id='word_1_385' title='bbox 908 4646 1118 4740; x_wconf 90' lang='lat' dir='ltr'><strong>deputatus,</strong></span> <span class='ocrx_word' id='word_1_386' title='bbox 1146 4645 1311 4738; x_wconf 91' lang='lat' dir='ltr'><strong>quoniam</strong></span> <span class='ocrx_word' id='word_1_387' title='bbox 1330 4646 1432 4716; x_wconf 92' lang='lat' dir='ltr'><strong>nobis</strong></span> <span class='ocrx_word' id='word_1_388' title='bbox 1458 4656 1594 4715; x_wconf 90' lang='lat' dir='ltr'><strong>constat</strong></span> <span class='ocrx_word' id='word_1_389' title='bbox 1613 4657 1682 4715; x_wconf 90' lang='lat' dir='ltr'><strong>tam</strong></span> 
     </span>
     <span class='ocr_line' id='line_1_40' title="bbox 257 4741 1684 4838; baseline 0 -24"><span class='ocrx_word' id='word_1_390' title='bbox 257 4764 316 4836; x_wconf 87' lang='lat' dir='ltr'><strong>per</strong></span> <span class='ocrx_word' id='word_1_391' title='bbox 339 4744 594 4817; x_wconf 83' lang='lat' dir='ltr'><strong>consessionem</strong></span> <span class='ocrx_word' id='word_1_392' title='bbox 624 4756 852 4838; x_wconf 87' lang='lat' dir='ltr'><strong>spontaneam</strong></span> <span class='ocrx_word' id='word_1_393' title='bbox 877 4743 955 4814; x_wconf 87' lang='lat' dir='ltr'><strong>talis</strong></span> <span class='ocrx_word' id='word_1_394' title='bbox 973 4742 1016 4812; x_wconf 89' lang='lat' dir='ltr'><strong>N.</strong></span> <span class='ocrx_word' id='word_1_395' title='bbox 1038 4741 1083 4814; x_wconf 90' lang='lat' dir='ltr'><strong>de</strong></span> <span class='ocrx_word' id='word_1_396' title='bbox 1103 4743 1162 4814; x_wconf 90' lang='lat' dir='ltr'><strong>tali</strong></span> <span class='ocrx_word' id='word_1_397' title='bbox 1182 4743 1280 4829; x_wconf 91' lang='lat' dir='ltr'><strong>loco,</strong></span> <span class='ocrx_word' id='word_1_398' title='bbox 1304 4743 1382 4814; x_wconf 91' lang='lat' dir='ltr'><strong>talis</strong></span> <span class='ocrx_word' id='word_1_399' title='bbox 1406 4742 1589 4838; x_wconf 80' lang='lat' dir='ltr'><strong>dyocesis,</strong></span> <span class='ocrx_word' id='word_1_400' title='bbox 1611 4742 1684 4814; x_wconf 90' lang='lat' dir='ltr'><strong>lac-</strong></span> 
     </span>
     <span class='ocr_line' id='line_1_41' title="bbox 256 4839 1683 4935; baseline -0.001 -24"><span class='ocrx_word' id='word_1_401' title='bbox 256 4850 322 4911; x_wconf 87' lang='lat' dir='ltr'><strong>tam</strong></span> <span class='ocrx_word' id='word_1_402' title='bbox 343 4842 377 4910; x_wconf 93' lang='lat' dir='ltr'><strong>in</strong></span> <span class='ocrx_word' id='word_1_403' title='bbox 394 4842 524 4933; x_wconf 91' lang='lat' dir='ltr'><strong>juditio</strong></span> <span class='ocrx_word' id='word_1_404' title='bbox 543 4863 659 4915; x_wconf 89' lang='lat' dir='ltr'><strong>coram</strong></span> <span class='ocrx_word' id='word_1_405' title='bbox 681 4841 795 4928; x_wconf 92' lang='lat' dir='ltr'><strong>nobis,</strong></span> <span class='ocrx_word' id='word_1_406' title='bbox 817 4861 921 4933; x_wconf 89' lang='lat' dir='ltr'><strong>quam</strong></span> <span class='ocrx_word' id='word_1_407' title='bbox 943 4861 1005 4935; x_wconf 90' lang='lat' dir='ltr'><strong>per</strong></span> <span class='ocrx_word' id='word_1_408' title='bbox 1022 4840 1170 4912; x_wconf 90' lang='lat' dir='ltr'><strong>aliorum</strong></span> <span class='ocrx_word' id='word_1_409' title='bbox 1189 4839 1346 4912; x_wconf 87' lang='lat' dir='ltr'><strong>fidelium</strong></span> <span class='ocrx_word' id='word_1_410' title='bbox 1366 4841 1594 4912; x_wconf 89' lang='lat' dir='ltr'><strong>assertionem</strong></span> <span class='ocrx_word' id='word_1_411' title='bbox 1613 4849 1683 4911; x_wconf 88' lang='lat' dir='ltr'><strong>tes·</strong></span> 
     </span>
     <span class='ocr_line' id='line_1_42' title="bbox 255 4937 1679 5034; baseline -0.001 -26"><span class='ocrx_word' id='word_1_412' title='bbox 255 4938 338 5009; x_wconf 89' lang='lat' dir='ltr'><strong>tium</strong></span> <span class='ocrx_word' id='word_1_413' title='bbox 353 4938 567 5034; x_wconf 87' lang='lat' dir='ltr'><strong>juratorum,</strong></span> <span class='ocrx_word' id='word_1_414' title='bbox 587 4939 682 5032; x_wconf 91' lang='lat' dir='ltr'><strong>qnod</strong></span> <span class='ocrx_word' id='word_1_415' title='bbox 709 4939 822 5010; x_wconf 93' lang='lat' dir='ltr'><strong>dictus</strong></span> <span class='ocrx_word' id='word_1_416' title='bbox 847 4938 925 5009; x_wconf 89' lang='lat' dir='ltr'><strong>talis</strong></span> <span class='ocrx_word' id='word_1_417' title='bbox 945 4938 987 5010; x_wconf 94' lang='lat' dir='ltr'><strong>N.</strong></span> <span class='ocrx_word' id='word_1_418' title='bbox 1011 4937 1046 5007; x_wconf 91' lang='lat' dir='ltr'><strong>in</strong></span> <span class='ocrx_word' id='word_1_419' title='bbox 1070 4939 1244 5032; x_wconf 90' lang='lat' dir='ltr'><strong>presentia</strong></span> <span class='ocrx_word' id='word_1_420' title='bbox 1271 4938 1421 5031; x_wconf 90' lang='lat' dir='ltr'><strong>plurium</strong></span> <span class='ocrx_word' id='word_1_421' title='bbox 1450 4957 1679 5031; x_wconf 90' lang='lat' dir='ltr'><strong>personarum</strong></span> 
     </span>
     <span class='ocr_line' id='line_1_43' title="bbox 255 5035 1677 5131; baseline -0.001 -24"><span class='ocrx_word' id='word_1_422' title='bbox 255 5045 320 5108; x_wconf 90' lang='lat' dir='ltr'><strong>tam</strong></span> <span class='ocrx_word' id='word_1_423' title='bbox 347 5038 487 5111; x_wconf 89' lang='lat' dir='ltr'><strong>incaute</strong></span> <span class='ocrx_word' id='word_1_424' title='bbox 511 5058 616 5131; x_wconf 89' lang='lat' dir='ltr'><strong>quam</strong></span> <span class='ocrx_word' id='word_1_425' title='bbox 641 5035 824 5109; x_wconf 88' lang='lat' dir='ltr'><strong>temerarie</strong></span> <span class='ocrx_word' id='word_1_426' title='bbox 848 5035 1057 5129; x_wconf 83' lang='lat' dir='ltr'><strong>proferendo</strong></span> <span class='ocrx_word' id='word_1_427' title='bbox 1078 5036 1229 5108; x_wconf 88' lang='lat' dir='ltr'><strong>assernit</strong></span> <span class='ocrx_word' id='word_1_428' title='bbox 1253 5036 1384 5130; x_wconf 89' lang='lat' dir='ltr'><strong>pluries</strong></span> <span class='ocrx_word' id='word_1_429' title='bbox 1402 5057 1442 5108; x_wconf 89' lang='lat' dir='ltr'><strong>se</strong></span> <span class='ocrx_word' id='word_1_430' title='bbox 1462 5037 1577 5129; x_wconf 90' lang='lat' dir='ltr'><strong>ipsum</strong></span> <span class='ocrx_word' id='word_1_431' title='bbox 1598 5057 1677 5108; x_wconf 89' lang='lat' dir='ltr'><strong>esse</strong></span> 
     </span>
    </p>
   </div>
   <div class='ocr_carea' id='block_1_5' title="bbox 0 0 2292 6404">
    <p class='ocr_par' dir='ltr' id='par_1_5' title="bbox 0 0 2292 6404">
     <span class='ocr_line' id='line_1_44' title="bbox 0 0 2292 6404; baseline 0 0"><span class='ocrx_word' id='word_1_432' title='bbox 0 0 2292 6404; x_wconf 95' lang='lat' dir='ltr'><strong> </strong></span> 
     </span>
    </p>
   </div>
  </div>
 </body>
</html>
