4612 6404
1024 675 1151 742 comm
1175 676 1274 729 enas.
1799 658 1870 729 aad

434 832 504 904 lide
518 853 588 904 nun
606 830 685 902 licta
701 835 747 903 ad
762 833 1033 905 ecclesiasticam
1051 835 1195 907 redierit
1210 835 1379 906 unitatem
1396 845 1432 906 et
1447 836 1610 906 mandata
1625 835 1694 908 sibi
1711 835 1869 925 inJuncta

433 930 653 1017 removerit,
674 941 710 1001 et
729 930 867 1023 plenam
888 941 924 1001 et
948 954 1078 1004 meram
1100 933 1145 1004 de
1170 955 1209 1004 se
1230 944 1266 1004 et
1284 934 1330 1003 de
1347 932 1427 1003 aliis
1446 932 1492 1004 de
1512 934 1603 1004 lacto
1623 931 1759 1003 heresis
1781 953 1869 1002 con-

435 1029 548 1100 lessns
568 1027 674 1098 luerit
692 1027 890 1099 veritatem.
913 1029 984 1100 llec
1002 1031 1047 1100 de
1072 1033 1166 1102 osuit
1185 1041 1221 1102 et
1240 1031 1422 1102 confessus
1442 1029 1507 1100 luit
1525 1040 1561 1100 et
1583 1029 1740 1123 predicto
1762 1030 1868 1101 modo

434 1124 851 1218 adjuravit,juravitque
870 1121 911 1223 [Ρ
934 1126 1002 1195 ted
1022 1052 1070 1226 df
1080 1141 1116 1199 et
1136 1129 1315 1223 promisit,
1337 1149 1451 1215 anno,
1472 1129 1532 1198 die
1551 1138 1587 1198 et
1604 1127 1681 1199 loco
1701 1127 1864 1221 prelatis,

433 1243 550 1296 curam
578 1224 712 1316 prelato
731 1223 876 1295 domino
900 1225 1128 1316 inquisitore,
1151 1229 1187 1297 in
1209 1227 1385 1320 presentia
1408 1233 1444 1296 et
1469 1226 1669 1296 testimonio
1691 1225 1812 1295 talium
1832 1236 1869 1295 et

435 1321 554 1393 talium
577 1320 717 1391 testium
739 1333 967 1416 vocatorum,
987 1336 1021 1393 et
1043 1324 1110 1394 mei
1130 1324 1207 1395 talis
1224 1324 1266 1394 N.
1290 1323 1415 1396 notarii
1439 1322 1677 1415 inquisitionis
1693 1321 1756 1415 'qni
1783 1342 1864 1414 pre·

435 1439 515 1490 sens
536 1418 676 1489 interlui
697 1430 733 1490 et
749 1419 865 1513 recepi
885 1430 921 1490 et
936 1421 1074 1514 scripsi.

481 1515 517 1585 Si
537 1537 623 1588 vero
643 1515 799 1588 neurius
820 1517 981 1611 publicus
997 1519 1145 1590 comode
1160 1519 1281 1590 haberi
1304 1541 1373 1590 non
1390 1518 1520 1612 possit,
1540 1530 1622 1589 tuuc
1643 1518 1720 1590 loco
1737 1517 1866 1588 notarii

436 1625 599 1707 poterunt
620 1634 660 1685 se
684 1613 908 1686 subscribere
933 1615 1003 1686 due
1029 1637 1178 1709 persone
1198 1617 1363 1709 religiose
1381 1638 1451 1709 que
1471 1628 1652 1709 presentes
1672 1614 1802 1686 luerint
1829 1618 1866 1684 in

437 1713 602 1804 predictis
621 1712 680 1782 tali
701 1714 835 1784 modo:
858 1726 893 1784 et
912 1713 978 1784 mei
1004 1714 1083 1784 tulis
1101 1713 1142 1783 N.
1168 1715 1214 1786 de
1232 1715 1291 1786 tali
1312 1714 1438 1786 ordine
1456 1713 1517 1807 qui
1538 1725 1684 1786 vocatus
1703 1724 1738 1784 et
1764 1733 1867 1804 roga·

437 1818 492 1881 tus
510 1830 655 1904 presens
674 1810 815 1880 interlui
834 1822 870 1881 et
890 1810 1078 1903 requisitus
1097 1832 1118 1882 a
1139 1814 1273 1905 prelato
1296 1812 1503 1906 inquisitore
1521 1810 1578 1882 bic
1599 1833 1703 1882 manu
1724 1810 1867 1905 propria

437 1927 492 1978 me
509 1909 716 2003 subscripsi.

482 2004 516 2074 Si
539 2027 624 2077 vero
644 2006 819 2078 consessio
834 2008 961 2099 scripta
978 2008 1083 2078 luerit
1097 2029 1159 2103 per
1175 2029 1299 2079 manus
1314 2008 1462 2101 alicujus
1478 2007 1632 2098 religiosi
1647 2030 1710 2079 seu
1724 2008 1870 2078 alterius

436 2102 582 2197 alicujus
606 2107 669 2196 qui
696 2126 765 2175 non
793 2104 839 2174 sit
859 2106 1015 2175 notarius
1040 2118 1074 2175 et
1099 2106 1321 2200 postmodum
1344 2127 1406 2200 per
1431 2105 1606 2177 notarium
1630 2105 1869 2198 inquisitionis

435 2199 526 2272 dicta
554 2202 729 2273 conlessio
754 2204 889 2293 legatur
908 2214 944 2273 et
969 2215 1168 2296 exponatur
1188 2204 1223 2273 in
1245 2205 1403 2294 vulgari,
1424 2216 1462 2273 ut
1487 2202 1594 2274 moris
1614 2215 1688 2287 est,
1711 2202 1870 2295 predicto

434 2296 613 2370 confitenti
636 2301 669 2370 iu
685 2298 818 2394 juditio
836 2300 1049 2384 constituto,
1073 2305 1230 2372 notarius
1251 2301 1287 2372 in
1308 2299 1379 2372 fine
1398 2303 1555 2374 omnium
1576 2301 1627 2372 sic
1648 2301 1812 2393 loquatur
1834 2309 1869 2370 et

434 2396 564 2468 scribat
582 2422 589 2465 ι
609 2409 644 2468 et
664 2397 730 2468 mei
753 2396 831 2467 talis
849 2397 892 2468 N.
911 2399 1036 2468 notarii
1058 2397 1165 2470 officii
1181 2399 1422 2492 inquisitionis
1437 2399 1499 2493 qui
1518 2399 1709 2492 predictam
1728 2398 1866 2469 conles·

435 2493 569 2565 sionem
597 2495 741 2565 recitavi
768 2507 802 2564 et
822 2496 972 2589 exposui
1000 2496 1268 2589 intelligibiliter
1287 2500 1322 2567 in
1345 2497 1485 2589 vulgari
1509 2496 1666 2590 predicto
1690 2496 1750 2566 tali
1769 2495 1811 2565 N.
1833 2495 1867 2565 iu

432 2592 560 2682 juditio
578 2593 770 2663 constituto
786 2613 904 2664 coram
923 2597 1058 2686 prelato
1077 2595 1222 2667 dominu
1242 2595 1463 2688 inquisitore,
1484 2615 1591 2687 quam
1611 2594 1867 2666 confessionem

436 2690 615 2782 predictus
642 2690 719 2760 talis
743 2690 786 2761 N.
817 2691 948 2761 ibidem
971 2695 1111 2783 juratus
1132 2695 1338 2784 recognovit
1355 2714 1395 2764 se
1418 2693 1543 2765 iecisse
1568 2702 1605 2762 et
1625 2692 1658 2762 in
1678 2691 1808 2782 juditio
1828 2711 1869 2762 se

435 2787 633 2858 confessum
654 2787 785 2872 luisse,
808 2801 843 2858 et
861 2790 1014 2859 asseruit
1036 2811 1115 2861 esse
1135 2811 1278 2874 veram,
1303 2801 1410 2883 atque
1429 2790 1474 2861 de
1494 2811 1589 2861 novo
1609 2789 1735 2859 iterum
1759 2790 1868 2883 depo-

435 2884 506 2954 suit
530 2906 587 2955 me
608 2898 772 2977 presente
797 2898 833 2956 et
853 2886 1002 2957 testibus
1025 2888 1297 2981 suprascriptis,
1319 2908 1532 2980 omnemque
1555 2885 1707 2958 heresim
1727 2888 1868 2979 penitus

435 2981 623 3072 abjuravit,
639 2984 794 3054 modoet
809 2984 919 3053 forma
932 2985 1195 3078 suprascriptis,
1208 2997 1242 3056 et
1255 2985 1424 3077 premissa
1433 2985 1684 3077 juravitatque
1697 2979 1738 3081 [l’
1752 2984 1819 3053 l5'l
1831 2979 1866 3080 a]

436 3080 613 3171 promisit3
642 3092 677 3151 et
697 3101 763 3171 ego
784 3082 898 3175 recepi
918 3093 953 3152 et
971 3103 1075 3152 manu
1098 3083 1237 3176 propria
1258 3104 1313 3153 me
1332 3083 1539 3177 subscripsi.

641 3307 677 3414 4⁴.
702 3308 833 3373 Modus
848 3309 998 3389 quidam
1015 3310 1161 3376 brevlor
1176 3311 1364 3376 scribendi
1381 3311 1668 3390 abjurationem.

482 3526 662 3599 Predictus
688 3527 766 3597 talis
785 3525 827 3595 N.
850 3525 884 3595 in
900 3526 1030 3616 juditio
1055 3526 1265 3597 constitutus
1288 3547 1406 3598 coram
1428 3526 1564 3620 prelato
1583 3525 1728 3597 domino
1748 3523 1868 3618 inqui-

436 3624 542 3697 sitore
563 3624 740 3717 abjuravit
760 3625 899 3717 penitus
922 3645 1064 3695 omnem
1085 3622 1258 3718 heresim,
1280 3637 1316 3696 et
1334 3645 1475 3696 ornnem
1501 3624 1738 3716 credentiam,
1759 3634 1795 3693 et
1814 3622 1867 3691 la-

435 3742 571 3811 vorem,
587 3733 622 3794 et
637 3721 925 3816 receptationem,
942 3736 978 3792 et
992 3720 1249 3808 defensionem,
1266 3733 1302 3793 et
1317 3721 1618 3816 participationem
1631 3720 1867 3792 hereticorum

436 3822 688 3914 cujuscumque
710 3831 807 3892 secte
831 3818 1038 3913 dampnate,
1060 3819 1128 3889 sub
1152 3840 1241 3912 pena
1270 3819 1315 3889 de
1337 3821 1417 3910 iure
1441 3819 1561 3890 debita
1581 3817 1727 3912 relapsis
1752 3818 1788 3888 in
1807 3815 1868 3887 be-

436 3920 539 3991 resim
566 3919 601 3990 in
625 3917 756 4011 juditio
775 3919 986 4009 abjuratam.
1011 3916 1117 4003 ltem,
1134 3917 1269 4009 juravit
1292 3928 1328 3986 et
1345 3915 1506 4011 promisit
1531 3938 1570 3988 se
1597 3936 1660 4009 pro
1681 3935 1869 4009 possesne

436 4017 622 4110 persequi,
645 4026 680 4087 et
700 4014 878 4101 revelare,
897 4035 938 4085 ae
964 4014 1152 4107 detegere,
1173 4025 1209 4085 et
1232 4015 1348 4086 lacere
1365 4013 1442 4109 capi
1463 4024 1498 4085 et
1523 4012 1624 4086 reddi
1650 4012 1868 4106 inquisitori·

434 4112 501 4186 bus
526 4115 723 4202 hereticos,
744 4113 950 4194 credentes,
975 4113 1153 4198 lautores,
1174 4123 1433 4207 receptatores,
1455 4122 1491 4183 et
1513 4112 1718 4183 delensures
1745 4131 1868 4182 eorum

435 4212 688 4305 cujuscumque
713 4228 809 4283 secte
829 4211 1039 4304 dampnate,
1061 4210 1224 4282 ucetiam
1246 4232 1308 4305 pro
1328 4209 1443 4281 berosi
1462 4209 1648 4305 lugittivos
1664 4219 1700 4279 et
1722 4208 1869 4280 nuncios

436 4307 590 4402 ipsorum
610 4310 908 4402 quandocumque
925 4321 961 4380 et
978 4308 1192 4401 ubicumque
1205 4309 1349 4379 sciverit
1363 4329 1442 4379 esse
1459 4307 1620 4401 prodicus
1635 4317 1697 4379 aut
1714 4306 1868 4398 aliquem

435 4405 481 4477 de
502 4407 690 4500 predictis,
709 4417 745 4477 et
765 4419 885 4477 tenere
912 4419 947 4477 et
974 4427 1119 4478 servare
1138 4404 1243 4477 fidem
1264 4405 1469 4477 catholicam
1491 4415 1527 4475 et
1546 4425 1669 4500 parere
1693 4402 1868 4474 mandatis

434 4501 587 4576 Ecclesie
605 4516 641 4576 et
657 4505 902 4597 inquisiturum
922 4515 958 4574 et
977 4525 1046 4575 non
1068 4504 1211 4596 lugere,
1233 4524 1298 4574 nec
1317 4525 1357 4574 se
1374 4504 1584 4588 absentare,
1605 4514 1641 4574 et
1660 4501 1778 4574 omnia
1798 4500 1868 4571 alia

435 4599 548 4674 lacere
566 4604 657 4674 sicut
677 4602 711 4671 in
734 4603 842 4673 lurma
863 4600 1048 4692 abjurandi
1074 4601 1228 4672 heresim
1248 4601 1283 4671 iu
1304 4600 1478 4697 principio
1498 4600 1577 4672 libri
1599 4600 1738 4695 plenius
1754 4601 1868 4670 conti-

435 4710 538 4769 netur
575 4698 626 4792 l).

481 4700 679 4868 Notu(ndum
699 4810 816 4869 autem
837 4797 933 4891 quod
953 4798 987 4867 in
1012 4795 1232 4888 abjuratione
1251 4795 1399 4887 alicujus
1418 4795 1581 4889 specialis
1599 4807 1695 4867 secte
1714 4805 1750 4866 et
1768 4794 1870 4865 bere·

469 5052 507 5120 (l)
522 5052 706 5108 Continentur
720 5051 793 5108 dnus
809 5053 834 5106 le
851 5052 1020 5107 manuscrit.
