4574 6404
427 671 472 738 m
713 684 876 737 ausonici
901 685 1143 752 inquisivimus
1171 685 1336 737 assumtae
1362 683 1574 736 vitavimus.

424 841 465 942 [θ’
486 845 530 913 38
547 842 583 941 d]
609 844 832 938 inquisitione
857 851 888 914 et
914 844 1179 914 examinatione
1203 843 1379 936 etilipenti,
1401 842 1455 911 illi
1477 848 1598 914 contra
1628 865 1712 935 qnos
1739 850 1861 915 actum

421 942 538 1035 fuerit
561 943 699 1036 reperti
722 941 861 1036 suerint
885 942 1090 1026 innocentes,
1117 964 1199 1013 cum
1223 964 1287 1012 nec
1311 940 1580 1034 confessionibus
1603 941 1770 1034 propriis
1799 965 1866 1015 nec

423 1040 560 1110 testibus
579 1040 852 1135 convincantur,
878 1047 959 1134 post
982 1041 1231 1110 narrationem
1260 1039 1429 1109 seriosam
1454 1037 1563 1109 tocius
1584 1059 1766 1133 processus
1784 1061 1864 1112 con·

422 1137 594 1209 cludenda
612 1137 651 1207 in
667 1139 741 1230 fine
758 1137 822 1208 boc
840 1137 942 1208 modo
963 1163 974 1206 :

472 1237 542 1307 Nos
563 1237 682 1327 itaque
703 1236 827 1328 prelati
848 1236 927 1304 talis
947 1236 989 1304 Ν.
1013 1248 1046 1306 et
1068 1237 1145 1306 talis
1165 1237 1205 1306 N.
1237 1237 1318 1328 quia
1339 1256 1446 1328 super
1467 1234 1634 1327 predictis
1657 1235 1865 1319 criminibus

423 1356 485 1405 seu
506 1333 664 1403 articulis
683 1331 967 1427 (exprimantur)
990 1357 1068 1404 cum
1089 1335 1213 1405 eodem
1237 1335 1296 1404 tali
1315 1333 1355 1402 N.
1379 1344 1415 1402 et
1433 1343 1554 1402 contra
1576 1353 1656 1401 eum
1676 1353 1755 1402 cum
1773 1333 1859 1403 dili-

424 1432 540 1523 gentia
561 1443 598 1501 et
618 1431 722 1501 nichil
748 1432 903 1501 obmisso
931 1431 975 1500 de
1000 1433 1286 1523 contingentibus
1309 1431 1490 1522 inquisito,
1513 1429 1627 1522 ipsum
1648 1431 1724 1501 fore
1743 1431 1788 1502 de
1808 1432 1862 1501 eis

423 1529 633 1624 culpabilem
665 1529 892 1621 nequivimus
918 1529 1084 1600 invenire
1114 1529 1186 1619 (oet
1209 1529 1259 1601 sic
1279 1556 1291 1597 :
1312 1528 1523 1621 culpabilem
1550 1548 1619 1597 non
1648 1527 1864 1624 invenimus)

424 1628 586 1698 eumdum
605 1649 711 1721 snper
733 1627 802 1696 illis
818 1627 1080 1697 sententialiter
1096 1627 1316 1698 absolvimus
1338 1630 1371 1695 in
1393 1626 1460 1695 hiis
1480 1625 1619 1718 scriptis
1632 1624 1775 1719 justicia
1791 1648 1863 1697 me·

427 1724 560 1794 dianle.

426 2011 486 2070 55.
513 2008 642 2070 Modus
659 2015 695 2070 et
710 2008 828 2070 torma
851 2007 1013 2071 faciendi
1040 2025 1104 2071 seu
1132 2008 1351 2084 assignandi
1373 2007 1619 2086 provisionem
1639 2009 1863 2071 reddendam

463 2132 527 2177 seu
541 2116 753 2193 pensionem
770 2130 933 2178 annuam
948 2116 1229 2194 persolvendam
1251 2114 1436 2194 aliquibus
1453 2114 1620 2192 personis
1643 2130 1707 2177 seu
1730 2112 1858 2178 iratri-

463 2223 531 2286 bus
548 2223 609 2301 qui
623 2221 772 2285 fuerunt
793 2222 934 2286 ordinis
957 2222 1094 2286 milicie
1115 2222 1300 2304 quondam
1323 2221 1480 2301 Templi,
1501 2229 1695 2301 postquam
1718 2221 1860 2285 exami-

465 2331 542 2392 nati
559 2331 757 2405 diligenter
772 2330 914 2392 inventi
931 2330 1133 2408 etjudicati
1149 2337 1238 2393 sunt
1255 2337 1291 2391 et
1306 2344 1416 2408 super
1430 2328 1622 2391 heresibus
1638 2336 1673 2391 et
1691 2328 1864 2391 crimini-

464 2437 532 2499 bus
548 2437 591 2498 de
609 2437 742 2516 quibus
763 2436 997 2499 habebuntur
1016 2438 1178 2516 suspecti
1195 2438 1341 2516 penitus
1357 2437 1585 2499 innocentes.

472 2708 541 2777 Nos
564 2707 641 2776 talis
661 2707 701 2775 N.
725 2718 759 2776 et
780 2707 857 2777 talis
877 2709 918 2777 N.
942 2708 1097 2800 episcopi
1118 2708 1317 2778 cardinales
1337 2706 1536 2777 venerabili
1565 2707 1600 2775 in
1616 2704 1754 2776 Christo
1774 2707 1864 2797 patri

424 2806 485 2873 Dei
507 2805 616 2896 gratia
639 2804 902 2897 archiepiscopo
923 2807 981 2875 tali
1003 2816 1037 2874 et
1057 2806 1217 2875 discretis
1237 2805 1325 2875 viris
1345 2805 1476 2874 talibus
1496 2804 1537 2875 N.
1555 2815 1591 2874 et
1605 2803 1786 2873 talibusN.
1809 2800 1865 2896 (l)

424 2901 621 2972 salutemet
637 2902 809 2973 mandalis
828 2904 970 2989 nostris,
988 2904 1096 2974 immo
1111 2905 1230 2973 verius
1248 2902 1465 2995 apostolicis,
1486 2901 1632 2971 firmiter
1647 2901 1807 2971 obedire.
1818 2941 1866 2953 -

424 3000 561 3068 Dudum
584 3001 682 3090 gravi
707 3011 742 3069 et
764 3000 883 3072 valido
903 3004 1057 3072 clamore
1077 3012 1201 3072 exorto
1226 3012 1346 3070 contra
1372 2999 1551 3093 quondam
1580 2999 1709 3069 milicie
1729 2996 1865 3092 Templi

424 3097 584 3167 ordinem
606 3109 641 3166 et
663 3098 773 3189 ipsius
791 3099 988 3190 singulares
1012 3095 1054 3195 [β’
1074 3097 1117 3167 lb
1137 3095 1171 3196 a]
1195 3119 1363 3191 personas
1388 3119 1495 3189 super
1515 3097 1700 3168 heresibus
1719 3106 1754 3166 et
1787 3096 1866 3167 hor-

426 3195 545 3264 rendis
566 3195 759 3265 sceleribus
787 3208 822 3264 et
850 3197 1027 3267 nonnullis
1055 3197 1251 3289 nephandis
1281 3197 1488 3265 criminibus
1514 3205 1592 3287 post
1616 3194 1865 3286 inquisitiones

426 3292 470 3362 de
490 3293 655 3362 mandato
674 3293 769 3363 sedis
787 3295 978 3387 apostolice
995 3316 1102 3387 super
1121 3295 1188 3364 hiis
1209 3297 1244 3362 in
1271 3294 1447 3364 universis
1468 3293 1733 3363 christianitatis
1751 3294 1866 3387 parti·

425 3390 492 3459 bus
514 3392 621 3460 lactas
637 3390 748 3460 felicis
766 3392 1018 3463 recordationis
1038 3392 1203 3462 dominus
1223 3391 1384 3462 Clemens
1405 3411 1493 3483 papa
1516 3391 1571 3458 V¹¹⁸
1592 3413 1654 3483 per
1671 3390 1763 3461 viam
1785 3412 1865 3484 pro·

425 3489 572 3559 visionis
596 3489 787 3579 apostolice
814 3491 927 3582 ipsum
954 3491 1131 3582 quondam
1159 3490 1319 3560 ordinem
1350 3490 1497 3579 ejusque
1525 3500 1668 3570 statum,
1699 3486 1860 3559 habitum

425 3597 529 3677 atque
552 3607 677 3654 nornen
699 3587 841 3656 sustulit
860 3601 895 3658 et
914 3588 1067 3657 cassavit
1094 3589 1127 3656 in
1149 3588 1302 3679 generali
1329 3587 1478 3661 concilio
1502 3586 1693 3657 Viennensi
1714 3597 1749 3658 et
1768 3587 1863 3657 circa

428 3705 593 3774 personas
623 3683 766 3752 lratrum
799 3685 909 3777 ipsius
938 3687 1116 3777 quondam
1154 3678 1288 3754 ordinis
1329 3685 1454 3754 voleus
1489 3684 1622 3755 utiliter
1653 3684 1863 3776 providere,

428 3782 531 3851 cerlis
552 3782 734 3850 ‹lamtuxtn
763 3783 920 3875 exceptis
945 3804 1035 3874 quas
1056 3783 1124 3852 sibi
1144 3784 1347 3876 specialiter
1368 3783 1581 3862 reservavit,
1600 3783 1696 3875 ipsos
1722 3782 1867 3875 reliquit

427 3878 648 3972 dispositioni
670 3889 704 3947 et
717 3879 846 3969 Judilio
866 3881 1095 3951 conciliorum
1118 3880 1473 3972 provincialiumque
1491 3901 1598 3973 super
1619 3882 1685 3950 hoc
1704 3901 1766 3973 per
1787 3881 1866 3949 uni-

428 3997 549 4045 versus
572 3976 695 4044 mnndi
716 3988 832 4068 parles
856 3978 969 4048 voluit
993 3978 1214 4069 congregari,
1245 3989 1280 4047 el
1306 3977 1556 4046 nichilominus
1591 3980 1715 4048 iratres
1741 3998 1866 4048 omnes

429 4075 587 4164 ejusdem
618 4075 796 4165 quondam
828 4077 963 4145 ordinis
990 4097 1068 4144 cum
1097 4077 1225 4166 quibus
1256 4097 1363 4168 super
1389 4075 1596 4146 criminibus
1625 4088 1660 4145 et
1683 4076 1864 4146 erroribus

430 4172 595 4263 predictis
614 4172 770 4241 nondum
789 4172 903 4242 fuerat
922 4174 1129 4264 inquisitum
1147 4184 1183 4242 et
1201 4174 1261 4264 qni
1282 4175 1348 4241 sub
1370 4193 1474 4242 rnanu
1496 4183 1531 4242 et
1555 4183 1727 4266 potestate
1745 4172 1865 4243 Eccle-

428 4270 479 4337 sie
507 4280 588 4338 livnc
617 4290 685 4339 nort
715 4282 835 4354 erant,
864 4273 897 4339 in
929 4270 1005 4362 ipso
1032 4271 1222 4341 Viennensi
1248 4270 1396 4340 concilio
1418 4271 1541 4339 citavit
1570 4283 1608 4339 ut
1635 4271 1725 4340 inira
1753 4292 1865 4341 uuum

427 4387 682 4457 ennumquam
705 4368 756 4437 eis
777 4389 839 4459 pro
860 4370 1009 4438 termino
1031 4369 1265 4461 peremptorio
1288 4369 1485 4458 assignavit
1513 4389 1630 4438 coram
1654 4369 1865 4463 dyocesanis

426 4467 500 4532 suis
519 4486 641 4532 oortim
670 4466 819 4534 subituri
841 4487 990 4536 examen
1012 4478 1177 4535 curarent
1204 4467 1438 4559 personaliter
1458 4487 1663 4558 comparere
1686 4492 1694 4534 :
1716 4466 1864 4558 quodsi

427 4563 513 4629 intra
535 4584 641 4630 tinum
660 4584 789 4631 aunum
809 4584 877 4634 non
905 4577 1149 4655 comparerent
1173 4585 1290 4634 eoram
1319 4564 1530 4657 dyocesanis
1558 4564 1693 4634 eisdem
1723 4584 1767 4635 eo
1787 4564 1865 4656 ipso

428 4661 804 4730 excommunicationis
824 4662 1033 4731 sententiam
1054 4682 1114 4731 eos
1135 4662 1327 4746 incurrere,
1355 4673 1390 4730 el
1418 4662 1446 4730 si
1479 4662 1589 4753 ipsam
1610 4663 1862 4732 excommnni-

426 4756 598 4826 cationem
633 4779 840 4850 perannum
862 4760 1087 4852 pertinaciter
1105 4759 1320 4829 sustinerent
1340 4780 1401 4829 ens
1428 4760 1526 4829 velut
1555 4759 1728 4830 hereticos
1744 4759 1861 4831 votuit

427 4853 691 4947 condempnari,
711 4868 813 4948 prout
834 4856 868 4925 in
886 4857 1008 4927 littoris
1028 4856 1228 4948 apostolicis
1255 4858 1364 4950 ipsius
1381 4857 1515 4927 domini
1537 4857 1726 4928 Clementis
1746 4851 1856 4951 sup'er

463 5079 499 5146 (l)
521 5079 555 5132 ll.
573 5080 645 5135 dnus
661 5083 685 5134 lc
704 5100 757 5136 vus.
777 5085 839 5137 388.
