4574 6404
589 660 635 727 stt
876 675 1038 726 ruacrtcu
1065 676 1304 741 ruuntsrrtorus
1332 676 1494 727 usuarios
1519 674 1731 727 rmvrrarrs.

592 835 687 904 tinus
704 855 766 927 per
782 833 915 904 litteras
933 845 1070 904 vestras
1089 856 1145 904 me
1160 833 1351 905 certificare
1368 834 1485 904 velitis
1500 834 1545 903 de
1563 834 1631 904 biis
1648 854 1718 924 que
1735 854 1841 924 super
1857 833 2023 927 predictis

591 931 766 1002 duxeritis
786 932 1037 1002 ordinandum.
1069 933 1192 1002 Datum
1220 931 1370 1004 Tbolose
1396 933 1431 1001 in
1456 932 1608 1002 crastino
1636 930 1895 1023 Assumptionis
1918 931 2024 1003 Beate

590 1029 698 1099 Marie
718 1028 894 1121 Virginis,
916 1051 1010 1101 anno
1029 1030 1167 1101 Domini
1188 1029 1418 1100 ΜΟΕΕΕΟΧΙΧ0

758 1336 819 1399 36.
843 1337 977 1402 Forma
992 1338 1067 1401 elie
1084 1339 1257 1418 specialis
1274 1338 1461 1403 scribendi
1478 1339 1645 1418 episcopo
1662 1338 1705 1401 de
1721 1338 1856 1401 eodem.

640 1606 847 1678 Reverendo
863 1608 898 1675 in
910 1606 1046 1677 Christo
1064 1608 1151 1700 patri
1169 1629 1210 1677 ao
1227 1609 1371 1679 domino
1387 1628 1452 1677 suo
1466 1607 1523 1676 tali
1541 1607 1584 1677 N.
1601 1606 1722 1675 divina
1734 1606 1843 1696 gratia
1860 1606 2025 1699 episcopo

592 1704 671 1774 talis
688 1703 768 1789 loci,
788 1705 894 1775 irater
909 1704 987 1776 Ber.
1004 1704 1188 1790 Guidouis,
1205 1706 1284 1777 ord.
1304 1705 1456 1791 Predic,
1478 1705 1677 1795 inquisitor,
1696 1713 1780 1788 etc,
1802 1725 1880 1772 cum
1897 1703 1951 1772 sui
1969 1726 2025 1774 re-

592 1802 897 1873 commendatione
916 1824 955 1872 se
974 1805 1088 1896 ipsum
1108 1824 1187 1873 cum
1209 1804 1303 1874 omni
1323 1803 1521 1874 reuerentia
1537 1813 1572 1872 et
1591 1803 1738 1873 honore.
1757 1842 1806 1852 -
1819 1800 2025 1871 Reverendo

592 1899 791 1991 paternitati
811 1911 930 1970 vestre
950 1899 1091 1971 notifico
1113 1922 1174 1993 per
1194 1912 1374 1994 presentes
1388 1901 1497 1993 quod,
1512 1900 1726 1991 actoreDeo,
1746 1898 1890 1969 intendo
1903 1918 2024 1991 prooe-

593 1997 677 2066 dere
694 1998 814 2068 ultima
835 1997 892 2068 die
913 1999 1043 2069 mensis
1059 2000 1269 2091 septembris
1290 1999 1450 2092 proximo
1470 1998 1636 2069 veniente
1653 1999 1698 2067 ad
1719 2018 1759 2066 ea
1780 2018 1848 2088 que
1864 2017 1910 2066 ex
1928 2017 2024 2067 more

592 2107 854 2165 consueverunt
874 2095 949 2165 lieri
971 2097 1004 2165 in
1023 2117 1186 2166 sermone
1202 2097 1358 2188 generali
1380 2096 1644 2188 inquisitorum,
1667 2107 1735 2164 tam
1757 2095 1801 2164 de
1825 2094 1952 2184 graciis
1972 2095 2024 2164 la·

593 2192 728 2262 ciendis
767 2193 925 2284 personis
957 2193 1024 2263 illis
1063 2216 1132 2285 que
1164 2194 1270 2285 digne
1296 2194 1412 2284 gracia
1452 2205 1590 2286 reperte
1622 2193 1751 2262 luerint
1783 2201 1818 2261 et
1854 2212 2022 2282 capaces,

592 2311 696 2382 quam
719 2290 763 2360 de
784 2291 882 2382 penis
902 2303 938 2360 et
959 2291 1164 2384 penitenciis
1185 2291 1409 2382 injungendis
1438 2292 1596 2384 personis
1622 2291 1690 2360 illis
1712 2312 1781 2381 que
1801 2288 1934 2358 dudum
1964 2311 2025 2381 per

593 2390 857 2480 inquisitionem
878 2409 897 2457 a
919 2409 974 2458 me
994 2400 1028 2459 et
1048 2411 1109 2482 per
1128 2410 1184 2458 me
1200 2390 1324 2460 lectam
1345 2389 1390 2458 de
1410 2389 1555 2458 crimine
1576 2388 1710 2459 heresis
1729 2385 1922 2478 culpabiles
1941 2398 2025 2458 sunt

593 2487 757 2568 invente,
785 2506 889 2576 qnam
917 2489 1021 2555 etiam
1043 2487 1088 2556 de
1109 2487 1329 2578 processibus
1353 2484 1589 2579 diffiniendis,
1612 2484 1795 2580 prehabito
1815 2505 1922 2577 super
1942 2506 2021 2577 pre·

595 2585 711 2653 missis
731 2585 877 2658 consilio
895 2586 1101 2676 peritorum.
1124 2583 1207 2653 Cum
1226 2587 1345 2675 itaque
1365 2584 1410 2654 de
1427 2583 1603 2674 aliquibus
1624 2585 1783 2676 personis
1804 2594 1921 2652 vestre
1940 2581 2025 2677 dyo·

594 2683 684 2751 cesis
705 2701 774 2750 nna
795 2702 873 2750 cnm
894 2685 1021 2751 ceteris
1041 2684 1087 2752 sit
1106 2682 1282 2773 agendum
1305 2692 1409 2774 prout
1424 2683 1565 2772 justicia
1585 2681 1766 2767 suadebit,
1789 2690 1824 2750 et
1842 2680 2022 2781 culparum

593 2781 747 2849 varietas
766 2789 801 2848 et
820 2779 971 2870 qualitas
991 2782 1150 2870 exegerit
1168 2782 1395 2864 earumdem,
1420 2781 1662 2871 paternitatem
1684 2790 1837 2849 uestram
1857 2798 1942 2869 rogo
1962 2798 2022 2871 pa-

595 2879 680 2947 riter
699 2889 734 2946 et
756 2879 897 2968 requiro
917 2878 1122 2970 suppliciter
1141 2887 1177 2947 et
1194 2880 1367 2947 instanter
1389 2873 1429 2973 [ῐ0
1451 2876 1494 2945 ld
1511 2872 1543 2973 c]
1566 2880 1731 2969 quatinus
1752 2876 1853 2946 vobis
1873 2876 2021 2968 placeat,

595 2976 625 3043 si
640 2972 824 3044 commode
837 2976 991 3067 possitis,
1016 2976 1171 3066 predicta
1192 2975 1263 3061 die,
1277 2975 1440 3059 Tbolose,
1461 2974 1504 3043 ad
1526 2974 1692 3045 bonorem
1708 2974 1771 3044 Dei
1789 2984 1825 3043 et
1842 2970 1925 3042 iidei
1946 2994 2023 3065 per·

591 3073 759 3141 sonaliter
778 3073 963 3158 interesse,
986 3083 1021 3141 et
1039 3074 1090 3141 sic
1109 3085 1283 3165 oportuno
1305 3084 1460 3166 tempore
1480 3076 1667 3166 prevenire
1686 3072 1781 3164 quod
1804 3073 1945 3161 possitis
1964 3071 2024 3141 ad·

590 3189 668 3239 esse
686 3172 722 3237 in
740 3170 896 3239 consiliis
916 3169 1147 3260 agendorum.
1170 3170 1288 3241 Ollero
1308 3184 1424 3241 autem
1447 3192 1502 3240 me
1523 3182 1681 3263 paratum
1701 3170 1962 3239 communicare
1977 3168 2024 3239 de

591 3266 813 3359 processibus
834 3288 896 3359 per
916 3288 972 3337 me
992 3268 1090 3338 lactis
1110 3289 1332 3360 quecumque
1352 3268 1397 3339 de
1419 3270 1501 3360 jure
1524 3267 1816 3338 communicanda
1841 3267 1971 3336 luerint
1989 3277 2025 3336 et

589 3363 808 3455 integraliter
822 3365 1013 3456 explicare.
1033 3365 1087 3434 Ad
1104 3365 1171 3435 hoc
1187 3368 1216 3434 si
1232 3365 1376 3457 quidem
1390 3367 1462 3457 jam
1482 3369 1631 3436 accessit
1648 3366 1788 3435 licentia
1805 3376 1841 3434 et
1857 3384 2023 3434 assensus

590 3459 779 3532 reverendi
808 3464 844 3529 in
870 3461 1006 3533 Christo
1027 3465 1134 3556 patris
1159 3466 1295 3533 domini
1324 3465 1402 3534 talis
1430 3464 1471 3532 N.
1495 3465 1616 3534 divina
1636 3465 1747 3554 gratia
1769 3461 2024 3555 archiepiscopi

591 3559 792 3653 Tholosani,
815 3571 853 3628 ut
874 3560 1053 3646 videlicet,
1070 3572 1138 3630 tam
1160 3582 1224 3631 vos
1243 3583 1347 3653 quam
1370 3564 1477 3631 ceteri
1497 3561 1685 3631 reverendi
1705 3571 1820 3653 patres
1837 3562 2024 3630 acdomini

591 3659 747 3749 episcopi
768 3668 836 3726 tam
858 3657 966 3727 vicini
987 3658 1042 3727 vel
1063 3679 1186 3728 eornm
1208 3661 1331 3729 vicarii
1350 3681 1412 3729 seu
1431 3661 1666 3730 commissarii
1685 3659 1863 3750 deputati,
1890 3659 2025 3750 possint

591 3755 657 3824 hac
676 3757 755 3824 vice
773 3754 931 3824 sedendo
951 3776 1014 3848 pro
1035 3756 1200 3826 tribunali
1218 3757 1263 3826 de
1284 3759 1443 3849 personis
1462 3757 1531 3826 sibi
1552 3756 1705 3826 subditis
1725 3759 1762 3824 in
1778 3756 1921 3825 civitate
1937 3755 2024 3826 Tho·

591 3852 712 3923 losana
741 3863 855 3921 actum
881 3852 1107 3942 judiciarium
1136 3854 1338 3944 hujusmodi
1368 3876 1548 3924 exercere.
1576 3853 1613 3923 Si
1643 3874 1728 3924 vero
1755 3853 2024 3945 quomodolibet

591 3953 816 4042 contingente
834 3969 899 4020 vos
920 3951 1102 4021 nolueritis
1121 3965 1181 4020 aut
1202 3973 1270 4022 non
1296 3954 1480 4045 potueritis
1505 3952 1672 4045 predictis
1692 3952 1750 4022 die
1775 3962 1809 4021 et
1834 3950 1910 4022 loco
1940 3971 2021 4042 per·

591 4049 759 4119 sonaliter
785 4050 1002 4134 convenire,
1032 4049 1191 4143 supplico
1219 4061 1254 4119 et
1282 4052 1424 4141 requiro
1456 4052 1621 4141 quatinus
1648 4069 1834 4142 personam
1864 4049 2019 4139 aliquam

592 4146 766 4241 ydoneam
789 4147 865 4216 loco
886 4149 1007 4230 vestri,
1030 4148 1122 4216 siout
1142 4148 1244 4217 vobis
1263 4148 1435 4238 placuerit
1452 4159 1487 4217 et
1506 4147 1674 4217 uidebitis
1695 4140 1877 4240 expetire,
1902 4145 2021 4217 velitis

592 4244 637 4314 ad
658 4243 723 4315 hoc
743 4264 832 4336 opus
852 4259 887 4313 et
912 4246 1144 4314 ministerium
1173 4244 1349 4336 delegare.
1378 4243 1478 4327 Quod
1502 4247 1533 4314 si
1563 4264 1627 4314 nec
1655 4245 1748 4314 istud
1778 4244 1880 4314 vobis
1907 4245 2023 4314 lacere

595 4341 780 4434 placuerit,
803 4361 889 4432 rogo
906 4353 941 4412 et
961 4345 1101 4434 requiro
1120 4363 1199 4412 cum
1219 4345 1386 4412 instantia
1408 4355 1444 4413 et
1464 4345 1661 4412 reverentia
1689 4342 1807 4411 debita
1833 4344 2020 4431 quatinus,

587 4440 690 4530 juxta
711 4451 867 4510 tenorem
888 4440 1027 4510 novelle
1044 4442 1317 4525 constitutionis,
1331 4443 1426 4510 vices
1445 4453 1580 4510 vestras
1593 4439 1698 4509 michi
1716 4441 1945 4509 committatis
1960 4450 2021 4507 aut

482 4542 486 4551 '
593 4558 655 4631 per
675 4548 811 4607 vestras
833 4537 965 4607 litteras
985 4549 1140 4608 vestrum
1161 4537 1366 4629 significetis
1385 4539 1570 4608 consilium
1592 4546 1628 4607 et
1647 4557 1856 4607 consensum
1881 4536 1926 4605 de
1943 4557 2023 4630 pre·

591 4635 694 4705 dictis
714 4637 875 4728 personis
893 4647 1010 4705 vestre
1037 4636 1198 4729 dyocesis
1223 4656 1372 4727 quarum
1400 4638 1540 4706 nomina
1566 4647 1602 4705 et
1627 4635 1746 4728 culpas
1772 4633 1960 4723 cujuslibet
1985 4636 2023 4703 in

591 4735 658 4803 hoc
676 4753 759 4802 casu
784 4732 887 4804 vobis
910 4726 950 4827 [l0
975 4733 1018 4801 ld
1038 4730 1076 4830 d]
1102 4737 1336 4803 transmittere
1356 4755 1432 4804 sum
1455 4745 1609 4825 paratus.
1634 4732 1799 4825 Supplico
1820 4733 1926 4822 igitur
1942 4752 2022 4801 cum

593 4832 793 4900 reverentia
812 4840 847 4900 et
872 4832 1043 4900 instancia
1070 4833 1271 4924 paternitati
1297 4843 1416 4902 vestre
1442 4833 1607 4923 quatinus
1635 4852 1696 4923 per
1724 4843 1860 4900 vestras
1890 4829 2023 4899 litteras

593 4926 697 4998 latori
717 4929 931 5020 presentium
951 4930 1181 5018 assignandas
1202 4950 1257 4999 me
1276 4927 1476 4999 certificetis
1496 4929 1540 4999 de
1557 4928 1624 4999 biis
1644 4949 1713 5020 que
1732 4949 1839 5020 snper
1856 4926 2023 5020 predictis

593 5023 768 5096 duxeritis
787 5023 1036 5095 ordinandum.
1059 5025 1153 5097 Bene
1172 5027 1289 5098 valeat
1308 5038 1425 5097 vestra
1444 5026 1651 5115 dominatio,
1673 5037 1708 5097 et
1726 5045 1813 5096 sana
1832 5036 1868 5095 et
1886 5024 2023 5095 incolu-
