4612 6404
882 687 986 738 rntntt
1015 686 1111 737 3333.
1669 673 1715 741 17

284 850 394 919 133133
413 847 492 917 Β33.
511 845 702 931 Guidonis,
719 844 796 916 ord.
816 845 967 928 predio,
986 844 1172 936 inquisitor
1186 843 1340 914 heretice
1359 844 1540 937 pravitatis
1556 846 1590 913 in
1608 867 1717 938 regno

285 945 434 1016 Francie
454 966 516 1037 per
540 944 660 1014 sedem
685 942 910 1036 apostolicam
938 942 1149 1035 deputatus,
1175 941 1324 1011 salutem
1352 964 1431 1012 cum
1458 944 1656 1013 reverentia
1683 957 1718 1014 et

281 1044 434 1115 honore.
447 1041 705 1112 -Paternitati
726 1051 843 1111 vestre
861 1039 1003 1111 notifico
1024 1061 1085 1133 per
1105 1051 1285 1132 presentes
1299 1040 1410 1131 quod,
1429 1050 1546 1110 actore
1561 1040 1646 1125 Deo,
1665 1041 1717 1110 iu-

282 1142 390 1212 tendo
425 1136 467 1235 [ll
494 1137 538 1208 11
568 1135 605 1236 (1]
638 1139 681 1208 ad
710 1159 908 1209 sermonem
940 1137 1140 1229 generalem
1162 1137 1367 1230 procedere,
1389 1137 1551 1222 Thelme,
1571 1138 1606 1207 13
1628 1139 1717 1211 13313

281 1239 379 1309 beati
404 1237 543 1327 Georgii
577 1237 740 1329 proximo
769 1236 939 1320 venienti,
968 1235 1012 1307 ad
1039 1235 1291 1329 imponendum
1321 1235 1534 1328 penitenciae
1555 1246 1589 1305 et
1610 1257 1718 1328 penas

282 1337 328 1407 de
346 1338 427 1426 jure
447 1335 605 1421 debitas,
625 1344 664 1403 ut
682 1335 883 1426 estmoris,
903 1333 1045 1426 illisqui
1066 1355 1127 1425 333
1144 1333 1406 1424 inquisitionem
1423 1354 1464 1403 ac
1477 1334 1715 1405 333133313333

281 1434 443 1528 33333133
480 1433 644 1502 13313313
671 1432 801 1523 juditio
829 1432 963 1502 inventi
987 1443 1070 1502 3331
1100 1432 1133 1501 13
1153 1432 1299 1502 crimine
1321 1431 1454 1502 heresis
1472 1432 1713 1520 commisisse,

281 1543 385 1625 33331
403 1531 616 1624 33333333311
634 1530 680 1600 (13
697 1530 844 1601 33331113
865 1530 1077 1623 peritorum3
1100 1543 1230 1600 etcum
1254 1529 1405 1620 quedam
1427 1550 1576 1620 persone
1597 1540 1716 1602 vestre

281 1630 445 1723 dyocesis
466 1650 528 1723 333
547 1628 811 1720 inquisitionem
840 1629 1008 1698 13313333
1038 1628 1139 1698 nobis
1167 1629 1311 1697 invente
1338 1627 1468 1696 luerint
1497 1628 1715 1700 commisisse

281 1728 315 1796 in
347 1727 495 1797 crimine
526 1738 740 1809 memorato,
764 1725 956 1817 dequibus
976 1747 1045 1808 333
1065 1748 1144 1797 cnm
1165 1725 1291 1795 ceteris
1314 1746 1489 1818 propone,
1518 1726 1714 1796 secundum

282 1846 383 1895 usum
417 1839 452 1894 et
480 1824 600 1893 stilum
635 1823 740 1895 officii
767 1823 1026 1915 inquisitionis,
1050 1826 1164 1893 133333
1185 1832 1219 1892 31
1240 1822 1431 1913 procedere
1450 1833 1554 1916 prout
1574 1822 1713 1915 justitia

282 1923 466 2008 suadebit,
497 1922 739 2014 paternitatem
771 1934 924 1991 vestram
954 1942 1040 2012 rogo
1068 1925 1196 2012 pariter
1223 1932 1257 1990 et
1283 1921 1424 2011 requiro
1450 1921 1654 2012 suppliciter
1679 1934 1714 1993 et

283 2021 452 2090 instanter
470 2020 636 2111 quatinus
656 2019 758 2090 vobis
780 2021 927 2110 placeat,
950 2021 978 2090 si
1002 2019 1145 2111 potestis
1163 2019 1325 2100 comode,
1343 2019 1388 2088 ad
1408 2019 1576 2089 honorem
1596 2020 1656 2090 Dei
1679 2032 1714 2090 et

282 2115 362 2188 fidei
384 2119 573 2198 interesse,
595 2117 651 2186 vel
672 2119 796 2186 saltem
817 2117 970 2208 aliquem
994 2117 1109 2185 virum
1135 2116 1178 2186 ad
1198 2116 1265 2186 hoc
1285 2117 1461 2209 ydoneum
1483 2138 1561 2185 cum
1586 2139 1715 2189 conve-

282 2216 391 2286 nienti
412 2214 576 2286 mandato
598 2215 736 2285 mittere
756 2215 833 2285 loco
854 2216 985 2303 vestri,
1008 2215 1159 2285 oilerens
1181 2236 1236 2283 me
1257 2225 1414 2306 paratum
1434 2213 1624 2307 procedere
1645 2238 1712 2287 una

282 2313 463 2383 nobiscum
482 2312 538 2381 vel
559 2334 637 2382 curn
658 2312 718 2383 illo
738 2333 843 2403 quem
863 2313 909 2382 ad
929 2314 995 2383 hoc
1013 2313 1188 2382 duxeritis
1203 2312 1460 2406 deputandum,
1480 2325 1713 2385 concurrente

282 2410 501 2503 beneplacito
531 2423 566 2479 et
599 2431 772 2481 consensu
804 2411 990 2481 reverendi
1025 2411 1059 2479 in
1089 2409 1228 2480 Christo
1260 2411 1366 2503 patris
1395 2410 1528 2480 domini
1558 2411 1713 2503 episcopi

282 2506 466 2579 Tholosani
486 2505 559 2600 (331
574 2508 622 2578 sic
642 2534 653 2577 .·
676 2508 887 2579 vicariorum
909 2508 1096 2579 reverendi
1116 2509 1150 2576 in
1175 2507 1312 2580 Christo
1333 2508 1441 2602 patris
1461 2507 1593 2578 domini
1621 2509 1713 2601 epis·

283 2606 359 2699 3331
378 2605 585 2699 Tholosani)
604 2606 649 2676 ad
670 2606 736 2675 buc
757 2606 922 2676 videlicet
937 2608 1032 2698 qnod
1055 2607 1088 2675 13
1108 2626 1170 2676 333
1187 2606 1330 2699 dyocesi
1352 2606 1492 2698 possitis
1507 2606 1710 2696 judicialem

283 2717 397 2774 actum
423 2704 528 2795 hujus
548 2700 603 2797 (l)
626 2725 811 2790 exercere,
842 2726 977 2775 necnon
1002 2704 1264 2775 communicare
1287 2703 1390 2774 vobis
1416 2703 1461 2774 de
1489 2704 1711 2796 processibus

281 2801 380 2872 lactis
404 2821 628 2893 quecumque
654 2801 699 2871 de
723 2803 804 2892 jure
826 2802 1117 2872 communicanda
1145 2802 1274 2871 1333131
1301 2813 1337 2870 31
1362 2802 1578 2889 integraliter
1599 2802 1713 2893 expli-

281 2919 374 2970 care.
396 2899 432 2969 Si
453 2921 537 2970 vero
563 2899 831 2991 quomodolibet
853 2900 1080 2991 contingente
1107 2922 1173 2972 vos
1197 2899 1380 2970 nolueritis
1406 2910 1466 2969 aut
1493 2920 1561 2969 nou
1590 2911 1711 2992 potue·

280 2996 356 3066 ritis
376 2998 546 3068 interesse
567 2997 622 3068 vel
644 2997 721 3068 loco
741 2997 849 3067 vestri
878 2998 922 3067 ad
951 3000 1017 3068 boc
1044 2999 1196 3090 aliquem
1218 2997 1325 3067 alium
1359 2997 1548 3089 deputare,
1573 3008 1712 3089 regnet

280 3096 423 3186 requiro
446 3090 486 3190 [p
517 3095 561 3163 15
584 3091 618 3192 a]
648 3117 727 3165 cum
753 3095 918 3165 instantia
947 3107 982 3164 ct
1002 3097 1200 3166 reverentia
1222 3094 1340 3165 debita
1363 3106 1399 3164 ut
1428 3095 1531 3163 michi
1553 3109 1711 3166 vestrum

280 3192 465 3264 consilium
497 3193 708 3285 impendatis
736 3214 843 3285 super
871 3193 1053 3284 punitione
1077 3193 1310 3285 quarumdam
1339 3213 1567 3284 personarum
1597 3206 1714 3264 vestre

281 3290 444 3384 dyocesis
463 3312 610 3382 quarum
632 3291 774 3361 nomina
795 3304 830 3360 et
849 3292 970 3383 331333
989 3292 1176 3381 cujuslibet
1195 3291 1297 3361 vobis
1319 3292 1515 3361 transmitto
1533 3291 1567 3360 in
1587 3291 1712 3361 cedula

280 3390 506 3482 presentibus
534 3389 722 3459 interclusa
751 3387 823 3482 <vel
845 3388 896 3458 313
924 3415 935 3457 .·
968 3409 1115 3480 quarum
1146 3390 1286 3459 nomina
1318 3389 1419 3459 vobis
1451 3390 1646 3459 transmitto
1677 3391 1712 3458 13
1785 3458 1788 3464 ⁴

281 3488 436 3579 presenti
465 3486 602 3570 littera,
630 3486 800 3577 qualitate
825 3486 927 3579 culpe
951 3486 1138 3577 cujuslibet
1166 3487 1340 3579 explicata
1373 3487 1428 3556 331
1457 3486 1507 3556 sic
1530 3513 1540 3555 .·
1562 3508 1711 3578 quorum

280 3584 400 3676 culpas
420 3597 455 3655 et
473 3585 614 3655 nomina
630 3585 665 3653 in
684 3584 836 3675 quadam
855 3584 980 3654 cedula
999 3584 1221 3676 presentibus
1240 3584 1429 3654 interclusa
1444 3584 1610 3654 videbitis
1628 3606 1711 3655 con·

281 3679 823 3777 113331).833311331311333333
845 3682 1012 3751 instantia
1034 3682 1233 3776 paternitati
1258 3692 1375 3752 vestre
1396 3693 1434 3751 ut
1454 3682 1556 3753 vobis
1577 3683 1712 3776 placeat

280 3800 387 3872 super
407 3780 585 3872 premissis
606 3780 801 3851 rescribere
820 3789 855 3849 et
874 3779 1018 3851 latorem
1041 3781 1255 3874 presentium
1275 3781 1455 3850 sceleriter
1474 3776 1555 3874 (sic)
1579 3792 1614 3850 et
1633 3779 1710 3849 1311-

281 3877 367 3947 31133
386 3877 569 3971 expedire.
595 3877 689 3947 Bene
709 3889 745 3949 et
764 3877 825 3946 diu
846 3877 970 3949 vivere
989 3891 1024 3949 et
1044 3878 1163 3948 valere
1188 3899 1252 3949 vos
1273 3878 1376 3947 faciat
1394 3878 1564 3948 Dominus
1583 3877 1709 3946 ihesus

280 3972 451 4046 Christus.
474 3975 597 4044 Datum
617 3974 766 4046 Tholose
787 3976 899 4069 primo
917 3976 976 4047 die
994 3976 1134 4069 aprilis,
1153 3997 1248 4046 anno
1268 3975 1405 4046 Domini
1424 3973 1649 4044 M⁰CCC⁰Xll⁰.

329 4070 409 4142 Pro
428 4078 586 4166 tempore
602 4079 634 4142 31
653 4094 699 4143 ecc
715 4094 823 4144 33333
843 4072 932 4144 addi
947 4080 1112 4168 33133331
1130 4096 1171 4143 33
1189 4078 1436 4167 33333333133
1454 4071 1493 4140 in
1511 4073 1585 4163 fiee
1600 4070 1714 4142 littere

276 4169 512 4263 precedentis

330 4268 488 4339 Predicte
507 4269 536 4337 si
555 4267 696 4359 quidem
726 4286 877 4360 persone
896 4290 966 4360 que
987 4291 1079 4340 3333
1099 4269 1248 4340 Tholose
1268 4270 1302 4337 in
1324 4287 1425 4336 muro
1445 4265 1572 4337 talibus
1591 4267 1711 4360 culpa-

280 4365 412 4435 bilibus
427 4365 594 4459 deputato
614 4365 816 4435 detinentur
833 4387 895 4458 333
913 4367 1060 4437 crimine
1077 4378 1269 4438 memorato
1288 4377 1372 4435 suut
1391 4364 1436 4434 de
1451 4362 1604 4434 confinio
1619 4364 1708 4458 dyo·

281 4461 373 4533 cesis
387 4463 597 4549 Tholosane,
618 4463 652 4531 iu
671 4484 739 4554 qua
759 4465 862 4533 etiam
880 4465 1022 4557 dyocesi
1038 4464 1155 4556 alique
1170 4486 1216 4534 ex
1233 4463 1366 4534 eisdem
1386 4461 1553 4532 nonnulla
1571 4462 1711 4533 1313313

280 4559 417 4631 heresis
436 4561 708 4653 commiserunt,
726 4581 790 4631 uec
810 4572 951 4653 possent
971 4562 1016 4630 ad
1037 4582 1100 4632 vos
1119 4583 1181 4632 seu
1202 4562 1380 4631 civitatem
1403 4571 1554 4630 vestram
1578 4559 1712 4629 traduci

280 4656 430 4728 faciliter
448 4659 524 4728 sine
550 4658 660 4729 multo
680 4658 867 4750 dispendio
887 4670 921 4728 et
941 4659 1097 4751 periculo
1121 4655 1284 4750 aliquali,
1308 4669 1342 4729 et
1362 4656 1585 4751 postmodum
1607 4678 1710 4749 3333-

281 4764 372 4826 teret
401 4777 461 4826 eas
488 4756 607 4826 reduci
637 4756 821 4826 Tholosam
850 4768 992 4848 propter
1013 4778 1171 4827 carceres
1197 4778 1286 4849 quos
1313 4756 1484 4825 habemus
1510 4755 1639 4825 ibidem
1666 4755 1711 4824 ad

280 4852 350 4924 hoc
371 4853 559 4947 dispositos
581 4875 644 4946 pro
663 4853 822 4947 personis
843 4852 948 4944 hujus
973 4854 1207 4946 culpabilibus
1229 4855 1436 4946 deputatos,
1461 4873 1527 4944 ego
1551 4853 1655 4923 etiam
1676 4853 1710 4922 in

318 5080 354 5145 (11
372 5081 461 5149 liujus
476 5097 549 5155 pour
564 5082 726 5151 1333333111
740 5081 952 5153 irequemment
966 5081 1038 5137 dans
1052 5096 1085 5137 ce
1101 5089 1155 5138 ms.
