4612 6404
1027 675 1154 741 eornm
1180 677 1276 729 rans.
1802 659 1874 728 503

432 855 549 906 coram
572 833 840 925 inquisitoribus
858 848 920 904 aut
940 835 1056 906 redire
1075 838 1120 906 ad
1139 857 1314 907 carcerem
1335 857 1399 906 seu
1424 836 1612 928 prisionem
1634 837 1790 928 ipsorum
1815 839 1867 904 in·

432 934 656 1024 quisitorum,
678 933 974 1024 quandocumque
985 944 1020 1003 et
1038 934 1360 1025 quocienscumque
1379 934 1424 1003 ab
1445 934 1652 1025 inquisitore
1668 955 1730 1004 seu
1752 933 1868 1025 inqui·

431 1028 600 1101 sitoribus
619 1029 675 1098 vel
697 1051 743 1099 ex
764 1040 862 1120 parte
882 1051 1005 1100 eorum
1027 1032 1131 1101 luerit
1150 1032 1339 1124 requisitus
1358 1053 1421 1101 seo
1443 1032 1643 1117 mandatus,
1664 1041 1700 1101 et
1721 1054 1789 1102 nou
1811 1034 1866 1100 in·

433 1138 619 1221 terponere
638 1148 702 1196 nee
723 1127 838 1196 lacere
858 1122 899 1222 [10
917 1128 985 1196 160
1001 1126 1034 1224 e]
1057 1130 1231 1222 interponi
1249 1130 1540 1221 impedimentum
1560 1150 1622 1200 seu
1644 1130 1865 1199 obstaculum

433 1225 576 1316 aliquod
607 1224 701 1294 unde
721 1225 938 1315 inquisitoris
956 1228 1157 1317 jurisdictio
1182 1227 1238 1298 vel
1265 1248 1449 1319 processus
1473 1227 1564 1297 circa
1589 1249 1669 1296 eum
1696 1225 1753 1296 vel
1773 1227 1865 1297 cirea

433 1323 520 1394 alios
542 1323 659 1392 valeat
685 1322 846 1415 impediri
867 1323 923 1392 vel
951 1324 1054 1394 etiam
1076 1326 1268 1407 retardari,
1296 1338 1331 1394 et
1355 1325 1477 1395 venire
1497 1325 1542 1394 ad
1566 1324 1680 1394 locum
1702 1345 1765 1394 seu
1790 1324 1866 1394 loca

436 1421 495 1490 ubi
520 1442 584 1512 per
610 1421 836 1512 inquisitores
861 1422 966 1491 fuerit
994 1434 1158 1510 vocatus,
1188 1422 1374 1493 mandatus
1403 1434 1463 1492 aut
1493 1423 1704 1514 requisitus,
1730 1434 1765 1492 et
1794 1443 1866 1492 non

435 1519 534 1588 exire
551 1519 654 1587 talem
676 1519 907 1609 provinciam,
926 1530 988 1588 aut
1005 1521 1106 1589 talem
1123 1520 1302 1615 dyocesim
1320 1521 1376 1590 vel
1397 1521 1593 1590 districtum
1611 1520 1864 1611 inquisitionis,
1943 1526 1947 1534 '

435 1627 469 1685 et
488 1638 557 1686 non
568 1637 758 1708 procurare
774 1617 959 1686 eonsilium
981 1638 1046 1687 nec
1062 1619 1234 1688 auxilium
1254 1618 1389 1689 occulte
1399 1618 1454 1687 vel
1474 1619 1657 1688 manifeste
1672 1629 1794 1688 contra
1807 1638 1867 1688 ue·

434 1715 572 1804 gocium
600 1735 662 1783 seu
683 1712 837 1783 officium
859 1715 1116 1806 inquisitionis,
1146 1729 1201 1786 set
1220 1717 1335 1808 ipsum
1361 1717 1441 1787 totis
1461 1717 1598 1785 viribus
1616 1716 1808 1806 adjuvare;
1830 1725 1866 1786 at

435 1813 550 1881 omnia
572 1814 652 1902 jura
677 1812 832 1903 predicta
859 1824 894 1882 et
912 1813 1051 1903 singula
1072 1814 1237 1905 predictis
1264 1815 1341 1884 talis
1369 1812 1410 1883 N.
1442 1815 1601 1906 promisit
1623 1835 1663 1883 se
1690 1826 1809 1883 tenere
1831 1825 1867 1882 et

436 1930 578 1980 servare
596 1920 631 1979 et
650 1911 796 2002 impiere
815 1923 849 1979 et
863 1913 898 1978 in
916 1911 1012 1980 nullo
1031 1915 1295 1996 contravenire,
1313 1911 1458 2004 prestito
1473 1913 1676 2000 juramento
1695 1911 1762 1980 sub
1784 1932 1865 2004 ypo-

438 2006 536 2077 theca
557 2028 673 2077 rernm
696 2029 839 2077 suarum
865 2030 905 2077 ac
924 2010 1096 2080 bonorum
1117 2033 1259 2079 suorum
1283 2010 1497 2102 presentium
1516 2021 1551 2079 et
1566 2011 1777 2092 luturorum,
1799 2009 1867 2079 sub

437 2125 524 2197 pena
557 2117 790 2175 trecentarum
819 2107 986 2176 librarum
1014 2106 1143 2177 Toron.
1176 2108 1407 2200 persolvenda
1436 2108 1634 2198 inquisitori
1662 2128 1724 2199 pro
1750 2105 1867 2178 cilicio

438 2203 688 2294 inquisitionis,
720 2204 749 2272 si
773 2206 1011 2274 committatur
1036 2206 1093 2275 vel
1113 2206 1143 2274 si
1168 2207 1202 2273 in
1228 2205 1346 2296 aliquo
1370 2206 1538 2274 deiecerit
1557 2205 1602 2274 de
1623 2205 1809 2297 predictis;
1835 2216 1870 2274 et

435 2302 656 2371 renunciavit
675 2323 720 2370 ex
738 2313 832 2371 certa
853 2303 998 2372 scientia
1016 2303 1111 2374 omni
1129 2303 1328 2395 exceptioni
1348 2314 1384 2372 et
1403 2300 1600 2372 delensioni
1613 2328 1621 2385 ;
1636 2315 1808 2394 etsponte
1828 2324 1867 2373 se

435 2400 620 2492 supposuit
635 2411 669 2468 et
683 2400 847 2469 submisit
863 2400 898 2468 in
920 2400 1086 2493 predictis
1100 2401 1303 2471 omnimode
1320 2401 1493 2470 voluntati
1509 2413 1544 2470 et
1558 2400 1771 2471 ordinationi
1787 2421 1865 2492 pre·

436 2496 494 2566 lati
522 2497 741 2588 inquisitoris
768 2510 803 2566 et
827 2519 1068 2569 successorum
1090 2505 1166 2589 ejus
1187 2499 1223 2567 in
1247 2497 1381 2583 olticio;
1404 2510 1439 2566 et
1464 2496 1714 2589 fidejusserunt
1740 2520 1802 2590 pro
1825 2519 1869 2569 eo

437 2594 514 2665 talis
532 2594 573 2664 N.
597 2606 632 2664 et
659 2595 737 2664 talis
756 2595 796 2664 N.
824 2597 868 2666 de
890 2595 949 2664 tali
970 2597 1046 2668 loco
1071 2597 1137 2666 sub
1163 2616 1251 2688 pena
1274 2595 1429 2688 predicta
1451 2616 1514 2687 pro
1538 2597 1702 2666 omnibus
1725 2617 1868 2687 supras-

363 2728 373 2741 ·
435 2693 573 2784 criptis,
600 2704 634 2762 et
657 2693 907 2784 obligaverunt
931 2716 970 2764 se
995 2708 1030 2764 et
1053 2716 1116 2764 sua
1137 2697 1229 2764 bona
1251 2693 1426 2788 presentia
1448 2705 1483 2763 et
1508 2695 1642 2775 lutura,
1667 2704 1701 2763 et
1720 2694 1870 2784 quilibet

435 2810 555 2861 eorum
572 2793 608 2859 in
627 2791 801 2873 solidum,
824 2804 859 2860 et
879 2795 1179 2863 renunciaverunt
1198 2813 1366 2884 expresse
1378 2792 1450 2880 juri
1471 2791 1600 2861 dicenti
1621 2813 1718 2861 reum
1741 2793 1869 2883 princi·

435 2887 547 2980 palem
585 2889 659 2959 lore
689 2892 785 2979 prius
814 2891 1098 2961 conveniendum
1129 2912 1233 2981 quam
1267 2888 1511 2980 fidejussorem
1547 2901 1582 2959 et
1616 2890 1763 2980 epistole
1794 2880 1868 2960 divi

434 2981 580 3055 Adriani
612 2981 653 3081 [l0
688 2986 756 3054 160
784 2982 821 3084 d]
857 2998 893 3057 et
919 2989 987 3078 legi
1017 3014 1023 3056 :
1058 2987 1268 3069 Soocimtts,
1301 2986 1338 3057 C.
1373 2986 1427 3057 De
1444 2986 1733 3077 fidejussoribus,
1762 3000 1871 3080 atque

435 3085 528 3153 omni
545 3086 616 3174 juri
637 3087 807 3154 canonico
824 3098 858 3154 et
877 3086 973 3155 civili
991 3107 1062 3177 quo
1083 3099 1227 3178 possent
1244 3096 1364 3156 contra
1383 3085 1537 3177 predicta
1557 3085 1701 3168 venire,
1723 3106 1787 3154 seu
1805 3085 1870 3155 ali-

435 3181 528 3272 quod
549 3182 801 3274 predictorum,
825 3183 881 3253 vel
901 3185 1073 3254 adversus
1095 3184 1251 3276 predicta
1275 3184 1309 3252 in
1331 3183 1450 3273 aliquo
1471 3204 1509 3252 se
1528 3184 1639 3269 tueri,
1663 3183 1767 3253 etsie
1787 3205 1870 3276 pro-

435 3281 606 3349 miserunt
627 3282 717 3349 bona
739 3279 827 3368 fide3
857 3294 892 3350 et
914 3303 1021 3374 super
1039 3294 1158 3352 sancta
1183 3281 1269 3350 llllor
1293 3281 1353 3350 Dei
1371 3280 1563 3371 Evangelia
1583 3292 1709 3373 sponte
1723 3285 1868 3372 jurave·

434 3388 516 3446 runt
534 3398 572 3448 se
596 3379 773 3469 complere
798 3392 834 3448 et
861 3380 1044 3450 attendere
1068 3391 1103 3450 et
1130 3383 1165 3448 in
1195 3380 1292 3449 nullo
1311 3380 1557 3448 contravenire
1583 3401 1646 3472 per
1670 3401 1709 3448 se
1730 3379 1785 3448 vel
1808 3400 1871 3471 per

434 3473 536 3543 aliam
555 3476 796 3567 interpositam
825 3497 1024 3567 personam.
1046 3479 1133 3546 Acta
1159 3478 1300 3546 luerunt
1324 3475 1389 3545 hec
1415 3476 1449 3545 in
1477 3475 1536 3544 tali
1561 3476 1656 3562 loeo,
1679 3487 1763 3559 etc,
1787 3498 1868 3570 pre-

433 3572 592 3642 sentibus
609 3575 756 3642 testibus
774 3575 900 3643 talibus
915 3588 951 3644 et
966 3574 1094 3644 talibus
1111 3577 1246 3644 vocatis
1267 3588 1302 3644 et
1318 3577 1449 3664 rogatis
1470 3585 1504 3643 et
1520 3575 1649 3644 metali
1665 3574 1706 3643 Ν.
1730 3574 1868 3643 notario

435 3669 672 3761 inquisitionis
691 3673 751 3763 qui
771 3669 836 3741 hee
853 3672 977 3764 scripsi
995 3683 1030 3742 et
1050 3673 1180 3763 recepi.

435 3929 491 3990 15.
517 3927 650 3991 Forma
679 3928 834 3992 alterius
862 3926 1087 4004 fidejussoria
1115 3928 1299 3991 cautionis
1331 3928 1489 4006 alicujus
1521 3943 1596 3991 non
1629 3925 1787 3990 confessi
1814 3941 1871 3989 re-

1074 4034 1237 4098 laxandi.

481 4253 516 4321 ln
539 4255 680 4321 nomine
700 4251 858 4336 Domini,
880 4272 998 4321 amen.
1027 4252 1199 4322 Noverint
1223 4253 1381 4322 universi
1401 4253 1466 4322 boe
1487 4273 1631 4343 presens
1652 4254 1867 4321 instrumen-

435 4359 506 4418 tum
534 4350 711 4440 publicum
738 4349 930 4440 inspecturi
950 4350 1060 4440 quod,
1084 4370 1178 4420 anno
1202 4362 1236 4419 et
1261 4349 1413 4431 distuli,
1438 4349 1514 4418 talis
1532 4348 1573 4417 Ν.
1597 4349 1641 4418 de
1659 4349 1718 4417 tali
1739 4350 1815 4420 loco
1835 4360 1871 4419 et

434 4447 493 4516 tali
512 4448 670 4540 dyocesi,
692 4448 904 4516 constitutus
927 4448 960 4515 in
982 4450 1160 4540 presentia
1182 4449 1260 4516 talis
1276 4447 1318 4516 Ν.
1342 4447 1560 4538 inquisitoris
1587 4456 1622 4515 et
1649 4450 1717 4515 mei
1743 4447 1869 4517 notarii

433 4554 468 4614 et
485 4545 623 4615 testium
646 4546 734 4613 inlra
758 4546 983 4635 scriptorum,
1007 4544 1168 4636 promisit
1190 4553 1226 4617 et
1244 4545 1417 4635 obligavit
1436 4566 1476 4614 so
1501 4555 1536 4614 et
1555 4545 1672 4614 omnia
1692 4543 1783 4615 bona
1806 4565 1870 4614 sua
1960 4559 1963 4563 ’

434 4646 607 4734 presentia
633 4653 667 4712 et
684 4645 814 4724 lutura,
835 4653 870 4710 et
890 4663 953 4734 pro
973 4662 1015 4712 eo
1035 4655 1168 4712 etcum
1189 4663 1231 4712 eo
1253 4642 1331 4711 talis
1350 4643 1392 4712 N.
1413 4654 1448 4712 et
1468 4642 1546 4712 talis
1565 4642 1606 4712 Ν.
1630 4642 1810 4711 constituti
1834 4643 1869 4711 in

433 4740 607 4831 presentia
637 4741 758 4832 prelati
782 4740 998 4831 inquisitoris
1026 4738 1276 4828 fidejusserunt
1297 4753 1332 4810 et
1355 4740 1602 4830 obligaverunt
1630 4761 1669 4809 se
1696 4751 1731 4810 et
1750 4743 1868 4810 omnia

432 4836 522 4906 bona
540 4858 602 4906 sua
630 4839 804 4930 presentia
828 4847 862 4906 et
880 4840 995 4906 lutura
1014 4850 1048 4905 et
1068 4836 1218 4927 quilibet
1240 4859 1362 4908 eorum
1385 4841 1420 4905 in
1445 4838 1598 4907 solidum
1620 4839 1698 4907 sine
1719 4859 1867 4908 excusa·
1903 4900 1910 4912 .

433 4935 528 5005 tione
548 4937 654 5027 partis
681 4938 826 5006 alterius
845 4937 890 5005 ad
911 4955 1036 5026 penam
1060 4946 1095 5002 et
1113 4934 1179 5003 sub
1200 4956 1290 5026 pena
1310 4947 1450 5005 centum
1474 4934 1697 5005 marcharum
1713 4939 1864 5027 argenti,

432 5031 526 5123 quod
546 5035 621 5123 ipse
652 5037 827 5125 predictus
856 5033 932 5102 talis
952 5032 992 5101 N.
1022 5033 1140 5101 veniet
1166 5032 1211 5101 ad
1240 5032 1333 5103 diem
1358 5043 1394 5103 et
1419 5033 1495 5103 dies
1515 5043 1550 5103 et
1568 5034 1682 5103 locum
1709 5045 1744 5104 et
1772 5035 1864 5120 loca,
