4574 6404
428 674 495 740 itt
712 688 875 741 aaronica
901 689 1142 756 rnuursrrrours
1170 689 1331 742 neaeman
1358 689 1569 742 enivrrirrs.

427 870 505 919 nem
535 849 611 918 sive
636 848 802 938 juditium
829 850 928 939 sequi
965 849 1104 941 illisque
1131 869 1254 942 parere
1285 870 1346 942 per
1379 851 1496 921 omnia
1525 860 1730 931 teneantur,
1759 863 1794 921 et
1823 853 1861 920 in

424 944 555 1017 virtute
573 945 775 1017 obedientie
802 957 837 1016 et
861 946 928 1014 snb
957 966 1045 1039 pena
1066 946 1440 1018 excommunicationis
1458 948 1748 1040 mandavitquod
1766 949 1858 1018 dicti

426 1046 550 1114 iratres
567 1043 626 1134 qui
649 1043 760 1113 dictos
783 1038 823 1139 [i0
842 1043 887 1110 78
908 1039 944 1139 b]
967 1043 1106 1115 habitus
1119 1054 1236 1115 curtos
1253 1055 1288 1114 et
1302 1044 1441 1115 strictos
1460 1058 1727 1138 assumpserunt
1747 1047 1861 1137 depc-

428 1151 551 1211 nerent
572 1141 615 1209 ad
638 1141 839 1211 mandatum
860 1142 1024 1232 generale
1049 1143 1196 1211 ministri
1218 1141 1351 1213 ordinis
1372 1143 1537 1234 predicti,
1560 1155 1595 1212 et
1619 1144 1697 1213 aliis
1723 1144 1857 1213 habiti-

426 1240 493 1308 bus
510 1237 702 1309 secundum
727 1239 837 1330 ipsius
856 1240 1029 1328 generalis
1055 1239 1203 1309 ministri
1232 1239 1414 1309 arbitrium
1438 1241 1515 1310 sive
1538 1240 1708 1331 juditium
1729 1241 1857 1311 iudue-

427 1349 571 1421 rentur,
600 1336 736 1427 ipsique
762 1336 916 1426 generali
946 1338 1106 1408 ministro
1136 1337 1169 1406 in
1200 1336 1364 1407 omnibus
1392 1338 1469 1408 istis
1496 1350 1532 1408 et
1555 1338 1632 1408 aliis
1659 1361 1720 1431 per
1740 1341 1858 1408 omnia

427 1432 621 1505 secundum
638 1432 732 1502 Beati
753 1433 925 1504 Francisci
953 1435 1108 1526 reguiam
1139 1447 1174 1505 et
1203 1434 1458 1506 declarationes
1483 1436 1596 1506 editas
1628 1458 1735 1530 super
1761 1456 1802 1505 ea
1823 1447 1859 1506 et

427 1531 619 1625 predictam
657 1531 913 1601 ordinationem
946 1531 1126 1601 humiliter
1151 1532 1350 1602 obedirent.
1381 1533 1485 1618 item,
1508 1536 1658 1604 asseruit
1679 1546 1713 1603 et
1734 1534 1860 1603 asserit

426 1629 521 1721 quod
545 1648 609 1697 nec
630 1649 718 1720 pape
736 1650 801 1719 nec
826 1629 967 1721 prelatis
990 1630 1072 1699 dicti
1094 1630 1228 1700 ordinis
1248 1630 1486 1701 obediendum
1503 1643 1557 1701 est
1580 1636 1615 1701 in
1636 1631 1705 1700 hiis
1732 1631 1860 1723 quein

427 1728 558 1819 prelata
579 1727 831 1797 constitutione
848 1728 1087 1816 continentur,
1109 1750 1155 1799 ex
1175 1749 1217 1798 eo
1236 1728 1330 1819 quod
1349 1729 1503 1821 predicta
1524 1731 1558 1797 in
1580 1729 1703 1800 eadem
1724 1728 1858 1799 consti-

429 1825 562 1894 tutione
578 1834 741 1893 contenta
761 1835 844 1894 sunt
863 1838 983 1895 contra
1000 1827 1184 1896 consilium
1200 1824 1327 1896 Christi
1342 1837 1377 1896 et
1396 1839 1515 1897 contra
1535 1828 1662 1898 dictam
1680 1827 1856 1917 reguiam,

426 1935 545 1992 contra
566 1942 635 2012 que
657 1942 744 2013 papa
759 1922 872 1993 lacere
893 1945 961 1993 non
981 1935 1111 2016 potest;
1134 1925 1231 2004 item,
1253 1925 1347 2015 quod
1370 1925 1486 1995 nulius
1503 1946 1591 2018 papa
1611 1945 1778 1995 romanus
1800 1944 1860 2016 po·

429 2030 494 2091 test
515 2018 637 2089 toliere
656 2019 815 2090 ordinem
837 2021 994 2090 Fratrum
1015 2021 1201 2103 Minorem,
1223 2042 1287 2091 nec
1307 2023 1342 2091 in
1361 2023 1468 2092 alium
1490 2034 1730 2107 commutare;
1753 2022 1855 2108 item,

425 2116 519 2209 quod
546 2117 691 2185 tercium
713 2117 872 2188 ordinem
894 2118 989 2188 Beati
1011 2119 1182 2190 Francisci
1210 2121 1376 2191 dominus
1397 2142 1484 2213 papa
1505 2142 1574 2191 non
1596 2131 1708 2212 potest
1730 2119 1857 2190 toliere

427 2238 491 2287 nec
507 2224 658 2301 mutare,
679 2215 777 2299 item,
792 2217 886 2307 quod
899 2238 967 2286 non
985 2227 1099 2309 potest
1113 2217 1332 2310 facerequod
1342 2219 1479 2288 Fratres
1496 2217 1716 2309 Minoresqui
1728 2217 1855 2287 volunt

429 2316 548 2387 lenere
572 2311 727 2402 reguiam
750 2312 845 2383 Beati
866 2314 1040 2383 Francisci
1058 2336 1097 2385 se
1120 2317 1272 2388 debeant
1290 2318 1511 2386 conformare
1531 2314 1773 2386 communitati
1794 2336 1856 2383 or-

426 2411 519 2486 dinis
540 2412 574 2478 in
595 2410 766 2499 granariis
786 2433 847 2480 seu
868 2411 1018 2481 cellariis
1039 2411 1231 2499 habendis,
1253 2424 1288 2484 et
1309 2416 1344 2483 in
1369 2414 1547 2484 habitibus
1568 2414 1659 2483 laxis
1679 2424 1713 2482 ct
1733 2433 1859 2505 super-

427 2509 506 2583 fluis
527 2506 729 2600 portandis3
752 2510 849 2590 item,
870 2510 965 2600 quod
981 2511 1185 2583 constitutio
1204 2524 1239 2581 et
1258 2513 1434 2582 ordinatio
1453 2534 1560 2605 super
1581 2509 1748 2603 predictis
1766 2510 1858 2579 iacta

427 2629 488 2700 per
508 2603 688 2682 dominum
708 2626 831 2699 papam
850 2606 1043 2677 Iohannem
1056 2608 1149 2678 XXii
1170 2631 1234 2680 nec
1254 2613 1319 2680 rite
1340 2631 1404 2680 uec
1418 2611 1514 2700 juste
1534 2611 1621 2679 lacta
1643 2610 1725 2692 luit;
1751 2607 1858 2694 item,

426 2711 519 2798 quod
540 2702 588 2771 iiii
607 2701 744 2774 Fratres
764 2705 916 2775 Minores
932 2706 990 2797 qui
1010 2719 1152 2799 propter
1170 2708 1370 2798 hujusmodi
1392 2708 1667 2778 inobedientiam
1684 2720 1720 2776 et
1744 2704 1858 2775 rebel-

427 2805 557 2879 lionem
578 2800 719 2870 luerunt
739 2823 800 2894 per
818 2804 1045 2894 inquisitores
1064 2804 1220 2876 heretice
1240 2806 1422 2897 pravitatis
1441 2807 1534 2898 apud
1554 2804 1739 2874 iiassiiiam
1755 2802 1854 2892 judi-

427 2906 493 2974 cati
515 2897 661 2976 heretici
681 2910 716 2968 et
735 2899 845 2970 relicti
864 2900 1008 2972 brachio
1028 2897 1068 2998 [F
1087 2902 1133 2970 78
1149 2901 1181 3000 c]
1200 2903 1349 2973 seculari
1365 2903 1507 2973 luerunt
1533 2904 1661 2993 injuste
1681 2913 1716 2970 et
1734 2910 1858 2970 contra

427 3002 534 3074 Deum
557 3004 592 3074 et
612 2996 794 3067 veritatem
816 3000 927 3091 puniti
946 3010 982 3068 et
1000 3001 1267 3094 condempnati,
1290 3013 1324 3070 et
1340 3000 1435 3093 quod
1457 3013 1598 3095 propter
1620 2999 1685 3070 hoc
1713 2999 1858 3068 luerunt

427 3104 501 3170 veri
519 3095 678 3170 martires
699 3096 827 3166 eflecti.
841 3096 940 3183 item,
961 3098 1158 3168 asseruitet
1177 3099 1303 3170 asserit
1317 3120 1356 3169 se
1367 3100 1515 3170 credere
1530 3097 1727 3169 doctrinam
1739 3097 1858 3165 iratris

425 3196 514 3268 Petri
534 3188 702 3270 Johannis
720 3193 765 3263 de
784 3194 908 3264 ordine
929 3195 1084 3264 Fratrum
1107 3196 1279 3268 hiinorum
1301 3217 1380 3266 esse
1395 3198 1630 3267 necessariam
1647 3194 1802 3264 Ecclesie
1822 3202 1858 3262 et

426 3297 557 3366 nultum
577 3289 757 3360 continere
775 3312 954 3378 errorem,
977 3307 1012 3363 et
1031 3296 1126 3386 quod
1146 3296 1196 3364 ilii
1215 3296 1276 3387 qui
1303 3297 1516 3386 impugnant
1542 3315 1619 3364 eam
1649 3293 1857 3384 impugnant

427 3393 619 3465 doctrinam
641 3387 778 3457 Domini
800 3391 907 3461 nostri
926 3389 1032 3463 ihesu
1048 3392 1172 3463 Christi
1192 3406 1227 3463 et
1246 3403 1326 3463 sunt
1347 3393 1505 3462 heretici.
1529 3392 1628 3474 item,
1648 3391 1781 3459 dicitet
1800 3400 1868 3457 as·'

426 3494 511 3563 serit
527 3484 622 3584 quod
640 3486 911 3581 comdempnare
928 3489 1121 3560 doctrinam
1143 3492 1291 3584 predicti
1309 3490 1425 3560 iratris
1444 3491 1536 3561 Petri
1556 3488 1727 3561 lobannis
1748 3506 1855 3578 quem

427 3589 561 3661 diciret
580 3585 738 3660 nominat
756 3598 914 3656 sanctum
940 3597 1097 3680 patrem,
1122 3611 1191 3660 non
1212 3598 1265 3659 est
1283 3588 1378 3659 aliud
1401 3589 1467 3658 nisi
1487 3587 1750 3677 condempnare
1771 3604 1854 3677 per-

428 3688 650 3759 fectissimam
671 3680 779 3750 vitam
798 3682 923 3754 Christi
943 3697 979 3754 et
996 3686 1234 3779 apostolorum
1261 3686 1336 3775 ejus
1363 3697 1398 3756 et
1432 3686 1639 3779 scripturam
1660 3702 1796 3753 sacram
1819 3693 1858 3752 et

427 3787 589 3880 exempta
608 3776 732 3856 Christi
758 3790 793 3848 et
811 3793 1010 3853 sanctorum
1034 3785 1110 3873 ejus
1135 3795 1170 3855 et
1188 3784 1327 3855 decreta
1346 3794 1545 3853 sanctorum
1568 3792 1719 3875 patrum.
1742 3779 1854 3873 item,

427 3885 512 3954 dicit
530 3897 566 3954 et
581 3876 707 3955 asserit
722 3877 908 3949 Dominum
922 3880 1064 3952 ihesum
1084 3880 1257 3953 Christum
1274 3882 1310 3950 in
1329 3902 1433 3951 cruce
1452 3881 1560 3950 luisse
1578 3880 1700 3949 vivum
1717 3889 1753 3947 et
1771 3897 1858 3948 non·

427 3982 510 4051 dum
531 3984 566 4052 in
592 3994 696 4052 cruce
725 3987 900 4046 mortuum
929 3979 1123 4050 lanceatum
1145 3979 1208 4056 (In
1232 3979 1294 4049 isto
1315 3978 1385 4049 loco
1407 3984 1575 4071 poterunt
1591 3975 1771 4069 ampliorari
1793 3972 1857 4045 sub

425 4079 628 4174 compendio
646 4072 854 4163 siupiiiotr'm
882 4097 1023 4146 errores
1050 4099 1110 4148 seu
1134 4076 1314 4172 blasfemia
1335 4083 1368 4146 ei
1383 4076 1482 4170 cuine
1506 4098 1593 4170 quos
1613 4072 1799 4162 confitetur
1824 4079 1857 4142 et

425 4180 548 4247 asserit
564 4200 601 4248 se
618 4169 766 4249 credere
779 4179 812 4242 et
835 4178 967 4256 tenere,
977 4182 1089 4269 prom
1103 4196 1150 4245 em
1165 4176 1275 4269 ipsius
1292 4174 1507 4269 confessione
1524 4180 1556 4244 et
1578 4168 1858 4264 responsionibus

424 4274 604 4367 coliipitur
621 4281 656 4347 et
672 4267 841 4364 habetur).

472 4373 650 4444 predictos
668 4388 805 4444 errores
824 4370 953 4460 pariter
971 4384 1007 4442 et
1025 4370 1191 4443 horrores
1208 4372 1363 4463 prelatus
1381 4370 1460 4441 talis
1480 4370 1521 4439 N.
1553 4368 1662 4438 multo
1696 4378 1855 4460 tempore

423 4492 485 4541 seu
508 4471 625 4540 multis
644 4464 746 4541 annis
766 4465 1012 4560 (eoepnmotur
1039 4471 1189 4562 tempus)
1216 4469 1350 4555 tenuit,
1377 4468 1529 4539 asseruit
1553 4479 1589 4537 et
1616 4464 1733 4536 adhuc
1757 4475 1856 4536 tenet

423 4581 459 4639 et
477 4569 616 4655 asserit,
635 4589 700 4639 nec
718 4562 763 4633 ab
781 4566 833 4635 eis
852 4567 930 4637 vnit
949 4567 1084 4638 resilire
1102 4589 1167 4638 nec
1186 4587 1247 4638 eos
1263 4566 1445 4658 abjurare;
1467 4568 1552 4659 quin
1575 4583 1694 4657 ymmo
1716 4574 1857 4633 recusat

423 4666 660 4760 pertinaciter,
675 4665 838 4759 quamvis
849 4665 894 4735 ad
911 4665 1138 4735 resiliendum
1157 4686 1176 4735 a
1192 4664 1357 4757 predictis
1371 4658 1411 4761 [l⁰
1430 4663 1477 4731 78
1492 4659 1528 4759 d]
1548 4661 1728 4732 erroribus
1743 4661 1856 4732 multo

423 4777 579 4856 tempore
616 4784 677 4858 per
715 4781 779 4832 nos
824 4763 928 4832 luerit
972 4774 1178 4855 expectatus
1214 4772 1248 4833 et
1282 4782 1301 4831 a
1326 4762 1428 4833 nobis
1457 4773 1494 4832 et
1526 4781 1545 4830 a
1584 4758 1744 4852 pluribus
1773 4757 1854 4828 aliis

423 4862 595 4952 religiosis
622 4872 657 4931 ct
690 4860 811 4955 peritis
844 4860 932 4931 viris
957 4860 1168 4932 zelatoribus
1202 4858 1283 4929 iidei
1315 4871 1351 4930 et
1380 4858 1503 4929 salutis
1537 4857 1696 4948 ejusdem
1731 4855 1855 4948 sepius

422 4970 457 5027 et
477 4960 596 5030 multis
616 4959 730 5030 modis
757 4958 862 5029 inerit
887 4959 1073 5045 invitatus,
1095 4969 1130 5028 et
1156 4957 1375 5044 admonitus,
1397 4967 1431 5027 et
1444 4965 1625 5027 exortatus
1639 4952 1857 5045 demumque

422 5073 568 5149 paruos
592 5057 781 5148 requisitus
802 5057 970 5128 canonice
989 5076 1030 5127 ac
1050 5056 1204 5128 monitus
1222 5053 1318 5148 quod
1345 5054 1391 5125 ab
1418 5053 1552 5125 eisdem
1580 5051 1759 5124 erroribus
1779 5049 1854 5121 dis-
