4574 6404
425 627 498 696 cto
713 637 876 691 rntcrrcn
902 638 1144 706 rnqursrrronrs
1171 642 1333 694 hunerici
1358 641 1570 695 nnavtrtrrs.

483 936 518 999 3.
543 932 761 997 Mandatum
779 933 918 995 domini
936 933 1137 997 Clementis
1151 950 1243 1013 papo
1258 931 1313 994 ντί
1333 934 1512 996 adversus
1528 933 1726 996 Dulcinum
1744 933 1801 1014 (t).

472 1178 597 1250 Contra
628 1177 822 1269 predictum
856 1175 1041 1247 Dulcinum
1075 1178 1266 1249 hereticum
1297 1190 1332 1247 et
1360 1199 1541 1269 sequaces,
1565 1199 1648 1246 suos
1679 1177 1865 1246 mandavit

425 1276 589 1348 dominus
603 1274 762 1345 Clemens
779 1294 867 1367 papa
886 1274 942 1343 V¹¹¹¹
963 1277 1121 1366 procedi,
1141 1277 1231 1345 sicut
1255 1288 1399 1366 apparet
1418 1297 1462 1345 ex
1485 1275 1609 1344 litteris
1629 1275 1739 1367 ipsius
1757 1294 1864 1366 apos·

426 1375 538 1446 tolicis
559 1374 701 1442 directis
733 1371 999 1463 inquisitoribus
1029 1373 1182 1444 heretice
1212 1374 1393 1465 pravitatis
1420 1385 1455 1443 et
1488 1372 1755 1464 archiepiscopo
1786 1371 1862 1441 hle·

424 1472 623 1544 diolanensi
643 1483 678 1540 et
696 1470 930 1559 suffraganeis
950 1474 1024 1540 suis
1050 1473 1086 1541 in
1113 1472 1271 1564 partibus
1295 1470 1518 1541 bombardie.
1544 1468 1700 1552 Quarum
1726 1469 1863 1539 littera-

425 1593 501 1639 rum
525 1579 739 1660 transumpta
761 1567 847 1637 duxi
865 1581 1121 1660 consequenter
1147 1570 1369 1661 presentibus
1392 1568 1592 1638 inserenda.

477 1666 641 1739 Clemens
661 1668 860 1757 episcopus,
885 1688 1011 1736 servus
1033 1689 1217 1737 servorum
1244 1667 1327 1751 Dei,
1350 1666 1486 1736 dilectis
1513 1664 1593 1734 filiis
1615 1665 1780 1735 iratribus
1799 1686 1860 1735 or·

425 1765 518 1836 dinis
536 1764 796 1834 Predicatornm
820 1757 1121 1860 [inquisitoribus]
1142 1764 1297 1835 heretice
1318 1764 1501 1856 pravitatis
1521 1763 1556 1831 iu
1581 1765 1740 1857 partibus
1759 1763 1863 1835 Lom-

425 1862 563 1946 bardie,
585 1862 732 1931 salutem
750 1862 1022 1952 etapostolicam
1044 1863 1341 1933 benedictionem.
1355 1861 1628 1931 -Firmissime
1641 1872 1758 1932 teneat
1777 1881 1863 1930 ves-

428 1974 477 2030 tru
511 1959 696 2052 prudentia
725 1972 760 2027 et
785 1959 985 2030 nuliatenus
1014 1961 1153 2030 dubitet
1185 1960 1279 2052 quod
1309 1960 1403 2029 Deus
1423 1959 1742 2049 indulgenciarum,
1762 1969 1865 2051 pater

427 2057 682 2141 misericordie,
701 2057 1062 2129 consideransmerita
1083 2059 1321 2150 singulorum,
1339 2069 1526 2127 contentus
1540 2055 1866 2146 uostrisiudulgen·
1913 2076 1917 2083 ·

428 2157 485 2226 tiis
506 2176 573 2226 non
595 2156 715 2224 existit
734 2155 819 2248 quin
836 2155 1138 2227 benefacientibus
1156 2159 1304 2247 gratiam
1327 2155 1497 2247 potiorem
1518 2155 1700 2245 indulgeat
1715 2166 1750 2224 et
1767 2166 1865 2224 eter-

429 2275 507 2324 nam
525 2253 671 2342 gloriam
693 2253 927 2345 superaddat,
949 2256 994 2324 ad
1014 2276 1102 2345 quas
1119 2276 1180 2346 per
1200 2254 1350 2322 lructum
1368 2253 1449 2322 boni
1471 2255 1588 2343 operis
1610 2251 1866 2343 promerendos

429 2350 554 2421 fideles
580 2350 707 2419 Christi
736 2351 936 2440 frequenter
961 2364 996 2420 et
1022 2353 1171 2422 libenter
1201 2353 1328 2421 nostris
1359 2351 1625 2421 remissionibus
1655 2350 1862 2419 invitamus.

429 2448 512 2518 Cum
535 2449 640 2539 igitur
661 2449 695 2516 in
718 2447 926 2518 Lorrrbardie
947 2450 1103 2542 partibus
1130 2449 1307 2541 pullularit
1327 2449 1480 2518 heretica
1506 2451 1660 2540 pravitas
1686 2448 1779 2518 illius
1800 2444 1866 2515 filii

428 2545 575 2617 sathane
591 2545 650 2637 qui
664 2557 808 2617 vocatur
824 2546 1005 2630 Dulcibus,
1030 2548 1074 2617 ad
1096 2548 1206 2640 ipsius
1222 2547 1493 2639 extirpationem
1511 2568 1576 2616 vos
1596 2557 1738 2639 propter
1749 2546 1865 2615 Deum

427 2665 568 2715 oramus
587 2641 637 2736 (l)
659 2665 701 2713 ne
721 2646 898 2733 regionem
927 2646 1020 2714 illam
1046 2644 1177 2715 inficiat
1215 2644 1398 2731 laborare,
1429 2646 1673 2715 nos'volentes
1699 2643 1864 2732 inhujus

425 2742 572 2833 negocio
594 2740 677 2809 fidei
698 2741 896 2812 laborantes
917 2743 1102 2833 largitione
1123 2764 1307 2812 munerum
1328 2743 1539 2826 confovere,
1567 2743 1667 2812 vobis
1690 2752 1726 2812 et
1746 2741 1862 2811 omui·

421 2840 489 2910 bus
509 2840 568 2931 qui
588 2840 762 2930 usquead
782 2845 1145 2935 consumpmationem
1167 2840 1303 2930 negocii
1327 2839 1430 2930 hujus
1451 2840 1666 2923 institerint,
1688 2860 1773 2909 vere
1795 2859 1863 2932 pe·

424 2939 618 3008 nitentibus
643 2948 678 3006 et
701 2938 893 3022 confessis,
928 2939 973 3008 de
993 2938 1243 3030 omnipotentis
1274 2938 1335 3007 Dei
1362 2939 1602 3008 misericordia
1623 2949 1658 3007 et
1677 2938 1865 3008 beatorum

422 3036 512 3107 Petri
541 3046 575 3104 et
599 3034 693 3102 Pauli
723 3037 963 3127 apostolorum
992 3039 1069 3126 ejus
1096 3031 1137 3132 [l⁰
1165 3033 1233 3104 t8t
1252 3032 1287 3132 a]
1308 3035 1517 3106 auctoritate
1545 3033 1689 3119 conlisi,
1719 3034 1864 3127 plenam

422 3133 650 3204 concedimus
663 3132 803 3201 veniam
825 3146 1063 3225 pcccatorum,
1081 3134 1258 3225 sociisque
1276 3132 1414 3222 ordinis
1432 3134 1542 3204 vestri
1564 3134 1729 3202 fratribus
1745 3144 1781 3202 et
1802 3153 1866 3204 no·

423 3231 521 3300 tariis
540 3229 668 3299 vestris
682 3232 742 3319 qui
764 3251 831 3298 una
851 3232 1032 3301 vobiscum
1053 3233 1087 3302 in
1102 3234 1346 3324 persecutione
1363 3232 1467 3320 hujus
1482 3231 1617 3322 negocii
1636 3230 1862 3316 laborabunt,

424 3327 556 3399 stallis
576 3331 637 3418 qui
659 3327 760 3397 vobis
781 3328 814 3395 in
836 3329 960 3399 eodem
981 3333 1127 3421 negocio
1153 3351 1198 3398 ex
1224 3328 1342 3398 auimo
1366 3329 1538 3399 auxilium
1568 3327 1786 3421 prestiterint
1806 3328 1864 3398 vel

426 3426 583 3496 levorem
606 3436 675 3493 tres
697 3444 808 3495 unitos
827 3427 871 3496 de
892 3427 1058 3517 injunctis
1078 3427 1145 3496 sibi
1165 3426 1367 3519 penitentiis
1389 3426 1609 3512 relaxcnrus3
1632 3439 1664 3494 ct
1685 3426 1714 3494 si
1735 3425 1865 3517 quiex

424 3521 493 3592 biis
505 3524 539 3591 in
553 3523 797 3615 persecutione
808 3525 889 3593 dicti
901 3526 1037 3616 negocii
1051 3528 1139 3597 lorte
1159 3524 1389 3606 decesserint,
1402 3526 1453 3594 eis
1470 3536 1692 3615 peccaturum
1702 3525 1863 3593 omnium

425 3621 616 3712 dequibus
636 3621 742 3689 corde
760 3622 899 3690 contriti
920 3635 954 3692 et
970 3644 1031 3692 ore
1047 3624 1198 3693 conlessi
1223 3623 1354 3692 luerint
1375 3621 1513 3714 plenam
1533 3622 1673 3690 veniam
1696 3619 1863 3712 indulge·

425 3740 515 3787 mus.
545 3718 668 3786 Datum
701 3718 907 3810 burdegali,
936 3719 1008 3789 Vll⁰
1032 3720 1200 3791 kalendas
1226 3719 1456 3812 septembris,
1487 3717 1712 3812 pontificatus
1744 3719 1861 3789 nostri

423 3837 517 3886 anno
539 3816 671 3906 primo,
694 3817 760 3885 sub
782 3838 877 3886 anno
896 3817 1035 3887 Domini
1057 3819 1119 3888 ΜΟ.
1140 3816 1241 3885 CCC0.
1260 3817 1331 3886 Vl⁰.

478 4009 639 4082 Clemens
668 4014 1008 4104 episcopusservus
1046 4034 1231 4083 servorum
1274 4014 1362 4092 Dei,
1404 4013 1667 4083 venerabilibus
1697 4012 1865 4083 tratribus

425 4108 694 4201 archiepiscopo
712 4109 966 4180 Mediolanensi
991 4121 1025 4179 ct
1044 4113 1121 4200 ejus
1145 4111 1378 4201 suffraganeis
1398 4111 1546 4180 salutem
1568 4122 1603 4180 et
1623 4108 1864 4201 Apostolicam

424 4206 722 4277 benedictionem.
740 4208 960 4278 —Pcrveuit
977 4230 1090 4300 nuper
1108 4210 1152 4278 ad
1170 4208 1385 4278 audientiam
1402 4220 1570 4294 nostram,
1591 4207 1687 4299 quod
1704 4228 1775 4277 non
1787 4207 1866 4278 sinc

425 4305 542 4375 cordis
558 4305 794 4375 amaritudine
815 4328 939 4395 magna
958 4306 1169 4392 cellerimus,
1185 4307 1335 4397 qualiter
1355 4307 1515 4397 nequicia
1536 4306 1630 4374 illius
1646 4303 1706 4373 lilii
1728 4303 1863 4399 Beryat,

424 4403 484 4494 qui
506 4414 652 4471 vocatur
670 4402 858 4486 Dulcibus,
881 4404 914 4470 in
935 4403 1146 4473 Lomhardie
1168 4404 1325 4496 partibus
1347 4403 1534 4496 pullulavit
1553 4403 1587 4471 in
1612 4414 1745 4471 tantum
1766 4401 1866 4495 qu'od

424 4499 500 4593 ipse
519 4511 637 4568 contra
660 4512 815 4569 sanctam
844 4501 1032 4570 Ecclesiam
1055 4513 1089 4571 ct
1116 4499 1221 4570 fidem
1247 4501 1455 4571 catholicam
1485 4523 1524 4570 se
1548 4499 1746 4586 extollens,
1769 4500 1864 4570 veri·

426 4597 504 4667 tatis
523 4597 577 4666 via
598 4599 768 4688 neglecta,
792 4599 825 4666 in
849 4599 1074 4691 precipicium
1091 4600 1208 4692 lapsus
1224 4600 1355 4669 erroris
1377 4620 1446 4669 non
1463 4599 1580 4668 solum
1597 4618 1636 4667 se
1656 4601 1772 4691 ipsum
1790 4618 1868 4690 pre-

423 4695 544 4786 cipitat
570 4695 604 4763 in
634 4695 853 4786 gehennam,
884 4709 938 4766 set
965 4708 999 4765 et
1024 4697 1150 4767 multos
1175 4696 1282 4766 trahit
1306 4698 1340 4766 in
1365 4696 1511 4767 devium
1536 4697 1647 4766 verbo
1669 4697 1802 4787 pariter
1830 4706 1868 4766 et

352 4834 357 4845 ·
425 4793 588 4885 exemplo
611 4819 618 4860 :
641 4793 741 4882 cujus
762 4815 899 4864 errores
920 4795 1109 4865 nonnullos
1137 4795 1229 4864 illius
1250 4794 1434 4887 provincie
1462 4815 1525 4888 pro
1552 4794 1682 4864 dolori
1720 4792 1867 4864 fedave-

464 5019 499 5085 (tt
517 5018 555 5073 Cc
572 5022 637 5074 titre
653 5025 727 5076 u'cst
744 5039 795 5092 pus
810 5023 883 5077 dans
898 5024 924 5076 le
940 5024 1110 5079 ruanuscrit.

1076 5766 1292 5984 ”N
