4612 6404
444 627 515 698 552
733 643 897 697 aasmrca
922 645 1164 712 raoursrrrorus
1190 642 1353 697 aunuum
1378 644 1590 698 amvrrarrs.

444 802 524 870 dam
546 801 613 870 alia
634 800 853 891 hujusmodi,
874 802 919 870 ad
937 801 1148 893 captandum
1169 802 1381 870 auditumst
1401 800 1672 873 demulcendum
1692 826 1799 876 aures
1818 828 1880 877 au·

446 899 617 969 dieutiam
650 910 684 968 et
713 898 954 968 seducendum
984 902 1089 969 corda
1122 899 1333 991 simplicium
1366 898 1601 985 cantitantes,
1641 924 1722 972 cnm
1762 915 1882 975 mmeu

448 1008 547 1066 extra
569 997 734 1065 unitatem
751 1008 785 1065 et
805 996 1041 1066 obedientiam
1057 1009 1178 1067 sancte
1192 1018 1233 1066 ac
1247 996 1418 1067 catholice
1433 996 1589 1068 Romane
1603 999 1760 1072 Ecclesia
1776 1023 1798 1071 a
1812 1024 1883 1095 qua

449 1094 514 1185 ipsi
544 1094 668 1186 precisi
696 1105 798 1182 sunt,
826 1093 922 1163 nulla
951 1095 994 1164 sit
1018 1116 1102 1164 vera
1131 1095 1321 1187 penitentia
1350 1115 1414 1164 nec
1437 1095 1603 1165 salubris.
1629 1097 1684 1167 Hii
1709 1111 1794 1169 sunt
1820 1104 1883 1193 qui

450 1212 517 1261 nou
538 1191 707 1261 intrantes
729 1213 789 1284 per
806 1191 959 1263 bostium
981 1194 1017 1262 iu
1035 1194 1130 1264 ovile
1151 1192 1369 1264 Dominicum
1389 1192 1533 1263 aliunde
1552 1195 1750 1266 ascendunt
1772 1210 1807 1267 et
1827 1200 1882 1269 lu-

447 1301 567 1358 rentur
585 1301 620 1358 et
640 1291 788 1380 perdant
807 1300 842 1359 et
866 1300 1016 1360 mactent
1039 1312 1109 1362 non
1137 1302 1204 1361 tam
1230 1310 1376 1383 corpora
1396 1311 1501 1382 quam
1523 1292 1658 1363 animas
1684 1297 1878 1386 preciosas.

445 1385 502 1454 Hii
525 1399 607 1455 sunt
633 1387 820 1479 vulpecula
843 1389 902 1478 qui
932 1389 1037 1458 iacies
1064 1389 1206 1481 quidem
1232 1388 1401 1458 babentes
1424 1389 1584 1459 diversas
1609 1401 1662 1461 set
1681 1393 1815 1463 caudas
1836 1394 1881 1464 ad

446 1485 597 1554 invicem
616 1485 790 1576 alligatas,
809 1488 948 1556 vineam
964 1486 1105 1557 Domini
1120 1486 1261 1570 Sabaot‚
1278 1485 1466 1556 Ecclesiam
1487 1486 1651 1558 videlicet
1669 1489 1880 1563 catholicam

445 1580 607 1651 diltusam
626 1604 692 1674 per
709 1585 851 1666 orbem,
872 1583 1031 1654 demoliri
1053 1597 1244 1670 conantur,
1266 1586 1523 1654 circumeuntes
1547 1606 1642 1656 mare
1664 1598 1700 1657 et
1721 1589 1878 1672 aridam,

443 1689 479 1748 et
497 1681 632 1750 occulta
653 1681 897 1751 conventicula
924 1684 1109 1764 iacientes,
1135 1693 1361 1774 segregantes
1383 1703 1422 1752 se
1441 1703 1460 1752 a
1483 1687 1663 1753 communi
1689 1707 1879 1757 couversa-

443 1776 538 1848 tione
557 1776 736 1862 fidelium,
759 1782 829 1848 vita
851 1790 885 1848 et
906 1779 1061 1849 moribus
1081 1781 1176 1850 victu
1200 1794 1235 1849 et
1255 1780 1374 1850 habitu
1396 1780 1620 1850 dissidentes.
1639 1781 1695 1851 Hii
1714 1794 1799 1853 suut
1818 1785 1879 1876 qui

443 1878 657 1967 pretendunt
688 1878 876 1967 quamdam
905 1875 1018 1947 fictam
1047 1889 1081 1946 et
1108 1878 1228 1948 salsam
1255 1879 1411 1948 exterius
1438 1881 1590 1969 speciem
1617 1891 1652 1949 et
1676 1881 1878 1974 ymaginem

443 1974 636 2044 sanctitatis
665 1995 852 2067 perquam
882 1975 1017 2045 facilius
1044 1975 1261 2066 simplicibus
1288 1975 1522 2068 persuadeant
1548 1987 1583 2046 et
1607 1977 1795 2049 seducant.
1827 1979 1877 2052 Ex

443 2072 573 2161 quibus
585 2073 749 2143 omuibus
760 2085 794 2141 et
807 2072 885 2142 aliis
904 2072 1081 2143 nonnullis
1096 2073 1229 2142 dicerni
1250 2084 1394 2165 possunt
1411 2065 1567 2143 aChristi
1580 2075 1709 2144 ovibus
1723 2098 1786 2167 per
1801 2098 1880 2168 pas·

442 2178 537 2238 tores
549 2169 715 2253 Ecclesia,
734 2172 762 2239 si
778 2170 903 2261 vigiles
919 2171 1049 2239 luerint.
1063 2192 1170 2262 super
1180 2193 1320 2262 gregem
1339 2170 1405 2240 sibi
1421 2172 1645 2241 commissum
1662 2184 1698 2243 et
1711 2175 1880 2244 custodes

441 2266 594 2337 solliciti.
622 2268 709 2338 Sunt
735 2274 863 2338 etenim
889 2269 960 2360 lupi
989 2289 1132 2361 rapaces
1156 2281 1189 2338 et
1214 2268 1433 2338 vestimentis
1462 2263 1502 2363 [p
1524 2268 1592 2336 l89
1612 2266 1649 2366 d]
1671 2271 1793 2341 ovium
1815 2292 1880 2342 ex·

443 2364 616 2435 trinsecus
631 2377 840 2459 apparentes
862 2378 899 2435 ut
912 2369 1072 2436 securius
1088 2367 1300 2436 insidientur
1320 2366 1469 2436 incautis
1484 2376 1520 2436 et
1534 2387 1653 2436 secum
1672 2368 1880 2460 pertrahant

443 2462 478 2528 io
500 2462 679 2534 baratrum
702 2477 797 2533 secte
823 2485 887 2534 sua
912 2465 986 2534 suis
1010 2464 1142 2533 retibus
1169 2465 1343 2549 irretitos3
1372 2464 1465 2534 riade
1491 2465 1655 2556 expedit,
1678 2470 1787 2536 immo
1818 2488 1880 2537 ue·

442 2579 542 2630 casse
562 2573 615 2632 est
635 2576 672 2631 ut
692 2574 811 2632 contra
833 2564 928 2654 ipsos
951 2583 995 2632 ex
1013 2563 1164 2632 adverso
1188 2562 1232 2632 ab
1252 2561 1416 2632 omnibus
1433 2561 1561 2631 Christi
1580 2560 1744 2633 fidelibus
1764 2562 1880 2634 virili·

443 2669 495 2726 ter
514 2674 747 2752 consurgatur
765 2673 802 2728 nt
820 2660 1039 2729 credentium
1058 2660 1103 2729 de
1120 2659 1248 2729 finibus
1264 2659 1499 2753 expellantur,
1519 2680 1563 2729 ne
1581 2681 1646 2730 sua
1664 2662 1880 2752 contagione

440 2757 602 2846 pestifera
635 2756 792 2828 inliciant
820 2778 903 2827 ores
938 2778 1055 2827 sanas.
1094 2756 1224 2826 Horum
1261 2757 1487 2850 quamplures
1516 2758 1549 2825 in
1581 2760 1682 2828 anuis
1713 2759 1880 2851 proxime

433 2851 506 2945 jam
531 2859 712 2925 transactis
731 2855 776 2924 ab
801 2875 894 2926 auno
920 2856 1099 2926 Dominice
1119 2855 1370 2925 incarnationis
1387 2854 1448 2927 M0.
1466 2853 1566 2924 aaa.
1590 2866 1625 2925 et
1643 2859 1749 2925 etiam
1769 2855 1880 2948 paulo

438 2961 520 3019 aute
540 2973 560 3021 a
577 2954 664 3023 l'acie
684 2953 930 3044 inquisitorum
948 2955 1235 3046 persequentium
1249 2953 1294 3021 de
1310 2956 1385 3022 suis
1400 2950 1529 3021 finibus
1549 2954 1724 3043 fugientes
1740 2957 1776 3021 iu
1798 2976 1880 3047 par·

440 3057 492 3115 tes
513 3050 691 3144 Hyspanie
710 3052 941 3136 transierunt,
960 3050 1105 3143 patriam
1132 3050 1225 3119 illam
1252 3050 1400 3120 lustrare
1425 3072 1495 3122 nou
1523 3050 1698 3121 illustrare
1722 3073 1878 3142 queren-

440 3153 515 3226 tes,
538 3158 576 3216 ut
591 3149 637 3217 ibi
660 3152 776 3217 miuus
793 3147 922 3239 cogniti
946 3168 1050 3240 quam
1068 3149 1101 3216 in
1122 3151 1196 3217 suis
1217 3149 1373 3241 partibus
1394 3151 1504 3238 magia
1523 3161 1671 3218 noceant
1691 3150 1879 3240 magisque

439 3241 617 3340 inliciant,
639 3258 672 3315 et
694 3266 736 3317 eo
756 3244 991 3317 confidentius
1010 3267 1081 3336 quo
1101 3247 1264 3315 latentius
1288 3247 1415 3315 iaciant
1438 3247 1507 3316 sibi
1526 3246 1658 3316 similes
1679 3259 1877 3318 sectatores

438 3342 645 3431 perditionis
662 3341 751 3414 lilios
770 3355 805 3414 et
819 3343 993 3434 gehenne.
1014 3343 1142 3413 Horum
1160 3344 1299 3413 nomina
1323 3366 1391 3414 non
1412 3364 1521 3441 pauca
1542 3343 1588 3413 de
1609 3345 1697 3414 libro
1713 3345 1784 3412 vite
1805 3346 1877 3415 uisi

438 3440 649 3533 resipuerint
677 3442 790 3510 deleta
816 3441 910 3532 apud
934 3463 998 3511 nos
1024 3441 1219 3533 conscripta
1251 3441 1444 3528 habentur,
1472 3440 1608 3511 detecta
1640 3465 1700 3533 per
1727 3463 1807 3511 eum
1836 3443 1876 3512 iu

433 3535 563 3625 juditio
584 3561 700 3611 coram
726 3540 828 3610 nobis
847 3539 907 3630 qui
927 3540 1018 3608 vidit
1037 3552 1071 3609 et
1095 3539 1232 3608 audivit
1257 3553 1291 3608 at
1309 3540 1413 3610 scivit
1432 3551 1467 3609 et
1486 3560 1563 3608 cum
1586 3540 1718 3610 eisdem
1740 3540 1805 3609 luit
1823 3538 1876 3610 ibi

438 3644 472 3702 et
492 3636 577 3705 alibi
597 3649 840 3708 conversatus.
862 3637 1033 3728 Vigilate,
1056 3648 1236 3729 pastoreS,
1256 3658 1363 3728 super
1382 3637 1577 3707 custodiam
1597 3638 1712 3727 gregis
1733 3637 1844 3706 vestri
1864 3661 1875 3725 3

438 3737 652 3827 consurgite,
676 3733 757 3805 fidei
779 3735 961 3821 zelatores,
985 3746 1021 3803 ut
1042 3735 1128 3803 tales
1148 3734 1207 3824 qui
1227 3735 1320 3826 apud
1342 3755 1405 3804 vos
1427 3734 1573 3804 ubilibet
1593 3736 1719 3826 reperti
1742 3735 1878 3805 fuerint

437 3833 621 3923 capiantur
639 3845 673 3904 et
695 3833 883 3924 diligenter
902 3843 936 3902 et
955 3843 1056 3903 caute
1073 3833 1340 3920 examinentur;
1365 3843 1400 3901 et
1421 3833 1480 3924 qai
1503 3832 1714 3924 deprehensi
1739 3832 1877 3902 luerint

438 3941 645 4000 exorteutur
670 3944 704 4001 et
732 3931 925 4000 invitentur
951 3932 994 4000 ad
1019 3931 1306 4016 couversionem3
1334 3940 1368 3999 et
1389 3929 1418 3998 si
1447 3931 1605 3999 converti
1634 3929 1810 4000 noluerint
1837 3943 1877 4000 et

440 4029 568 4097 reverti
590 4032 633 4099 ad
654 4028 924 4099 ecclesiasticam
947 4029 1130 4111 unitatem,
1152 4027 1310 4122 abjurata
1328 4028 1468 4119 penitus
1488 4031 1524 4095 in
1548 4027 1677 4116 juditio
1691 4043 1786 4098 secta
1811 4028 1875 4098 illa

437 4135 473 4192 et
491 4129 586 4196 omui
612 4127 678 4196 alia
709 4126 860 4196 heretica
881 4127 1073 4218 pravitate,
1098 4125 1330 4195 detrudantur
1353 4124 1388 4192 in
1407 4136 1540 4194 certum
1563 4125 1675 4195 lacum
1703 4124 1747 4193 ad
1767 4128 1873 4217 peni-

439 4224 581 4293 tentiam
602 4225 858 4317 peragendam3
884 4235 918 4292 et
939 4223 1106 4315 probetur
1122 4244 1166 4293 ue
1183 4222 1344 4292 simulata
1361 4222 1595 4293 conversione
1607 4224 1753 4292 redeant
1772 4223 1872 4292 lrau·

436 4320 617 4404 duleuter,
640 4334 674 4392 et
694 4323 783 4392 alios
803 4343 885 4416 ymo
905 4322 1026 4414 pocius
1044 4341 1083 4389 se
1101 4320 1196 4413 ipsos
1218 4320 1399 4408 tallentes,
1423 4321 1490 4390 sub
1506 4322 1587 4410 agni
1607 4321 1724 4413 specie
1743 4333 1874 4408 gerant

436 4412 477 4511 [l0
498 4418 565 4487 tau
585 4416 619 4518 a]
645 4421 792 4513 lnpom;
825 4418 1119 4510 requiranturque
1141 4428 1176 4488 et
1194 4429 1364 4508 cogantur
1387 4439 1470 4488 suos
1490 4439 1627 4489 errores
1648 4419 1747 4487 lateri
1766 4438 1872 4489 suos-

433 4538 503 4607 que
523 4518 711 4611 complices
731 4518 765 4586 in
783 4517 913 4609 juditio
930 4516 1101 4586 revelare.
1123 4514 1188 4598 Qui
1211 4516 1278 4587 nisi
1296 4515 1489 4586 examinati
1508 4515 1668 4586 absolute
1688 4514 1872 4586 voluerint

433 4616 608 4687 mandatis
628 4616 780 4687 Ecclesia
800 4615 946 4686 obedire
963 4627 997 4683 et
1012 4614 1175 4704 abjurare
1193 4614 1343 4683 heresim
1364 4625 1399 4684 et
1418 4629 1544 4706 sponte
1560 4613 1676 4682 redire
1694 4612 1738 4681 ad
1756 4613 1873 4684 eccle·

432 4712 608 4783 siasticam
640 4717 835 4795 unitatem,
865 4725 1046 4805 postquam
1076 4712 1231 4802 legitime
1255 4723 1288 4780 et
1319 4712 1487 4781 canonice
1517 4711 1640 4781 moniti
1664 4721 1700 4779 et
1727 4709 1870 4780 invitati

433 4811 562 4879 luerint
581 4814 623 4881 ad
645 4811 912 4882 conversionem
934 4821 968 4879 et
983 4807 1240 4879 ¹rationabiliter
1259 4809 1452 4901 expectati,
1479 4811 1736 4878 communicato
1758 4828 1871 4899 super

432 4904 499 4976 boc
517 4910 664 4979 consilio
693 4908 923 5002 sapientium,
946 4906 1188 4998 relinquantur
1212 4906 1360 4976 seculari
1384 4907 1530 4997 juditio,
1556 4905 1871 4976 animadversione

431 5003 548 5073 debita
585 5007 751 5098 puniendi
779 5006 973 5076 secundum
1003 5005 1188 5076 canonicas
1207 5005 1420 5073 sanctiones.
1453 5004 1488 5072 ln
1520 5024 1669 5096 quorum
1703 5003 1867 5073 omnium
