<?xml version="1.0" encoding="UTF-8"?>
<!DOCTYPE html PUBLIC "-//W3C//DTD XHTML 1.0 Transitional//EN"
    "http://www.w3.org/TR/xhtml1/DTD/xhtml1-transitional.dtd">
<html xmlns="http://www.w3.org/1999/xhtml" xml:lang="en" lang="en">
 <head>
  <title>
</title>
<meta http-equiv="Content-Type" content="text/html;charset=utf-8" />
  <meta name='ocr-system' content='tesseract 3.04.00' />
  <meta name='ocr-capabilities' content='ocr_page ocr_carea ocr_par ocr_line ocrx_word'/>
</head>
<body>
  <div class='ocr_page' id='page_1' title='image "./practicainquisi00douagoog_0104.png"; bbox 0 0 4574 6404; ppageno 0'>
   <div class='ocr_carea' id='block_1_1' title="bbox 427 662 1571 748">
    <p class='ocr_par' dir='ltr' id='par_1_1' title="bbox 427 662 1571 748">
     <span class='ocr_line' id='line_1_1' title="bbox 427 662 1571 748; baseline 0 -16"><span class='ocrx_word' id='word_1_1' title='bbox 427 662 473 732; x_wconf 81' lang='lat'>86</span> <span class='ocrx_word' id='word_1_2' title='bbox 715 680 877 735; x_wconf 74' lang='lat' dir='ltr'>emerici</span> <span class='ocrx_word' id='word_1_3' title='bbox 903 681 1143 748; x_wconf 73' lang='lat' dir='ltr'>inquinatoris</span> <span class='ocrx_word' id='word_1_4' title='bbox 1170 679 1332 734; x_wconf 81' lang='lat' dir='ltr'>saranica</span> <span class='ocrx_word' id='word_1_5' title='bbox 1358 679 1571 733; x_wconf 78' lang='lat' dir='ltr'>rnrviraris.</span> 
     </span>
    </p>
   </div>
   <div class='ocr_carea' id='block_1_2' title="bbox 426 838 1859 1422">
    <p class='ocr_par' dir='ltr' id='par_1_2' title="bbox 426 838 1859 1422">
     <span class='ocr_line' id='line_1_2' title="bbox 426 838 1858 938; baseline 0.004 -30"><span class='ocrx_word' id='word_1_6' title='bbox 426 838 537 909; x_wconf 84' lang='lat' dir='ltr'>fertur</span> <span class='ocrx_word' id='word_1_7' title='bbox 559 839 731 910; x_wconf 90' lang='lat' dir='ltr'>sententia</span> <span class='ocrx_word' id='word_1_8' title='bbox 759 850 881 910; x_wconf 89' lang='lat' dir='ltr'>contra</span> <span class='ocrx_word' id='word_1_9' title='bbox 904 839 1028 911; x_wconf 93' lang='lat' dir='ltr'>domos</span> <span class='ocrx_word' id='word_1_10' title='bbox 1052 861 1122 933; x_wconf 91' lang='lat' dir='ltr'>que</span> <span class='ocrx_word' id='word_1_11' title='bbox 1148 839 1277 911; x_wconf 90' lang='lat' dir='ltr'>luerint</span> <span class='ocrx_word' id='word_1_12' title='bbox 1307 838 1482 910; x_wconf 90' lang='lat' dir='ltr'>diruende</span> <span class='ocrx_word' id='word_1_13' title='bbox 1514 839 1551 908; x_wconf 94' lang='lat' dir='ltr'>in</span> <span class='ocrx_word' id='word_1_14' title='bbox 1583 838 1712 932; x_wconf 90' lang='lat' dir='ltr'>quihus</span> <span class='ocrx_word' id='word_1_15' title='bbox 1736 840 1858 938; x_wconf 89' lang='lat' dir='ltr'>alique</span> 
     </span>
     <span class='ocr_line' id='line_1_3' title="bbox 427 935 1857 1030; baseline 0.004 -24"><span class='ocrx_word' id='word_1_16' title='bbox 427 956 578 1030; x_wconf 83' lang='lat' dir='ltr'>persone</span> <span class='ocrx_word' id='word_1_17' title='bbox 617 936 747 1007; x_wconf 89' lang='lat' dir='ltr'>luerint</span> <span class='ocrx_word' id='word_1_18' title='bbox 780 935 995 1023; x_wconf 88' lang='lat' dir='ltr'>hereticate,</span> <span class='ocrx_word' id='word_1_19' title='bbox 1031 959 1095 1008; x_wconf 89' lang='lat' dir='ltr'>sen</span> <span class='ocrx_word' id='word_1_20' title='bbox 1129 938 1165 1008; x_wconf 93' lang='lat' dir='ltr'>in</span> <span class='ocrx_word' id='word_1_21' title='bbox 1201 947 1330 1008; x_wconf 87' lang='lat' dir='ltr'>sectam</span> <span class='ocrx_word' id='word_1_22' title='bbox 1374 938 1599 1030; x_wconf 90' lang='lat' dir='ltr'>dampnatam</span> <span class='ocrx_word' id='word_1_23' title='bbox 1619 937 1857 1016; x_wconf 80' lang='lat' dir='ltr'><strong>hereticorum</strong></span> 
     </span>
     <span class='ocr_line' id='line_1_4' title="bbox 427 1033 1856 1128; baseline 0.005 -25"><span class='ocrx_word' id='word_1_24' title='bbox 427 1045 590 1128; x_wconf 82' lang='lat' dir='ltr'>recepte,</span> <span class='ocrx_word' id='word_1_25' title='bbox 612 1034 670 1105; x_wconf 87' lang='lat' dir='ltr'>vel</span> <span class='ocrx_word' id='word_1_26' title='bbox 688 1033 767 1105; x_wconf 92' lang='lat' dir='ltr'>aliis</span> <span class='ocrx_word' id='word_1_27' title='bbox 787 1034 893 1124; x_wconf 77' lang='lat' dir='ltr'>iustis</span> <span class='ocrx_word' id='word_1_28' title='bbox 913 1055 957 1105; x_wconf 83' lang='lat' dir='ltr'>ex</span> <span class='ocrx_word' id='word_1_29' title='bbox 978 1035 1114 1124; x_wconf 81' lang='lat' dir='ltr'>causis3</span> <span class='ocrx_word' id='word_1_30' title='bbox 1143 1033 1345 1125; x_wconf 85' lang='lat' dir='ltr'>hujusmodi</span> <span class='ocrx_word' id='word_1_31' title='bbox 1373 1055 1515 1128; x_wconf 89' lang='lat' dir='ltr'>quoque</span> <span class='ocrx_word' id='word_1_32' title='bbox 1539 1035 1714 1106; x_wconf 89' lang='lat' dir='ltr'>sententia</span> <span class='ocrx_word' id='word_1_33' title='bbox 1734 1046 1856 1110; x_wconf 86' lang='lat' dir='ltr'>contra</span> 
     </span>
     <span class='ocr_line' id='line_1_5' title="bbox 428 1130 1859 1227; baseline 0.003 -26"><span class='ocrx_word' id='word_1_34' title='bbox 428 1130 552 1203; x_wconf 90' lang='lat' dir='ltr'>domos</span> <span class='ocrx_word' id='word_1_35' title='bbox 581 1130 755 1202; x_wconf 88' lang='lat' dir='ltr'>interdum</span> <span class='ocrx_word' id='word_1_36' title='bbox 782 1132 1035 1204; x_wconf 87' lang='lat' dir='ltr'>convenienter</span> <span class='ocrx_word' id='word_1_37' title='bbox 1072 1132 1199 1226; x_wconf 89' lang='lat' dir='ltr'>poterit</span> <span class='ocrx_word' id='word_1_38' title='bbox 1225 1133 1308 1204; x_wconf 90' lang='lat' dir='ltr'>lerri</span> <span class='ocrx_word' id='word_1_39' title='bbox 1341 1143 1420 1225; x_wconf 91' lang='lat' dir='ltr'>post</span> <span class='ocrx_word' id='word_1_40' title='bbox 1450 1132 1660 1203; x_wconf 91' lang='lat' dir='ltr'>sententiam</span> <span class='ocrx_word' id='word_1_41' title='bbox 1689 1154 1859 1227; x_wconf 87' lang='lat' dir='ltr'>persona·</span> 
     </span>
     <span class='ocr_line' id='line_1_6' title="bbox 428 1228 1857 1326; baseline 0.004 -28"><span class='ocrx_word' id='word_1_42' title='bbox 428 1250 505 1298; x_wconf 92' lang='lat' dir='ltr'>rum</span> <span class='ocrx_word' id='word_1_43' title='bbox 526 1228 817 1318; x_wconf 90' lang='lat' dir='ltr'>hereticatarum,</span> <span class='ocrx_word' id='word_1_44' title='bbox 839 1251 902 1300; x_wconf 87' lang='lat' dir='ltr'>seu</span> <span class='ocrx_word' id='word_1_45' title='bbox 928 1230 964 1300; x_wconf 93' lang='lat' dir='ltr'>in</span> <span class='ocrx_word' id='word_1_46' title='bbox 984 1240 1114 1301; x_wconf 87' lang='lat' dir='ltr'>sectam</span> <span class='ocrx_word' id='word_1_47' title='bbox 1135 1230 1359 1323; x_wconf 82' lang='lat' dir='ltr'>dampnatnm</span> <span class='ocrx_word' id='word_1_48' title='bbox 1381 1228 1615 1302; x_wconf 80' lang='lat' dir='ltr'>hereticorum</span> <span class='ocrx_word' id='word_1_49' title='bbox 1635 1242 1857 1326; x_wconf 88' lang='lat' dir='ltr'>receptarum</span> 
     </span>
     <span class='ocr_line' id='line_1_7' title="bbox 428 1326 1417 1422; baseline 0.003 -29"><span class='ocrx_word' id='word_1_50' title='bbox 428 1326 463 1396; x_wconf 95' lang='lat' dir='ltr'>in</span> <span class='ocrx_word' id='word_1_51' title='bbox 485 1326 619 1398; x_wconf 90' lang='lat' dir='ltr'>eisdem</span> <span class='ocrx_word' id='word_1_52' title='bbox 639 1326 803 1398; x_wconf 80' lang='lat' dir='ltr'>domibus</span> <span class='ocrx_word' id='word_1_53' title='bbox 815 1381 826 1416; x_wconf 97' lang='lat'>,</span> <span class='ocrx_word' id='word_1_54' title='bbox 847 1330 878 1398; x_wconf 93' lang='lat' dir='ltr'>si</span> <span class='ocrx_word' id='word_1_55' title='bbox 898 1328 1009 1420; x_wconf 78' lang='lat' dir='ltr'>magis</span> <span class='ocrx_word' id='word_1_56' title='bbox 1029 1327 1223 1422; x_wconf 81' lang='lat' dir='ltr'>expediens</span> <span class='ocrx_word' id='word_1_57' title='bbox 1242 1327 1417 1399; x_wconf 84' lang='lat' dir='ltr'>videatur.</span> 
     </span>
    </p>
   </div>
   <div class='ocr_carea' id='block_1_3' title="bbox 874 1581 1412 1665">
    <p class='ocr_par' dir='ltr' id='par_1_3' title="bbox 874 1581 1412 1665">
     <span class='ocr_line' id='line_1_8' title="bbox 874 1581 1412 1665; baseline -0.002 -18"><span class='ocrx_word' id='word_1_58' title='bbox 874 1581 909 1647; x_wconf 82' lang='lat'>2.</span> <span class='ocrx_word' id='word_1_59' title='bbox 932 1583 1067 1648; x_wconf 81' lang='lat' dir='ltr'>Forma</span> <span class='ocrx_word' id='word_1_60' title='bbox 1081 1590 1187 1649; x_wconf 80' lang='lat' dir='ltr'>actus</span> <span class='ocrx_word' id='word_1_61' title='bbox 1202 1582 1340 1650; x_wconf 83' lang='lat' dir='ltr'>notorii</span> <span class='ocrx_word' id='word_1_62' title='bbox 1355 1583 1412 1665; x_wconf 88' lang='grc'>(1).</span> 
     </span>
    </p>
   </div>
   <div class='ocr_carea' id='block_1_4' title="bbox 227 1811 1856 2213">
    <p class='ocr_par' dir='ltr' id='par_1_4' title="bbox 227 1811 1856 2118">
     <span class='ocr_line' id='line_1_9' title="bbox 478 1811 1856 1923; baseline 0.001 -29"><span class='ocrx_word' id='word_1_63' title='bbox 478 1819 530 1921; x_wconf 80' lang='lat' dir='ltr'>[F0</span> <span class='ocrx_word' id='word_1_64' title='bbox 560 1821 604 1893; x_wconf 77' lang='lat' dir='ltr'>tt</span> <span class='ocrx_word' id='word_1_65' title='bbox 632 1821 669 1923; x_wconf 89' lang='lat' dir='ltr'>d]</span> <span class='ocrx_word' id='word_1_66' title='bbox 690 1825 727 1895; x_wconf 95' lang='lat' dir='ltr'>ln</span> <span class='ocrx_word' id='word_1_67' title='bbox 750 1811 893 1898; x_wconf 80' lang='lat' dir='ltr'>noniine</span> <span class='ocrx_word' id='word_1_68' title='bbox 916 1826 1054 1898; x_wconf 85' lang='lat' dir='ltr'><strong>Domini</strong></span> <span class='ocrx_word' id='word_1_69' title='bbox 1074 1827 1184 1898; x_wconf 82' lang='lat' dir='ltr'>nostri</span> <span class='ocrx_word' id='word_1_70' title='bbox 1205 1826 1311 1898; x_wconf 86' lang='lat' dir='ltr'>lhesn</span> <span class='ocrx_word' id='word_1_71' title='bbox 1331 1825 1472 1910; x_wconf 89' lang='lat' dir='ltr'>Christi,</span> <span class='ocrx_word' id='word_1_72' title='bbox 1495 1846 1613 1899; x_wconf 90' lang='lat' dir='ltr'>amen.</span> <span class='ocrx_word' id='word_1_73' title='bbox 1635 1824 1741 1896; x_wconf 81' lang='lat' dir='ltr'>Anno</span> <span class='ocrx_word' id='word_1_74' title='bbox 1761 1825 1856 1916; x_wconf 84' lang='lat' dir='ltr'>ejus-</span> 
     </span>
     <span class='ocr_line' id='line_1_10' title="bbox 424 1922 1854 2016; baseline 0 -23"><span class='ocrx_word' id='word_1_75' title='bbox 424 1922 506 1994; x_wconf 89' lang='lat' dir='ltr'>dem</span> <span class='ocrx_word' id='word_1_76' title='bbox 525 1922 663 1995; x_wconf 88' lang='lat' dir='ltr'>Domini</span> <span class='ocrx_word' id='word_1_77' title='bbox 682 1923 859 1995; x_wconf 91' lang='lat' dir='ltr'>benedicti</span> <span class='ocrx_word' id='word_1_78' title='bbox 878 1925 927 1995; x_wconf 86' lang='lat' dir='ltr'>lll⁰</span> <span class='ocrx_word' id='word_1_79' title='bbox 944 1924 1031 1995; x_wconf 86' lang='lat' dir='ltr'>CCC⁰</span> <span class='ocrx_word' id='word_1_80' title='bbox 1048 1924 1164 2009; x_wconf 86' lang='lat' dir='ltr'>XlX⁰‚</span> <span class='ocrx_word' id='word_1_81' title='bbox 1186 1924 1361 1996; x_wconf 90' lang='lat' dir='ltr'>dominica</span> <span class='ocrx_word' id='word_1_82' title='bbox 1382 1924 1440 1995; x_wconf 91' lang='lat' dir='ltr'>tali</span> <span class='ocrx_word' id='word_1_83' title='bbox 1460 1945 1531 2016; x_wconf 90' lang='lat' dir='ltr'>qua</span> <span class='ocrx_word' id='word_1_84' title='bbox 1553 1922 1750 1994; x_wconf 91' lang='lat' dir='ltr'>intitulatur</span> <span class='ocrx_word' id='word_1_85' title='bbox 1771 1922 1854 1993; x_wconf 94' lang='lat' dir='ltr'>talis</span> 
     </span>
     <span class='ocr_line' id='line_1_11' title="bbox 227 2019 1854 2118; baseline -0.001 -27"><span class='ocrx_word' id='word_1_86' title='bbox 227 2111 231 2118; x_wconf 27' lang='grc' dir='ltr'>Ι</span> <span class='ocrx_word' id='word_1_87' title='bbox 425 2020 599 2113; x_wconf 87' lang='lat' dir='ltr'>kalenda,</span> <span class='ocrx_word' id='word_1_88' title='bbox 620 2021 664 2092; x_wconf 94' lang='lat' dir='ltr'>ad</span> <span class='ocrx_word' id='word_1_89' title='bbox 690 2020 857 2093; x_wconf 89' lang='lat' dir='ltr'>honorem</span> <span class='ocrx_word' id='word_1_90' title='bbox 879 2023 1128 2116; x_wconf 91' lang='lat' dir='ltr'>omnipotentis</span> <span class='ocrx_word' id='word_1_91' title='bbox 1147 2022 1209 2092; x_wconf 90' lang='lat' dir='ltr'>Dei</span> <span class='ocrx_word' id='word_1_92' title='bbox 1229 2032 1265 2093; x_wconf 95' lang='lat' dir='ltr'>et</span> <span class='ocrx_word' id='word_1_93' title='bbox 1283 2020 1365 2093; x_wconf 85' lang='lat' dir='ltr'>fidei</span> <span class='ocrx_word' id='word_1_94' title='bbox 1386 2022 1524 2094; x_wconf 86' lang='lat' dir='ltr'>Domini</span> <span class='ocrx_word' id='word_1_95' title='bbox 1542 2020 1650 2093; x_wconf 89' lang='lat' dir='ltr'>lhesn</span> <span class='ocrx_word' id='word_1_96' title='bbox 1668 2019 1797 2092; x_wconf 86' lang='lat' dir='ltr'>Christi</span> <span class='ocrx_word' id='word_1_97' title='bbox 1818 2030 1854 2091; x_wconf 92' lang='lat' dir='ltr'>et</span> 
     </span>
    </p>

    <p class='ocr_par' dir='ltr' id='par_1_5' title="bbox 334 2117 1853 2213">
     <span class='ocr_line' id='line_1_12' title="bbox 334 2117 1853 2213; baseline 0 -26"><span class='ocrx_word' id='word_1_98' title='bbox 334 2119 341 2136; x_wconf 86' lang='grc'><strong>“</strong></span> <span class='ocrx_word' id='word_1_99' title='bbox 424 2129 545 2189; x_wconf 89' lang='lat' dir='ltr'>sancte</span> <span class='ocrx_word' id='word_1_100' title='bbox 563 2119 717 2190; x_wconf 84' lang='lat' dir='ltr'>Romane</span> <span class='ocrx_word' id='word_1_101' title='bbox 735 2119 889 2191; x_wconf 85' lang='lat' dir='ltr'>Declesie</span> <span class='ocrx_word' id='word_1_102' title='bbox 908 2123 966 2190; x_wconf 92' lang='lat' dir='ltr'>cui</span> <span class='ocrx_word' id='word_1_103' title='bbox 984 2120 1139 2212; x_wconf 87' lang='lat' dir='ltr'>presidet</span> <span class='ocrx_word' id='word_1_104' title='bbox 1157 2119 1235 2191; x_wconf 89' lang='lat' dir='ltr'>talis</span> <span class='ocrx_word' id='word_1_105' title='bbox 1251 2119 1293 2191; x_wconf 91' lang='lat' dir='ltr'>N.</span> <span class='ocrx_word' id='word_1_106' title='bbox 1316 2140 1405 2213; x_wconf 91' lang='lat' dir='ltr'>papa</span> <span class='ocrx_word' id='word_1_107' title='bbox 1423 2117 1497 2212; x_wconf 86' lang='lat' dir='ltr'>(ccl</span> <span class='ocrx_word' id='word_1_108' title='bbox 1507 2118 1583 2189; x_wconf 83' lang='lat' dir='ltr'>sic:</span> <span class='ocrx_word' id='word_1_109' title='bbox 1599 2118 1685 2190; x_wconf 91' lang='lat' dir='ltr'>sede</span> <span class='ocrx_word' id='word_1_110' title='bbox 1704 2137 1853 2189; x_wconf 88' lang='lat' dir='ltr'>romana</span> 
     </span>
    </p>
   </div>
   <div class='ocr_carea' id='block_1_5' title="bbox 400 2215 1857 4948">
    <p class='ocr_par' dir='ltr' id='par_1_6' title="bbox 423 2215 1857 3189">
     <span class='ocr_line' id='line_1_13' title="bbox 426 2215 1856 2310; baseline 0 -26"><span class='ocrx_word' id='word_1_111' title='bbox 426 2215 588 2310; x_wconf 90' lang='lat' dir='ltr'>vacante)</span> <span class='ocrx_word' id='word_1_112' title='bbox 616 2218 755 2287; x_wconf 88' lang='lat' dir='ltr'>luerunt</span> <span class='ocrx_word' id='word_1_113' title='bbox 782 2218 872 2288; x_wconf 87' lang='lat' dir='ltr'>lacte</span> <span class='ocrx_word' id='word_1_114' title='bbox 895 2220 1035 2308; x_wconf 79' lang='lat' dir='ltr'>gracie,</span> <span class='ocrx_word' id='word_1_115' title='bbox 1060 2218 1131 2288; x_wconf 90' lang='lat' dir='ltr'>late</span> <span class='ocrx_word' id='word_1_116' title='bbox 1152 2218 1348 2301; x_wconf 89' lang='lat' dir='ltr'>sententio,</span> <span class='ocrx_word' id='word_1_117' title='bbox 1370 2228 1406 2288; x_wconf 93' lang='lat' dir='ltr'>et</span> <span class='ocrx_word' id='word_1_118' title='bbox 1424 2217 1582 2308; x_wconf 88' lang='lat' dir='ltr'>injuncta</span> <span class='ocrx_word' id='word_1_119' title='bbox 1606 2215 1798 2310; x_wconf 86' lang='lat' dir='ltr'>penitentie</span> <span class='ocrx_word' id='word_1_120' title='bbox 1819 2225 1856 2286; x_wconf 88' lang='lat' dir='ltr'>et</span> 
     </span>
     <span class='ocr_line' id='line_1_14' title="bbox 425 2312 1853 2408; baseline -0.001 -25"><span class='ocrx_word' id='word_1_121' title='bbox 425 2325 501 2383; x_wconf 88' lang='lat' dir='ltr'>acta</span> <span class='ocrx_word' id='word_1_122' title='bbox 527 2314 594 2384; x_wconf 87' lang='lat' dir='ltr'>alia</span> <span class='ocrx_word' id='word_1_123' title='bbox 622 2335 691 2406; x_wconf 88' lang='lat' dir='ltr'>qne</span> <span class='ocrx_word' id='word_1_124' title='bbox 713 2327 900 2397; x_wconf 89' lang='lat' dir='ltr'>secuntur,</span> <span class='ocrx_word' id='word_1_125' title='bbox 931 2318 967 2385; x_wconf 93' lang='lat' dir='ltr'>in</span> <span class='ocrx_word' id='word_1_126' title='bbox 990 2336 1153 2386; x_wconf 88' lang='lat' dir='ltr'>sermone</span> <span class='ocrx_word' id='word_1_127' title='bbox 1178 2314 1319 2408; x_wconf 90' lang='lat' dir='ltr'>publico</span> <span class='ocrx_word' id='word_1_128' title='bbox 1339 2315 1588 2408; x_wconf 87' lang='lat' dir='ltr'>inquisitorum</span> <span class='ocrx_word' id='word_1_129' title='bbox 1612 2315 1703 2385; x_wconf 87' lang='lat' dir='ltr'>lacto</span> <span class='ocrx_word' id='word_1_130' title='bbox 1733 2316 1769 2383; x_wconf 95' lang='lat' dir='ltr'>in</span> <span class='ocrx_word' id='word_1_131' title='bbox 1791 2312 1853 2382; x_wconf 90' lang='lat' dir='ltr'>tali</span> 
     </span>
     <span class='ocr_line' id='line_1_15' title="bbox 425 2409 1857 2506; baseline 0 -26"><span class='ocrx_word' id='word_1_132' title='bbox 425 2409 532 2496; x_wconf 86' lang='lat' dir='ltr'>villa,</span> <span class='ocrx_word' id='word_1_133' title='bbox 557 2432 620 2482; x_wconf 88' lang='lat' dir='ltr'>seu</span> <span class='ocrx_word' id='word_1_134' title='bbox 640 2423 778 2498; x_wconf 92' lang='lat' dir='ltr'>castro,</span> <span class='ocrx_word' id='word_1_135' title='bbox 800 2413 835 2482; x_wconf 93' lang='lat' dir='ltr'>in</span> <span class='ocrx_word' id='word_1_136' title='bbox 862 2412 921 2484; x_wconf 91' lang='lat' dir='ltr'>tali</span> <span class='ocrx_word' id='word_1_137' title='bbox 949 2412 1047 2499; x_wconf 93' lang='lat' dir='ltr'>loco,</span> <span class='ocrx_word' id='word_1_138' title='bbox 1069 2433 1132 2506; x_wconf 90' lang='lat' dir='ltr'>per</span> <span class='ocrx_word' id='word_1_139' title='bbox 1157 2413 1341 2504; x_wconf 82' lang='lat' dir='ltr'>religiosos</span> <span class='ocrx_word' id='word_1_140' title='bbox 1369 2413 1465 2485; x_wconf 90' lang='lat' dir='ltr'>viros</span> <span class='ocrx_word' id='word_1_141' title='bbox 1484 2413 1609 2483; x_wconf 84' lang='lat' dir='ltr'>fratres</span> <span class='ocrx_word' id='word_1_142' title='bbox 1634 2411 1722 2482; x_wconf 87' lang='lat' dir='ltr'>tales</span> <span class='ocrx_word' id='word_1_143' title='bbox 1747 2409 1790 2481; x_wconf 92' lang='lat' dir='ltr'>N.</span> <span class='ocrx_word' id='word_1_144' title='bbox 1820 2418 1857 2480; x_wconf 86' lang='lat' dir='ltr'>et</span> 
     </span>
     <span class='ocr_line' id='line_1_16' title="bbox 426 2507 1856 2604; baseline 0 -27"><span class='ocrx_word' id='word_1_145' title='bbox 426 2508 512 2579; x_wconf 92' lang='lat' dir='ltr'>tales</span> <span class='ocrx_word' id='word_1_146' title='bbox 538 2507 584 2578; x_wconf 89' lang='lat' dir='ltr'>de</span> <span class='ocrx_word' id='word_1_147' title='bbox 612 2508 737 2580; x_wconf 90' lang='lat' dir='ltr'>ordine</span> <span class='ocrx_word' id='word_1_148' title='bbox 759 2509 1046 2598; x_wconf 91' lang='lat' dir='ltr'>Predicatnrnm,</span> <span class='ocrx_word' id='word_1_149' title='bbox 1075 2511 1302 2601; x_wconf 88' lang='lat' dir='ltr'>inquisitores</span> <span class='ocrx_word' id='word_1_150' title='bbox 1332 2510 1486 2582; x_wconf 88' lang='lat' dir='ltr'>heretice</span> <span class='ocrx_word' id='word_1_151' title='bbox 1512 2509 1696 2604; x_wconf 85' lang='lat' dir='ltr'>pravitatis</span> <span class='ocrx_word' id='word_1_152' title='bbox 1727 2508 1764 2578; x_wconf 95' lang='lat' dir='ltr'>in</span> <span class='ocrx_word' id='word_1_153' title='bbox 1795 2527 1856 2578; x_wconf 90' lang='lat' dir='ltr'>re·</span> 
     </span>
     <span class='ocr_line' id='line_1_17' title="bbox 423 2605 1852 2702; baseline 0.001 -27"><span class='ocrx_word' id='word_1_154' title='bbox 423 2627 495 2697; x_wconf 79' lang='lat' dir='ltr'>gno</span> <span class='ocrx_word' id='word_1_155' title='bbox 530 2605 673 2679; x_wconf 83' lang='lat' dir='ltr'>Francie</span> <span class='ocrx_word' id='word_1_156' title='bbox 705 2608 913 2680; x_wconf 87' lang='lat' dir='ltr'>anctoritate</span> <span class='ocrx_word' id='word_1_157' title='bbox 938 2608 1034 2680; x_wconf 92' lang='lat' dir='ltr'>sedis</span> <span class='ocrx_word' id='word_1_158' title='bbox 1062 2607 1252 2702; x_wconf 90' lang='lat' dir='ltr'>apostolice</span> <span class='ocrx_word' id='word_1_159' title='bbox 1280 2608 1491 2702; x_wconf 89' lang='lat' dir='ltr'>deputatos,</span> <span class='ocrx_word' id='word_1_160' title='bbox 1529 2627 1597 2678; x_wconf 94' lang='lat' dir='ltr'>nna</span> <span class='ocrx_word' id='word_1_161' title='bbox 1635 2627 1716 2677; x_wconf 93' lang='lat' dir='ltr'>cum</span> <span class='ocrx_word' id='word_1_162' title='bbox 1747 2625 1852 2676; x_wconf 86' lang='lat' dir='ltr'>reve·</span> 
     </span>
     <span class='ocr_line' id='line_1_18' title="bbox 424 2703 1856 2800; baseline 0 -28"><span class='ocrx_word' id='word_1_163' title='bbox 424 2703 535 2774; x_wconf 89' lang='lat' dir='ltr'>rendo</span> <span class='ocrx_word' id='word_1_164' title='bbox 562 2707 598 2774; x_wconf 93' lang='lat' dir='ltr'>in</span> <span class='ocrx_word' id='word_1_165' title='bbox 621 2703 757 2777; x_wconf 90' lang='lat' dir='ltr'>Christo</span> <span class='ocrx_word' id='word_1_166' title='bbox 783 2716 881 2800; x_wconf 88' lang='lat' dir='ltr'>patra</span> <span class='ocrx_word' id='word_1_167' title='bbox 906 2706 1050 2778; x_wconf 92' lang='lat' dir='ltr'>domino</span> <span class='ocrx_word' id='word_1_168' title='bbox 1073 2709 1239 2798; x_wconf 90' lang='lat' dir='ltr'>episcopo</span> <span class='ocrx_word' id='word_1_169' title='bbox 1267 2705 1326 2775; x_wconf 90' lang='lat' dir='ltr'>tali</span> <span class='ocrx_word' id='word_1_170' title='bbox 1352 2703 1424 2799; x_wconf 85' lang='lat' dir='ltr'>(cel</span> <span class='ocrx_word' id='word_1_171' title='bbox 1442 2705 1522 2779; x_wconf 84' lang='lat' dir='ltr'>sic:</span> <span class='ocrx_word' id='word_1_172' title='bbox 1552 2725 1622 2775; x_wconf 93' lang='lat' dir='ltr'>nna</span> <span class='ocrx_word' id='word_1_173' title='bbox 1640 2725 1721 2775; x_wconf 89' lang='lat' dir='ltr'>cum</span> <span class='ocrx_word' id='word_1_174' title='bbox 1742 2723 1856 2779; x_wconf 88' lang='lat' dir='ltr'>vene·</span> 
     </span>
     <span class='ocr_line' id='line_1_19' title="bbox 424 2800 1856 2898; baseline 0.001 -26"><span class='ocrx_word' id='word_1_175' title='bbox 424 2800 527 2872; x_wconf 89' lang='lat' dir='ltr'>rabili</span> <span class='ocrx_word' id='word_1_176' title='bbox 554 2805 632 2875; x_wconf 87' lang='lat' dir='ltr'>viro</span> <span class='ocrx_word' id='word_1_177' title='bbox 658 2803 802 2876; x_wconf 92' lang='lat' dir='ltr'>domino</span> <span class='ocrx_word' id='word_1_178' title='bbox 827 2804 886 2875; x_wconf 94' lang='lat' dir='ltr'>tali</span> <span class='ocrx_word' id='word_1_179' title='bbox 913 2804 1153 2875; x_wconf 83' lang='lat' dir='ltr'>commissario</span> <span class='ocrx_word' id='word_1_180' title='bbox 1181 2804 1237 2874; x_wconf 91' lang='lat' dir='ltr'>vel</span> <span class='ocrx_word' id='word_1_181' title='bbox 1263 2803 1396 2875; x_wconf 92' lang='lat' dir='ltr'>vicario</span> <span class='ocrx_word' id='word_1_182' title='bbox 1415 2804 1584 2898; x_wconf 91' lang='lat' dir='ltr'>deputato</span> <span class='ocrx_word' id='word_1_183' title='bbox 1610 2802 1646 2872; x_wconf 93' lang='lat' dir='ltr'>in</span> <span class='ocrx_word' id='word_1_184' title='bbox 1671 2801 1737 2872; x_wconf 88' lang='lat' dir='ltr'>hac</span> <span class='ocrx_word' id='word_1_185' title='bbox 1757 2813 1856 2894; x_wconf 90' lang='lat' dir='ltr'>parte</span> 
     </span>
     <span class='ocr_line' id='line_1_20' title="bbox 427 2897 1853 2995; baseline 0 -26"><span class='ocrx_word' id='word_1_186' title='bbox 427 2919 489 2991; x_wconf 90' lang='lat' dir='ltr'>per</span> <span class='ocrx_word' id='word_1_187' title='bbox 520 2901 754 2972; x_wconf 86' lang='lat' dir='ltr'>reverendum</span> <span class='ocrx_word' id='word_1_188' title='bbox 785 2902 819 2972; x_wconf 95' lang='lat' dir='ltr'>in</span> <span class='ocrx_word' id='word_1_189' title='bbox 847 2899 983 2973; x_wconf 87' lang='lat' dir='ltr'>Christo</span> <span class='ocrx_word' id='word_1_190' title='bbox 1013 2912 1145 2995; x_wconf 89' lang='lat' dir='ltr'>patrem</span> <span class='ocrx_word' id='word_1_191' title='bbox 1178 2901 1360 2972; x_wconf 92' lang='lat' dir='ltr'>dominnm</span> <span class='ocrx_word' id='word_1_192' title='bbox 1389 2902 1592 2995; x_wconf 89' lang='lat' dir='ltr'>episcopum</span> <span class='ocrx_word' id='word_1_193' title='bbox 1613 2897 1749 2995; x_wconf 86' lang='lat' dir='ltr'>talam),</span> <span class='ocrx_word' id='word_1_194' title='bbox 1771 2918 1853 2992; x_wconf 91' lang='lat' dir='ltr'>pre·</span> 
     </span>
     <span class='ocr_line' id='line_1_21' title="bbox 425 2995 1852 3090; baseline 0.001 -24"><span class='ocrx_word' id='word_1_195' title='bbox 425 3007 526 3067; x_wconf 90' lang='lat' dir='ltr'>sente</span> <span class='ocrx_word' id='word_1_196' title='bbox 555 2997 685 3069; x_wconf 89' lang='lat' dir='ltr'>ibidem</span> <span class='ocrx_word' id='word_1_197' title='bbox 705 2999 801 3070; x_wconf 90' lang='lat' dir='ltr'>curia</span> <span class='ocrx_word' id='word_1_198' title='bbox 820 2999 929 3090; x_wconf 81' lang='lat' dir='ltr'>regali</span> <span class='ocrx_word' id='word_1_199' title='bbox 954 3009 989 3070; x_wconf 91' lang='lat' dir='ltr'>et</span> <span class='ocrx_word' id='word_1_200' title='bbox 1012 2997 1216 3071; x_wconf 90' lang='lat' dir='ltr'>consulibus</span> <span class='ocrx_word' id='word_1_201' title='bbox 1235 2999 1383 3087; x_wconf 89' lang='lat' dir='ltr'>talibus,</span> <span class='ocrx_word' id='word_1_202' title='bbox 1404 3020 1445 3070; x_wconf 87' lang='lat' dir='ltr'>ac</span> <span class='ocrx_word' id='word_1_203' title='bbox 1465 2996 1691 3069; x_wconf 89' lang='lat' dir='ltr'>multitudine</span> <span class='ocrx_word' id='word_1_204' title='bbox 1710 2995 1852 3090; x_wconf 89' lang='lat' dir='ltr'>copiosa</span> 
     </span>
     <span class='ocr_line' id='line_1_22' title="bbox 425 3092 927 3189; baseline 0.006 -26"><span class='ocrx_word' id='word_1_205' title='bbox 425 3092 509 3163; x_wconf 93' lang='lat' dir='ltr'>cleri</span> <span class='ocrx_word' id='word_1_206' title='bbox 529 3106 563 3164; x_wconf 90' lang='lat' dir='ltr'>et</span> <span class='ocrx_word' id='word_1_207' title='bbox 583 3096 702 3189; x_wconf 93' lang='lat' dir='ltr'>populi</span> <span class='ocrx_word' id='word_1_208' title='bbox 720 3107 927 3169; x_wconf 89' lang='lat' dir='ltr'>convocata.</span> 
     </span>
    </p>

    <p class='ocr_par' dir='ltr' id='par_1_7' title="bbox 400 3189 1857 4948">
     <span class='ocr_line' id='line_1_23' title="bbox 480 3189 1853 3288; baseline 0.002 -29"><span class='ocrx_word' id='word_1_209' title='bbox 480 3189 542 3261; x_wconf 83' lang='lat' dir='ltr'>Vel</span> <span class='ocrx_word' id='word_1_210' title='bbox 559 3192 735 3265; x_wconf 55' lang='lat' dir='ltr'>reddatur</span> <span class='ocrx_word' id='word_1_211' title='bbox 758 3193 822 3266; x_wconf 83' lang='lat' dir='ltr'>hoc</span> <span class='ocrx_word' id='word_1_212' title='bbox 848 3194 951 3264; x_wconf 84' lang='lat' dir='ltr'>modo</span> <span class='ocrx_word' id='word_1_213' title='bbox 972 3199 1088 3286; x_wconf 75' lang='lat' dir='ltr'>maqis</span> <span class='ocrx_word' id='word_1_214' title='bbox 1112 3195 1304 3288; x_wconf 84' lang='lat' dir='ltr'>complete:</span> <span class='ocrx_word' id='word_1_215' title='bbox 1326 3195 1363 3265; x_wconf 97' lang='lat' dir='ltr'>ln</span> <span class='ocrx_word' id='word_1_216' title='bbox 1391 3194 1534 3266; x_wconf 93' lang='lat' dir='ltr'>nomine</span> <span class='ocrx_word' id='word_1_217' title='bbox 1553 3192 1713 3281; x_wconf 92' lang='lat' dir='ltr'>Domini,</span> <span class='ocrx_word' id='word_1_218' title='bbox 1734 3212 1853 3264; x_wconf 91' lang='lat' dir='ltr'>amen.</span> 
     </span>
     <span class='ocr_line' id='line_1_24' title="bbox 428 3287 1855 3383; baseline 0.001 -25"><span class='ocrx_word' id='word_1_219' title='bbox 428 3287 529 3359; x_wconf 86' lang='lat' dir='ltr'>Anno</span> <span class='ocrx_word' id='word_1_220' title='bbox 551 3291 708 3381; x_wconf 89' lang='lat' dir='ltr'>ejusdem</span> <span class='ocrx_word' id='word_1_221' title='bbox 731 3292 867 3365; x_wconf 93' lang='lat' dir='ltr'>Domini</span> <span class='ocrx_word' id='word_1_222' title='bbox 887 3291 1063 3363; x_wconf 91' lang='lat' dir='ltr'>benedicti</span> <span class='ocrx_word' id='word_1_223' title='bbox 1083 3293 1131 3363; x_wconf 86' lang='lat' dir='ltr'>ltl⁰</span> <span class='ocrx_word' id='word_1_224' title='bbox 1149 3291 1235 3363; x_wconf 77' lang='lat' dir='ltr'>dem</span> <span class='ocrx_word' id='word_1_225' title='bbox 1253 3292 1370 3377; x_wconf 81' lang='lat' dir='ltr'>XlX0,</span> <span class='ocrx_word' id='word_1_226' title='bbox 1393 3293 1515 3362; x_wconf 88' lang='lat' dir='ltr'>ultima</span> <span class='ocrx_word' id='word_1_227' title='bbox 1539 3292 1598 3363; x_wconf 90' lang='lat' dir='ltr'>die</span> <span class='ocrx_word' id='word_1_228' title='bbox 1617 3290 1749 3362; x_wconf 88' lang='lat' dir='ltr'>mensis</span> <span class='ocrx_word' id='word_1_229' title='bbox 1771 3310 1855 3383; x_wconf 90' lang='lat' dir='ltr'>scp-</span> 
     </span>
     <span class='ocr_line' id='line_1_25' title="bbox 427 3385 1853 3484; baseline 0.002 -29"><span class='ocrx_word' id='word_1_230' title='bbox 427 3385 592 3475; x_wconf 90' lang='lat' dir='ltr'>tembris,</span> <span class='ocrx_word' id='word_1_231' title='bbox 613 3389 783 3478; x_wconf 85' lang='lat' dir='ltr'>Tholose,</span> <span class='ocrx_word' id='word_1_232' title='bbox 804 3390 849 3460; x_wconf 93' lang='lat' dir='ltr'>ad</span> <span class='ocrx_word' id='word_1_233' title='bbox 869 3389 1038 3461; x_wconf 90' lang='lat' dir='ltr'>honorem</span> <span class='ocrx_word' id='word_1_234' title='bbox 1058 3391 1309 3484; x_wconf 89' lang='lat' dir='ltr'>omnipotentis</span> <span class='ocrx_word' id='word_1_235' title='bbox 1327 3391 1390 3460; x_wconf 91' lang='lat' dir='ltr'>Dei</span> <span class='ocrx_word' id='word_1_236' title='bbox 1415 3400 1451 3461; x_wconf 92' lang='lat' dir='ltr'>et</span> <span class='ocrx_word' id='word_1_237' title='bbox 1474 3401 1595 3460; x_wconf 90' lang='lat' dir='ltr'>sancte</span> <span class='ocrx_word' id='word_1_238' title='bbox 1612 3389 1769 3460; x_wconf 89' lang='lat' dir='ltr'>Romana</span> <span class='ocrx_word' id='word_1_239' title='bbox 1785 3386 1853 3458; x_wconf 84' lang='lat' dir='ltr'>Ec-</span> 
     </span>
     <span class='ocr_line' id='line_1_26' title="bbox 427 3484 1856 3581; baseline 0.001 -27"><span class='ocrx_word' id='word_1_240' title='bbox 427 3484 535 3555; x_wconf 90' lang='lat' dir='ltr'>clesie</span> <span class='ocrx_word' id='word_1_241' title='bbox 553 3486 610 3556; x_wconf 93' lang='lat' dir='ltr'>cui</span> <span class='ocrx_word' id='word_1_242' title='bbox 631 3487 786 3579; x_wconf 90' lang='lat' dir='ltr'>presidet</span> <span class='ocrx_word' id='word_1_243' title='bbox 803 3488 1046 3559; x_wconf 89' lang='lat' dir='ltr'>sanctissimus</span> <span class='ocrx_word' id='word_1_244' title='bbox 1067 3499 1165 3581; x_wconf 88' lang='lat' dir='ltr'>pater</span> <span class='ocrx_word' id='word_1_245' title='bbox 1182 3489 1346 3561; x_wconf 91' lang='lat' dir='ltr'>dominus</span> <span class='ocrx_word' id='word_1_246' title='bbox 1367 3508 1455 3581; x_wconf 90' lang='lat' dir='ltr'>papa</span> <span class='ocrx_word' id='word_1_247' title='bbox 1476 3487 1554 3558; x_wconf 92' lang='lat' dir='ltr'>talis</span> <span class='ocrx_word' id='word_1_248' title='bbox 1572 3484 1646 3580; x_wconf 84' lang='lat' dir='ltr'>(vel</span> <span class='ocrx_word' id='word_1_249' title='bbox 1666 3485 1717 3558; x_wconf 81' lang='lat' dir='ltr'>sic</span> <span class='ocrx_word' id='word_1_250' title='bbox 1736 3510 1748 3554; x_wconf 90' lang='lat'>.·</span> <span class='ocrx_word' id='word_1_251' title='bbox 1769 3485 1856 3556; x_wconf 89' lang='lat' dir='ltr'>sede</span> 
     </span>
     <span class='ocr_line' id='line_1_27' title="bbox 429 3581 1856 3679; baseline 0.002 -29"><span class='ocrx_word' id='word_1_252' title='bbox 429 3601 574 3652; x_wconf 90' lang='lat' dir='ltr'>romana</span> <span class='ocrx_word' id='word_1_253' title='bbox 591 3581 770 3679; x_wconf 87' lang='lat' dir='ltr'>vacante),</span> <span class='ocrx_word' id='word_1_254' title='bbox 793 3587 933 3656; x_wconf 87' lang='lat' dir='ltr'>inerunt</span> <span class='ocrx_word' id='word_1_255' title='bbox 959 3586 1049 3656; x_wconf 93' lang='lat' dir='ltr'>lacte</span> <span class='ocrx_word' id='word_1_256' title='bbox 1075 3585 1210 3678; x_wconf 82' lang='lat' dir='ltr'>gratie,</span> <span class='ocrx_word' id='word_1_257' title='bbox 1238 3596 1273 3657; x_wconf 92' lang='lat' dir='ltr'>et</span> <span class='ocrx_word' id='word_1_258' title='bbox 1301 3587 1457 3676; x_wconf 73' lang='lat' dir='ltr'>iniuncta</span> <span class='ocrx_word' id='word_1_259' title='bbox 1485 3583 1698 3679; x_wconf 90' lang='lat' dir='ltr'>penitentie,</span> <span class='ocrx_word' id='word_1_260' title='bbox 1721 3595 1756 3655; x_wconf 91' lang='lat' dir='ltr'>et</span> <span class='ocrx_word' id='word_1_261' title='bbox 1785 3583 1856 3653; x_wconf 90' lang='lat' dir='ltr'>late</span> 
     </span>
     <span class='ocr_line' id='line_1_28' title="bbox 428 3677 1856 3779; baseline 0.002 -30"><span class='ocrx_word' id='word_1_262' title='bbox 428 3677 616 3752; x_wconf 89' lang='lat' dir='ltr'>dilfinitive</span> <span class='ocrx_word' id='word_1_263' title='bbox 641 3684 836 3769; x_wconf 90' lang='lat' dir='ltr'>sententie,</span> <span class='ocrx_word' id='word_1_264' title='bbox 864 3694 900 3755; x_wconf 93' lang='lat' dir='ltr'>et</span> <span class='ocrx_word' id='word_1_265' title='bbox 924 3694 998 3754; x_wconf 90' lang='lat' dir='ltr'>acta</span> <span class='ocrx_word' id='word_1_266' title='bbox 1027 3683 1095 3753; x_wconf 91' lang='lat' dir='ltr'>alia</span> <span class='ocrx_word' id='word_1_267' title='bbox 1123 3705 1192 3775; x_wconf 90' lang='lat' dir='ltr'>qne</span> <span class='ocrx_word' id='word_1_268' title='bbox 1225 3695 1392 3754; x_wconf 88' lang='lat' dir='ltr'>secuntur</span> <span class='ocrx_word' id='word_1_269' title='bbox 1421 3678 1461 3779; x_wconf 79' lang='lat'>[1⁰</span> <span class='ocrx_word' id='word_1_270' title='bbox 1487 3679 1531 3750; x_wconf 82' lang='lat' dir='ltr'>l8</span> <span class='ocrx_word' id='word_1_271' title='bbox 1550 3678 1607 3779; x_wconf 88' lang='lat' dir='ltr'>a],</span> <span class='ocrx_word' id='word_1_272' title='bbox 1627 3685 1664 3752; x_wconf 93' lang='lat' dir='ltr'>in</span> <span class='ocrx_word' id='word_1_273' title='bbox 1691 3700 1856 3753; x_wconf 90' lang='lat' dir='ltr'>sermone</span> 
     </span>
     <span class='ocr_line' id='line_1_29' title="bbox 428 3778 1855 3873; baseline 0.003 -27"><span class='ocrx_word' id='word_1_274' title='bbox 428 3778 569 3868; x_wconf 90' lang='lat' dir='ltr'>publico</span> <span class='ocrx_word' id='word_1_275' title='bbox 588 3780 834 3872; x_wconf 89' lang='lat' dir='ltr'>inquisitorum</span> <span class='ocrx_word' id='word_1_276' title='bbox 856 3783 946 3851; x_wconf 89' lang='lat' dir='ltr'>lacto</span> <span class='ocrx_word' id='word_1_277' title='bbox 976 3782 1010 3849; x_wconf 94' lang='lat' dir='ltr'>in</span> <span class='ocrx_word' id='word_1_278' title='bbox 1039 3780 1097 3850; x_wconf 88' lang='lat' dir='ltr'>tali</span> <span class='ocrx_word' id='word_1_279' title='bbox 1120 3781 1217 3866; x_wconf 90' lang='lat' dir='ltr'>loco;</span> <span class='ocrx_word' id='word_1_280' title='bbox 1241 3781 1425 3873; x_wconf 88' lang='lat' dir='ltr'>inquibus</span> <span class='ocrx_word' id='word_1_281' title='bbox 1454 3790 1698 3851; x_wconf 90' lang='lat' dir='ltr'>convenerunt</span> <span class='ocrx_word' id='word_1_282' title='bbox 1716 3792 1751 3850; x_wconf 93' lang='lat' dir='ltr'>et</span> <span class='ocrx_word' id='word_1_283' title='bbox 1770 3799 1855 3850; x_wconf 93' lang='lat' dir='ltr'>con·</span> 
     </span>
     <span class='ocr_line' id='line_1_30' title="bbox 427 3875 1854 3969; baseline 0.002 -25"><span class='ocrx_word' id='word_1_284' title='bbox 427 3876 664 3947; x_wconf 86' lang='lat' dir='ltr'>cordavercnt</span> <span class='ocrx_word' id='word_1_285' title='bbox 683 3878 836 3969; x_wconf 79' lang='lat' dir='ltr'>religiosi</span> <span class='ocrx_word' id='word_1_286' title='bbox 865 3878 930 3947; x_wconf 88' lang='lat' dir='ltr'>viri</span> <span class='ocrx_word' id='word_1_287' title='bbox 956 3879 1062 3948; x_wconf 86' lang='lat' dir='ltr'>irater</span> <span class='ocrx_word' id='word_1_288' title='bbox 1088 3878 1165 3949; x_wconf 92' lang='lat' dir='ltr'>talis</span> <span class='ocrx_word' id='word_1_289' title='bbox 1184 3879 1225 3948; x_wconf 93' lang='lat' dir='ltr'>N.</span> <span class='ocrx_word' id='word_1_290' title='bbox 1254 3891 1289 3950; x_wconf 93' lang='lat' dir='ltr'>et</span> <span class='ocrx_word' id='word_1_291' title='bbox 1316 3880 1421 3949; x_wconf 88' lang='lat' dir='ltr'>irater</span> <span class='ocrx_word' id='word_1_292' title='bbox 1448 3877 1525 3948; x_wconf 91' lang='lat' dir='ltr'>talis</span> <span class='ocrx_word' id='word_1_293' title='bbox 1549 3877 1592 3946; x_wconf 95' lang='lat' dir='ltr'>N.</span> <span class='ocrx_word' id='word_1_294' title='bbox 1614 3875 1748 3949; x_wconf 93' lang='lat' dir='ltr'>ordinis</span> <span class='ocrx_word' id='word_1_295' title='bbox 1767 3876 1854 3947; x_wconf 90' lang='lat' dir='ltr'>Pre-</span> 
     </span>
     <span class='ocr_line' id='line_1_31' title="bbox 427 3972 1854 4068; baseline 0.002 -27"><span class='ocrx_word' id='word_1_296' title='bbox 427 3972 648 4063; x_wconf 92' lang='lat' dir='ltr'>dicatorum,</span> <span class='ocrx_word' id='word_1_297' title='bbox 670 3976 897 4067; x_wconf 89' lang='lat' dir='ltr'>inquisitores</span> <span class='ocrx_word' id='word_1_298' title='bbox 921 3976 1074 4047; x_wconf 90' lang='lat' dir='ltr'>heretice</span> <span class='ocrx_word' id='word_1_299' title='bbox 1095 3977 1276 4067; x_wconf 83' lang='lat' dir='ltr'>pravitatis</span> <span class='ocrx_word' id='word_1_300' title='bbox 1301 3979 1335 4044; x_wconf 91' lang='lat' dir='ltr'>in</span> <span class='ocrx_word' id='word_1_301' title='bbox 1358 3997 1467 4067; x_wconf 78' lang='lat' dir='ltr'>regno</span> <span class='ocrx_word' id='word_1_302' title='bbox 1487 3974 1631 4046; x_wconf 86' lang='lat' dir='ltr'>Francie</span> <span class='ocrx_word' id='word_1_303' title='bbox 1652 3994 1713 4068; x_wconf 90' lang='lat' dir='ltr'>per</span> <span class='ocrx_word' id='word_1_304' title='bbox 1732 3973 1854 4046; x_wconf 88' lang='lat' dir='ltr'>sedem</span> 
     </span>
     <span class='ocr_line' id='line_1_32' title="bbox 426 4071 1854 4167; baseline 0.003 -29"><span class='ocrx_word' id='word_1_305' title='bbox 426 4071 653 4162; x_wconf 91' lang='lat' dir='ltr'>apostolicam</span> <span class='ocrx_word' id='word_1_306' title='bbox 682 4073 861 4167; x_wconf 88' lang='lat' dir='ltr'>deputati,</span> <span class='ocrx_word' id='word_1_307' title='bbox 884 4094 1019 4144; x_wconf 90' lang='lat' dir='ltr'>necnon</span> <span class='ocrx_word' id='word_1_308' title='bbox 1053 4075 1206 4167; x_wconf 89' lang='lat' dir='ltr'>prelatus</span> <span class='ocrx_word' id='word_1_309' title='bbox 1235 4076 1343 4144; x_wconf 84' lang='lat' dir='ltr'>irater</span> <span class='ocrx_word' id='word_1_310' title='bbox 1364 4073 1406 4143; x_wconf 94' lang='lat' dir='ltr'>N.</span> <span class='ocrx_word' id='word_1_311' title='bbox 1433 4072 1538 4142; x_wconf 91' lang='lat' dir='ltr'>simul</span> <span class='ocrx_word' id='word_1_312' title='bbox 1564 4074 1773 4143; x_wconf 90' lang='lat' dir='ltr'>anctoritate</span> <span class='ocrx_word' id='word_1_313' title='bbox 1795 4091 1854 4143; x_wconf 88' lang='lat' dir='ltr'>or·</span> 
     </span>
     <span class='ocr_line' id='line_1_33' title="bbox 426 4166 1855 4263; baseline 0.005 -29"><span class='ocrx_word' id='word_1_314' title='bbox 426 4166 564 4238; x_wconf 89' lang='lat' dir='ltr'>dinaria</span> <span class='ocrx_word' id='word_1_315' title='bbox 588 4170 657 4240; x_wconf 90' lang='lat' dir='ltr'>sibi</span> <span class='ocrx_word' id='word_1_316' title='bbox 683 4170 748 4241; x_wconf 93' lang='lat' dir='ltr'>hac</span> <span class='ocrx_word' id='word_1_317' title='bbox 772 4173 850 4241; x_wconf 86' lang='lat' dir='ltr'>vice</span> <span class='ocrx_word' id='word_1_318' title='bbox 868 4174 1055 4242; x_wconf 88' lang='lat' dir='ltr'>commissa</span> <span class='ocrx_word' id='word_1_319' title='bbox 1074 4193 1092 4240; x_wconf 94' lang='lat' dir='ltr'>a</span> <span class='ocrx_word' id='word_1_320' title='bbox 1113 4172 1321 4242; x_wconf 89' lang='lat' dir='ltr'>reverendis</span> <span class='ocrx_word' id='word_1_321' title='bbox 1346 4172 1380 4240; x_wconf 95' lang='lat' dir='ltr'>in</span> <span class='ocrx_word' id='word_1_322' title='bbox 1401 4169 1537 4241; x_wconf 83' lang='lat' dir='ltr'>Christo</span> <span class='ocrx_word' id='word_1_323' title='bbox 1560 4170 1716 4263; x_wconf 90' lang='lat' dir='ltr'>patribus</span> <span class='ocrx_word' id='word_1_324' title='bbox 1736 4181 1773 4240; x_wconf 90' lang='lat' dir='ltr'>et</span> <span class='ocrx_word' id='word_1_325' title='bbox 1790 4169 1855 4241; x_wconf 93' lang='lat' dir='ltr'>dn·</span> 
     </span>
     <span class='ocr_line' id='line_1_34' title="bbox 426 4265 1857 4362; baseline 0.003 -30"><span class='ocrx_word' id='word_1_326' title='bbox 426 4265 530 4335; x_wconf 93' lang='lat' dir='ltr'>minis</span> <span class='ocrx_word' id='word_1_327' title='bbox 547 4265 589 4339; x_wconf 91' lang='lat' dir='ltr'>N.</span> <span class='ocrx_word' id='word_1_328' title='bbox 609 4268 666 4338; x_wconf 89' lang='lat' dir='ltr'>tali</span> <span class='ocrx_word' id='word_1_329' title='bbox 687 4280 722 4339; x_wconf 94' lang='lat' dir='ltr'>et</span> <span class='ocrx_word' id='word_1_330' title='bbox 741 4269 782 4341; x_wconf 93' lang='lat' dir='ltr'>N.</span> <span class='ocrx_word' id='word_1_331' title='bbox 813 4268 870 4338; x_wconf 91' lang='lat' dir='ltr'>tali</span> <span class='ocrx_word' id='word_1_332' title='bbox 893 4268 953 4338; x_wconf 90' lang='lat' dir='ltr'>Dei</span> <span class='ocrx_word' id='word_1_333' title='bbox 974 4269 1085 4359; x_wconf 82' lang='lat' dir='ltr'>gratia</span> <span class='ocrx_word' id='word_1_334' title='bbox 1105 4269 1279 4362; x_wconf 90' lang='lat' dir='ltr'>episcopis</span> <span class='ocrx_word' id='word_1_335' title='bbox 1306 4290 1368 4360; x_wconf 93' lang='lat' dir='ltr'>per</span> <span class='ocrx_word' id='word_1_336' title='bbox 1385 4278 1544 4361; x_wconf 89' lang='lat' dir='ltr'>patentes</span> <span class='ocrx_word' id='word_1_337' title='bbox 1563 4268 1697 4338; x_wconf 86' lang='lat' dir='ltr'>litteras</span> <span class='ocrx_word' id='word_1_338' title='bbox 1717 4288 1857 4338; x_wconf 91' lang='lat' dir='ltr'>eornm·</span> 
     </span>
     <span class='ocr_line' id='line_1_35' title="bbox 425 4362 1853 4459; baseline 0.004 -28"><span class='ocrx_word' id='word_1_339' title='bbox 425 4362 505 4432; x_wconf 91' lang='lat' dir='ltr'>dem</span> <span class='ocrx_word' id='word_1_340' title='bbox 525 4375 695 4455; x_wconf 87' lang='lat' dir='ltr'>quantum</span> <span class='ocrx_word' id='word_1_341' title='bbox 715 4365 759 4436; x_wconf 92' lang='lat' dir='ltr'>ad</span> <span class='ocrx_word' id='word_1_342' title='bbox 788 4366 882 4459; x_wconf 90' lang='lat' dir='ltr'>ipsos</span> <span class='ocrx_word' id='word_1_343' title='bbox 911 4366 1108 4459; x_wconf 90' lang='lat' dir='ltr'>pertinebat</span> <span class='ocrx_word' id='word_1_344' title='bbox 1127 4367 1172 4436; x_wconf 89' lang='lat' dir='ltr'>de</span> <span class='ocrx_word' id='word_1_345' title='bbox 1200 4366 1359 4459; x_wconf 89' lang='lat' dir='ltr'>personis</span> <span class='ocrx_word' id='word_1_346' title='bbox 1376 4385 1521 4436; x_wconf 89' lang='lat' dir='ltr'>suarum</span> <span class='ocrx_word' id='word_1_347' title='bbox 1543 4365 1735 4459; x_wconf 78' lang='lat' dir='ltr'>dyocesnm</span> <span class='ocrx_word' id='word_1_348' title='bbox 1763 4365 1853 4436; x_wconf 86' lang='lat' dir='ltr'>inira</span> 
     </span>
     <span class='ocr_line' id='line_1_36' title="bbox 424 4461 1854 4556; baseline 0.002 -27"><span class='ocrx_word' id='word_1_349' title='bbox 424 4461 586 4553; x_wconf 90' lang='lat' dir='ltr'>scriptis;</span> <span class='ocrx_word' id='word_1_350' title='bbox 622 4463 704 4534; x_wconf 91' lang='lat' dir='ltr'>item</span> <span class='ocrx_word' id='word_1_351' title='bbox 740 4464 880 4534; x_wconf 91' lang='lat' dir='ltr'>discreti</span> <span class='ocrx_word' id='word_1_352' title='bbox 909 4464 974 4533; x_wconf 89' lang='lat' dir='ltr'>viri</span> <span class='ocrx_word' id='word_1_353' title='bbox 1003 4465 1167 4534; x_wconf 89' lang='lat' dir='ltr'>dominus</span> <span class='ocrx_word' id='word_1_354' title='bbox 1186 4465 1227 4533; x_wconf 91' lang='lat' dir='ltr'>N.</span> <span class='ocrx_word' id='word_1_355' title='bbox 1260 4463 1337 4534; x_wconf 91' lang='lat' dir='ltr'>talis</span> <span class='ocrx_word' id='word_1_356' title='bbox 1357 4475 1392 4535; x_wconf 92' lang='lat' dir='ltr'>et</span> <span class='ocrx_word' id='word_1_357' title='bbox 1425 4462 1589 4534; x_wconf 87' lang='lat' dir='ltr'>dominus</span> <span class='ocrx_word' id='word_1_358' title='bbox 1617 4463 1659 4531; x_wconf 94' lang='lat' dir='ltr'>N.</span> <span class='ocrx_word' id='word_1_359' title='bbox 1693 4461 1770 4532; x_wconf 90' lang='lat' dir='ltr'>talis</span> <span class='ocrx_word' id='word_1_360' title='bbox 1789 4484 1854 4556; x_wconf 90' lang='lat' dir='ltr'>per</span> 
     </span>
     <span class='ocr_line' id='line_1_37' title="bbox 425 4559 1853 4653; baseline 0.003 -26"><span class='ocrx_word' id='word_1_361' title='bbox 425 4559 660 4631; x_wconf 91' lang='lat' dir='ltr'>reverendum</span> <span class='ocrx_word' id='word_1_362' title='bbox 687 4562 722 4631; x_wconf 94' lang='lat' dir='ltr'>in</span> <span class='ocrx_word' id='word_1_363' title='bbox 748 4559 883 4632; x_wconf 87' lang='lat' dir='ltr'>Christo</span> <span class='ocrx_word' id='word_1_364' title='bbox 913 4574 1045 4653; x_wconf 90' lang='lat' dir='ltr'>patrem</span> <span class='ocrx_word' id='word_1_365' title='bbox 1071 4562 1252 4633; x_wconf 89' lang='lat' dir='ltr'>dominnm</span> <span class='ocrx_word' id='word_1_366' title='bbox 1281 4561 1324 4632; x_wconf 95' lang='lat' dir='ltr'>N.</span> <span class='ocrx_word' id='word_1_367' title='bbox 1348 4560 1450 4632; x_wconf 91' lang='lat' dir='ltr'>talem</span> <span class='ocrx_word' id='word_1_368' title='bbox 1475 4559 1778 4652; x_wconf 91' lang='lat' dir='ltr'>archiepiscopum</span> <span class='ocrx_word' id='word_1_369' title='bbox 1799 4571 1853 4631; x_wconf 91' lang='lat' dir='ltr'>ta·</span> 
     </span>
     <span class='ocr_line' id='line_1_38' title="bbox 424 4655 1854 4750; baseline 0.006 -28"><span class='ocrx_word' id='word_1_370' title='bbox 424 4655 514 4742; x_wconf 92' lang='lat' dir='ltr'>lem,</span> <span class='ocrx_word' id='word_1_371' title='bbox 537 4669 572 4727; x_wconf 90' lang='lat' dir='ltr'>et</span> <span class='ocrx_word' id='word_1_372' title='bbox 601 4658 787 4750; x_wconf 82' lang='lat' dir='ltr'>religiosus</span> <span class='ocrx_word' id='word_1_373' title='bbox 807 4660 863 4730; x_wconf 91' lang='lat' dir='ltr'>vir</span> <span class='ocrx_word' id='word_1_374' title='bbox 890 4661 997 4730; x_wconf 87' lang='lat' dir='ltr'>irater</span> <span class='ocrx_word' id='word_1_375' title='bbox 1022 4659 1064 4729; x_wconf 91' lang='lat' dir='ltr'>N.</span> <span class='ocrx_word' id='word_1_376' title='bbox 1094 4660 1172 4729; x_wconf 91' lang='lat' dir='ltr'>talis</span> <span class='ocrx_word' id='word_1_377' title='bbox 1200 4681 1220 4731; x_wconf 92' lang='lat' dir='ltr'>a</span> <span class='ocrx_word' id='word_1_378' title='bbox 1247 4659 1510 4731; x_wconf 87' lang='lat' dir='ltr'>venerabilibus</span> <span class='ocrx_word' id='word_1_379' title='bbox 1537 4658 1623 4727; x_wconf 88' lang='lat' dir='ltr'>viris</span> <span class='ocrx_word' id='word_1_380' title='bbox 1652 4656 1794 4728; x_wconf 86' lang='lat' dir='ltr'>vicariis</span> <span class='ocrx_word' id='word_1_381' title='bbox 1818 4667 1854 4731; x_wconf 88' lang='lat' dir='ltr'>et</span> 
     </span>
     <span class='ocr_line' id='line_1_39' title="bbox 400 4754 1851 4848; baseline 0.006 -28"><span class='ocrx_word' id='word_1_382' title='bbox 400 4765 405 4774; x_wconf 84' lang='grc'><em>“</em></span> <span class='ocrx_word' id='word_1_383' title='bbox 423 4754 576 4845; x_wconf 91' lang='lat' dir='ltr'>capitulo</span> <span class='ocrx_word' id='word_1_384' title='bbox 595 4756 743 4827; x_wconf 85' lang='lat' dir='ltr'>ecclesie</span> <span class='ocrx_word' id='word_1_385' title='bbox 763 4756 862 4843; x_wconf 90' lang='lat' dir='ltr'>talis,</span> <span class='ocrx_word' id='word_1_386' title='bbox 883 4755 969 4827; x_wconf 90' lang='lat' dir='ltr'>sede</span> <span class='ocrx_word' id='word_1_387' title='bbox 990 4767 1158 4843; x_wconf 90' lang='lat' dir='ltr'>vacante,</span> <span class='ocrx_word' id='word_1_388' title='bbox 1180 4757 1338 4848; x_wconf 86' lang='lat' dir='ltr'>ejusdem</span> <span class='ocrx_word' id='word_1_389' title='bbox 1359 4755 1590 4827; x_wconf 87' lang='lat' dir='ltr'>commissarii</span> <span class='ocrx_word' id='word_1_390' title='bbox 1609 4754 1767 4848; x_wconf 91' lang='lat' dir='ltr'>deputati</span> <span class='ocrx_word' id='word_1_391' title='bbox 1787 4776 1851 4827; x_wconf 89' lang='lat' dir='ltr'>sen</span> 
     </span>
     <span class='ocr_line' id='line_1_40' title="bbox 423 4851 1853 4948; baseline 0.006 -29"><span class='ocrx_word' id='word_1_392' title='bbox 423 4852 575 4944; x_wconf 82' lang='lat' dir='ltr'>delegati</span> <span class='ocrx_word' id='word_1_393' title='bbox 605 4855 721 4946; x_wconf 90' lang='lat' dir='ltr'>quoad</span> <span class='ocrx_word' id='word_1_394' title='bbox 754 4874 922 4948; x_wconf 89' lang='lat' dir='ltr'>personas</span> <span class='ocrx_word' id='word_1_395' title='bbox 957 4865 992 4925; x_wconf 91' lang='lat' dir='ltr'>et</span> <span class='ocrx_word' id='word_1_396' title='bbox 1027 4853 1072 4924; x_wconf 91' lang='lat' dir='ltr'>dc</span> <span class='ocrx_word' id='word_1_397' title='bbox 1107 4855 1266 4947; x_wconf 89' lang='lat' dir='ltr'>personis</span> <span class='ocrx_word' id='word_1_398' title='bbox 1293 4875 1436 4925; x_wconf 89' lang='lat' dir='ltr'>suarum</span> <span class='ocrx_word' id='word_1_399' title='bbox 1472 4853 1685 4947; x_wconf 81' lang='lat' dir='ltr'>dyocesnm3</span> <span class='ocrx_word' id='word_1_400' title='bbox 1722 4851 1853 4944; x_wconf 87' lang='lat' dir='ltr'>quibus</span> 
     </span>
    </p>
   </div>
   <div class='ocr_carea' id='block_1_6' title="bbox 458 5077 978 5154">
    <p class='ocr_par' dir='ltr' id='par_1_8' title="bbox 458 5077 978 5154">
     <span class='ocr_line' id='line_1_41' title="bbox 458 5077 978 5154; baseline 0.008 -19"><span class='ocrx_word' id='word_1_401' title='bbox 458 5082 495 5149; x_wconf 90' lang='lat' dir='ltr'>(t)</span> <span class='ocrx_word' id='word_1_402' title='bbox 509 5077 549 5135; x_wconf 84' lang='lat' dir='ltr'>Ge</span> <span class='ocrx_word' id='word_1_403' title='bbox 564 5080 629 5136; x_wconf 87' lang='lat' dir='ltr'>titre</span> <span class='ocrx_word' id='word_1_404' title='bbox 644 5080 719 5136; x_wconf 86' lang='lat' dir='ltr'>n’est</span> <span class='ocrx_word' id='word_1_405' title='bbox 730 5097 782 5154; x_wconf 89' lang='lat' dir='ltr'>pas</span> <span class='ocrx_word' id='word_1_406' title='bbox 795 5080 867 5137; x_wconf 91' lang='lat' dir='ltr'>dans</span> <span class='ocrx_word' id='word_1_407' title='bbox 879 5081 906 5137; x_wconf 91' lang='lat' dir='ltr'>le</span> <span class='ocrx_word' id='word_1_408' title='bbox 920 5096 978 5139; x_wconf 88' lang='lat' dir='ltr'>ms.</span> 
     </span>
    </p>
   </div>
   <div class='ocr_carea' id='block_1_7' title="bbox 0 0 2292 6404">
    <p class='ocr_par' dir='ltr' id='par_1_9' title="bbox 0 0 2292 6404">
     <span class='ocr_line' id='line_1_42' title="bbox 0 0 2292 6404; baseline 0 1"><span class='ocrx_word' id='word_1_409' title='bbox 0 0 2292 6404; x_wconf 95' lang='lat' dir='ltr'> </span> 
     </span>
    </p>
   </div>
  </div>
 </body>
</html>
