4574 6404
421 651 495 727 tte
714 664 877 717 rnncrrcn
903 664 1144 730 rnoorsrrronrs
1171 663 1333 716 uuanrrcu
1359 662 1570 716 umvrrnrrs.

429 825 649 898 ordinaverit
668 822 762 914 quod
783 821 884 891 aliter
904 823 992 893 lacta
1013 821 1228 897 examinatio
1245 832 1305 890 aut
1325 821 1478 914 receptio
1498 842 1567 892 non
1589 821 1719 906 valeat,
1743 833 1796 892 set
1815 826 1863 892 sit
1916 904 1920 912 Ι

430 924 575 994 omnino
594 922 691 991 irrita
710 931 745 990 et
766 921 892 991 inanis.
917 920 1015 1006 ltem,
1040 919 1097 989 ubi
1124 931 1157 988 et
1181 940 1259 988 cum
1279 918 1407 1008 quibus
1425 939 1471 988 ex
1492 929 1575 988 tunc
1590 919 1694 988 luerit
1712 939 1862 990 conver·

430 1031 540 1091 satus.
564 1020 665 1111 ltem,
685 1017 712 1087 si
734 1017 991 1087 examinandus
1011 1039 1079 1088 non
1100 1016 1203 1085 luerit
1220 1016 1411 1107 Bequinus,
1427 1028 1480 1086 set
1493 1037 1641 1107 magnus
1656 1017 1806 1087 credens
1826 1029 1862 1087 et

431 1118 565 1188 amicus
584 1115 842 1207 Bequinorum,
860 1125 1043 1207 suspectus
1064 1124 1180 1184 tamen
1198 1115 1243 1184 de
1265 1112 1444 1184 erroribus
1467 1114 1645 1206 ipsorum,
1668 1115 1864 1206 interroge-

432 1228 489 1284 tur
506 1236 611 1306 aquo
627 1224 784 1305 tempore
802 1213 932 1304 incepit
950 1215 1001 1302 eis
1021 1213 1167 1282 credere
1182 1222 1217 1281 et
1233 1211 1449 1281 familiariter
1461 1211 1647 1282 adherere.
1659 1212 1757 1296 ltem,
1773 1233 1863 1283 exa·

433 1309 1862 1401 minandusinterrogetursiaudivitaliquosdocentesetasserentesquodChris-

434 1423 490 1480 tus
503 1421 539 1480 et
556 1408 704 1503 apostoli
721 1407 826 1477 nichil
839 1407 1027 1477 habuerint
1040 1429 1156 1500 neque
1169 1408 1203 1474 in
1217 1405 1357 1498 proprio
1371 1427 1486 1499 neque
1499 1406 1534 1474 iu
1547 1408 1736 1477 communi.
1758 1408 1860 1492 ltem,

432 1508 463 1578 si
478 1508 615 1576 audivit
628 1505 695 1575 dici
712 1505 806 1596 quod
825 1518 944 1575 tenere
963 1517 1024 1575 aut
1043 1505 1187 1575 credere
1199 1503 1412 1574 contrarium
1430 1504 1476 1573 sit
1492 1503 1698 1575 hereticum.
1712 1505 1813 1588 ltem,
1831 1507 1862 1575 si

434 1605 571 1675 audivit
587 1603 813 1694 dogmatizari
833 1603 926 1692 quod
945 1602 1074 1673 habere
1089 1602 1221 1694 aliquid
1238 1603 1272 1670 in
1291 1602 1466 1672 communi
1483 1602 1656 1671 diminuat
1669 1603 1713 1671 de
1727 1603 1864 1696 perlec-

434 1704 530 1773 tione
545 1700 749 1791 evangelice
769 1703 996 1793 paupertatis.
1019 1700 1118 1783 ltem,
1139 1703 1170 1769 si
1186 1698 1324 1769 audivit
1341 1699 1408 1768 dici
1433 1711 1494 1768 aut
1512 1700 1753 1789 dogmatizari,
1777 1715 1813 1771 et
1832 1702 1861 1771 si

435 1800 510 1892 ipse
521 1798 671 1868 credidit
689 1809 723 1867 et
742 1797 866 1881 credit,
880 1801 974 1889 quod
987 1798 1116 1888 Regula
1129 1798 1244 1867 Sancti
1256 1796 1428 1866 Francisci
1446 1798 1491 1866 sit
1504 1820 1610 1867 unum
1627 1809 1662 1866 et
1678 1798 1769 1868 idem
1780 1819 1861 1867 cum

434 1896 627 1987 Evangelio
646 1894 773 1965 Christi
792 1910 852 1964 aut
866 1896 911 1964 sit
927 1894 1154 1986 Evangelium
1170 1894 1309 1963 Christi.
1325 1894 1424 1978 ltem,
1442 1896 1487 1963 sit
1503 1895 1653 1965 credidit
1671 1906 1731 1964 aut
1749 1896 1864 1966 credit

435 1996 546 2086 quod,
562 1994 652 2063 sicut
673 1987 713 2088 [l⁰
733 1990 801 2083 lta
818 1987 852 2088 a]
864 2013 953 2086 papa
971 2014 1038 2063 uon
1050 2005 1164 2087 potest
1182 1991 1313 2085 aliquid
1335 1991 1520 2063 immutare
1537 1995 1573 2062 in
1588 1993 1781 2083 Evangelio
1799 2014 1865 2064 nec

435 2091 567 2161 addere
586 2091 642 2161 vel
663 2089 871 2160 subtrahere
891 2091 925 2159 in
955 2091 1101 2177 eodem,
1122 2094 1168 2160 ita
1191 2111 1259 2160 non
1281 2090 1392 2183 possit
1413 2101 1547 2160 mutare
1570 2091 1703 2180 aliquid
1729 2092 1763 2159 in
1792 2092 1862 2162 Re·

436 2206 515 2279 gula
536 2181 650 2257 Sancti
671 2187 868 2275 Francisci,
893 2210 957 2258 nec
983 2188 1212 2278 subtrahere,
1240 2187 1296 2256 vel
1323 2187 1455 2258 addere
1483 2190 1517 2256 in
1542 2188 1665 2257 eadem
1691 2202 1863 2278 quantum

436 2286 479 2356 ad
498 2298 579 2356 vota
596 2307 657 2355 seu
676 2286 822 2355 consilia
838 2286 1040 2377 evangelica
1061 2298 1096 2356 et
1113 2298 1280 2376 quantum
1298 2285 1342 2355 ad
1361 2296 1523 2378 precepta
1536 2296 1699 2356 contenta
1716 2287 1749 2355 in
1770 2286 1864 2357 dieta

435 2383 581 2474 Regula.
600 2382 700 2469 ltem,
721 2384 753 2452 si
771 2384 934 2464 credidit,
954 2394 1015 2453 aut
1036 2383 1160 2470 credit,
1183 2383 1239 2452 vel
1255 2383 1392 2453 audivit
1411 2384 1637 2473 dogmatizari
1657 2385 1751 2474 quod
1774 2403 1863 2477 papa

437 2502 506 2550 nou
529 2483 638 2574 possit
659 2500 797 2550 cassare
822 2482 981 2552 ordinem
1003 2481 1160 2551 Fratrum
1185 2481 1357 2551 llinorum
1378 2480 1558 2550 laudatum
1579 2482 1646 2551 sub
1667 2483 1778 2573 prima
1807 2502 1862 2552 re·

436 2578 539 2669 gula,
564 2599 628 2648 nec
657 2578 760 2648 etiam
791 2580 934 2649 tercium
957 2579 1117 2649 ordinem
1138 2579 1296 2669 ejusdem
1317 2578 1499 2648 lundatum
1519 2580 1586 2649 sub
1602 2580 1706 2649 tercia
1724 2579 1862 2670 regula,

437 2675 593 2746 tollendo
619 2676 713 2768 ipsos
741 2675 796 2745 vel
822 2676 968 2745 alterum
994 2679 1149 2769 ipsorum
1175 2676 1361 2746 demedio
1386 2676 1550 2746 ordinum
1577 2677 1748 2763 aliorum,
1772 2677 1865 2747 sicut

436 2773 627 2865 aliquando
646 2774 691 2843 de
708 2772 886 2865 aliquibus
904 2775 1089 2845 ordinibus
1109 2775 1237 2846 lactum
1261 2774 1337 2842 luit.
1360 2775 1459 2857 ltem,
1480 2777 1512 2844 si
1530 2773 1667 2844 audivit
1687 2775 1863 2866 dogmati·

436 2871 521 2956 zari,
543 2883 603 2942 aut
617 2871 779 2951 credidit,
797 2883 857 2940 aut
874 2872 985 2942 credit
1003 2874 1097 2962 quod
1120 2893 1207 2966 papa
1229 2893 1298 2943 uon
1318 2872 1427 2962 possit
1442 2872 1557 2943 lacere
1573 2872 1863 2944 constitutionem

436 2969 646 3039 decretalem
673 2989 735 3061 per
753 2989 858 3058 quam
881 2968 1061 3062 dispenset
1085 2980 1144 3040 aut
1165 2972 1334 3040 concedat
1358 2969 1536 3040 Fratribus
1553 2969 1747 3040 Minoribus
1766 2971 1864 3062 qood

436 3066 571 3157 possint
591 3086 806 3156 congregare
825 3066 967 3136 bladum
989 3079 1024 3137 et
1043 3068 1164 3136 vinum
1181 3068 1224 3137 ad
1240 3067 1455 3137 servandum
1475 3071 1511 3137 in
1529 3068 1705 3137 cummuni
1728 3090 1792 3161 pro
1811 3070 1865 3138 lu·

438 3174 515 3231 turo
538 3176 714 3256 tempore,
736 3163 778 3232 ad
802 3185 903 3233 usum
923 3186 986 3235 seu
1006 3165 1136 3234 victum
1157 3186 1282 3248 suum,
1305 3166 1349 3234 ad
1370 3166 1552 3235 arbitrium
1574 3165 1787 3258 prelatorum
1807 3169 1863 3237 sui

437 3261 583 3330 ordinis.
601 3261 700 3343 ltem,
717 3260 747 3329 si
761 3262 899 3331 audivit
915 3262 998 3347 dici,
1015 3272 1076 3331 aut
1094 3262 1257 3344 credidit,
1278 3275 1339 3332 aut
1353 3263 1465 3333 credit
1479 3263 1572 3355 quod
1589 3263 1753 3333 dominus
1774 3285 1864 3357 papa

436 3356 612 3428 lohannes
651 3358 794 3445 xxltu,
832 3359 993 3430 iaciendo
1028 3361 1216 3450 quamdam
1255 3362 1538 3432 constitutionem
1581 3382 1650 3451 que
1692 3362 1815 3455 incipit
1853 3386 1861 3428 :

440 3453 708 3540 Quorumdam,
726 3457 760 3525 iu
782 3477 851 3547 qua
875 3456 1003 3527 dicitur
1025 3456 1248 3550 dispensasse
1270 3469 1331 3527 aut
1356 3460 1572 3529 concessisse
1595 3458 1772 3529 Fratribus
1798 3459 1864 3528 hli-

436 3553 583 3624 noribus
601 3554 696 3645 quod
724 3555 829 3625 modo
845 3555 1002 3646 predicto
1018 3555 1154 3647 possint
1168 3554 1298 3625 habere
1318 3556 1461 3626 bladum
1490 3569 1525 3627 et
1549 3556 1670 3625 vinum
1700 3560 1734 3625 in
1763 3577 1863 3627 com·

438 3651 557 3738 muni,
579 3652 700 3722 lecerit
723 3653 756 3720 in
779 3650 846 3722 hoc
862 3664 981 3722 contra
1002 3653 1241 3744 evangelicam
1264 3665 1503 3746 paupertatem
1523 3665 1585 3724 aut
1607 3667 1727 3724 contra
1748 3655 1864 3724 Evan-

437 3747 566 3839 gelium
594 3747 733 3819 Christi.
764 3748 872 3836 ltem,
901 3750 930 3820 si
957 3749 1094 3819 audivit
1111 3751 1252 3834 doceri,
1275 3759 1336 3819 aut
1354 3752 1521 3836 credidit,
1548 3763 1608 3821 aut
1634 3753 1746 3821 credit
1766 3753 1863 3844 quod

436 3867 505 3916 non
544 3850 591 3917 sit
622 3846 858 3918 obediendum
895 3844 1010 3917 eidem
1048 3848 1191 3919 domino
1232 3869 1321 3940 pape
1351 3870 1413 3941 per
1434 3849 1586 3941 aliquem
1626 3851 1766 3920 fratrem
1803 3850 1865 3919 tti-

436 3963 556 4014 uorem
584 3944 618 4014 in
645 3945 800 4038 predicta
827 3944 1111 4037 dispensatione,
1137 3957 1198 4015 aut
1226 3949 1257 4015 si
1279 3947 1411 4037 aliquid
1437 3946 1532 4016 aliud
1559 3947 1799 4017 immutaverit
1827 3949 1862 4017 in

434 4039 527 4111 dicta
554 4042 700 4133 regula,
730 4043 891 4112 etiamsi
921 4045 998 4135 ipse
1026 4062 1112 4135 papa
1148 4044 1342 4136 preceperit
1371 4045 1407 4114 in
1439 4047 1570 4115 virtute
1591 4045 1793 4116 obedientie
1829 4058 1865 4116 et

432 4139 500 4208 sub
536 4160 624 4232 pena
657 4139 1029 4211 excommunicationis
1062 4140 1157 4232 quod
1192 4140 1237 4210 ita
1269 4141 1396 4211 debeat
1430 4144 1542 4212 teneri
1576 4152 1611 4212 et
1647 4143 1782 4212 servari
1817 4143 1864 4213 ab

433 4237 597 4307 omnihus
623 4237 802 4308 iratribus.
835 4238 941 4323 ltem,
968 4237 997 4308 si
1023 4224 1161 4307 audivit
1188 4237 1278 4324 dici,
1308 4251 1370 4309 aut
1396 4240 1567 4325 credidit,
1589 4252 1649 4309 aut
1672 4234 1712 4335 [p
1734 4237 1803 4308 lta
1822 4238 1861 4339 b]

433 4334 545 4403 credit
571 4337 666 4426 quod
703 4335 868 4405 dominns
905 4333 1081 4406 Iohannes
1114 4356 1202 4428 papa
1241 4336 1375 4424 XXll¹¹⁸,
1416 4338 1576 4408 iaciendo
1613 4339 1741 4407 dictam
1779 4359 1863 4409 cou-

433 4431 649 4503 stitutionem
681 4443 717 4502 et
743 4432 1067 4524 dispensationem,
1097 4434 1192 4526 quod
1227 4455 1272 4503 ex
1308 4433 1374 4506 huc
1402 4435 1448 4504 sit
1481 4436 1591 4506 lactus
1620 4434 1796 4505 hereticus
1829 4450 1865 4508 et

433 4529 627 4621 perdiderit
647 4541 853 4622 potestatem
875 4530 1033 4623 papalem
1058 4531 1188 4623 ligandi
1208 4543 1242 4600 et
1262 4532 1437 4602 solvendi.
1459 4533 1567 4620 ltem,
1588 4534 1616 4602 si
1636 4533 1775 4602 audivit
1792 4534 1861 4605 dici

432 4638 492 4695 aut
509 4628 671 4714 credidit,
694 4639 755 4697 aut
772 4628 886 4698 credit
901 4628 995 4720 quod
1017 4648 1104 4721 papa
1125 4649 1193 4698 non
1221 4631 1330 4722 possit
1355 4630 1441 4700 dare
1465 4631 1640 4701 licentiam
1659 4630 1762 4699 alicui
1792 4633 1862 4701 lra-

432 4725 474 4792 tri
496 4723 619 4796 Minori
645 4726 742 4817 quod
769 4737 923 4795 transeat
948 4726 993 4795 ad
1021 4726 1124 4796 aliam
1154 4726 1358 4816 religionem
1382 4749 1444 4798 seu
1469 4728 1627 4799 ordinem
1650 4728 1711 4797 ubi
1735 4727 1863 4800 habeat

431 4821 567 4913 aliquas
592 4824 740 4894 divicias
764 4824 798 4892 in
818 4824 997 4894 communi
1027 4844 1070 4894 eo
1097 4824 1202 4894 modo
1225 4846 1296 4916 quo
1316 4826 1422 4896 ceteri
1443 4825 1566 4896 iratres
1587 4826 1680 4896 illius
1701 4827 1860 4914 ordinis,

430 4919 515 5008 quin
531 4942 671 5014 semper
691 4933 851 4991 teneatur
863 4942 1007 4993 servare
1022 4934 1142 4992 votum
1156 4923 1371 5016 paupertatis
1391 4923 1519 4993 lactum
1537 4924 1729 4995 secundum
1751 4924 1865 5017 liega-

430 5013 497 5083 lsm
521 5016 636 5088 Sancti
657 5018 843 5104 Francisci,
860 5021 906 5089 ita
929 5019 1094 5090 videlicet
1111 5020 1207 5112 quod
1228 5040 1407 5112 nunquam
1432 5021 1542 5113 possit
1564 5021 1695 5092 habere
1723 5022 1860 5114 aliquid
