4612 6404
436 656 506 726 508
723 668 885 721 Puacrtcrt
912 669 1153 734 inquistrtortts
1180 670 1344 724 unuurtcn
1369 670 1582 724 pulvinaris.

435 830 628 924 spiritualis
649 829 835 911 alimonie,
855 826 1009 899 heretice
1030 831 1213 922 pravitatis
1232 832 1488 902 oblectamenta
1511 830 1731 918 ministrant;
1750 831 1879 902 crude·

436 930 503 998 lius
523 930 626 999 etiam
646 927 789 996 seviunt
808 928 842 995 in
862 925 1020 1018 seipsos,
1042 929 1126 997 dum
1144 942 1222 1021 post
1239 930 1434 999 animarum
1456 928 1704 1021 dispendium,
1724 949 1879 1022 corpora

436 1028 590 1119 denique
610 1046 735 1094 severe
755 1026 877 1094 mortis
897 1024 1095 1111 illecebris,
1121 1048 1226 1118 quam
1251 1048 1313 1118 per
1335 1025 1550 1117 agnitionem
1574 1046 1694 1096 veram
1715 1026 1766 1118 (l)
1789 1048 1880 1098 vere

436 1123 519 1194 fidei
539 1134 681 1216 possent
701 1122 877 1207 evadere,
894 1122 968 1192 vite
987 1122 1125 1215 prodigi
1152 1135 1187 1194 et
1212 1125 1323 1195 necis'
1336 1124 1527 1216 improvidi
1546 1133 1737 1194 sectatores
1759 1125 1878 1195 invol-

431 1233 541 1307 vunt;
564 1231 598 1289 et
617 1220 711 1312 quod
732 1232 785 1288 est
805 1220 881 1311 ipso
899 1220 993 1289 dictu
1013 1221 1227 1292 dirissimum
1248 1219 1318 1316 (2),
1339 1216 1380 1317 [1)
1397 1220 1466 1290 166
1483 1216 1520 1318 d]
1537 1222 1745 1312 superstites
1763 1224 1877 1293 etiam

435 1341 504 1389 non
527 1332 689 1388 tenentur
709 1317 886 1408 exemplo.
908 1316 1033 1388 Contra
1053 1320 1138 1390 tales
1157 1320 1263 1412 igitur
1288 1321 1359 1390 fleo
1378 1329 1414 1388 et
1432 1317 1635 1389 hominibus
1661 1318 1716 1409 (3)
1743 1320 1795 1391 sic
1819 1323 1876 1389 in-

436 1418 561 1500 festos,
588 1417 768 1486 continere
793 1435 861 1484 non
884 1436 1069 1505 possumus
1091 1429 1205 1488 motus
1226 1429 1387 1503 nostros,
1415 1417 1500 1507 quin
1521 1416 1640 1486 debito
1671 1417 1817 1488 ultiouis
1838 1419 1879 1487 in

435 1536 496 1585 eos
516 1513 671 1605 gladium
692 1534 899 1598 exeramus,
923 1524 1018 1585 tauto
1044 1517 1140 1605 ipsos
1164 1517 1355 1585 instancius
1375 1527 1653 1608 prosequentes,
1675 1526 1809 1605 quanto
1836 1518 1878 1585 in

434 1613 690 1682 evidentiorem
717 1610 935 1680 delusionem
956 1609 1038 1681 fidei
1061 1611 1274 1697 christiane,
1305 1633 1414 1706 prope
1432 1613 1622 1682 Romanam
1656 1611 1876 1698 Ecclesiam,

433 1731 503 1801 que
518 1722 622 1801 caput
633 1708 858 1778 ecclesiarum
870 1709 1026 1778 omnium
1038 1710 1230 1800 judicatur,
1248 1710 1508 1803 superstitionis
1523 1731 1587 1779 sue
1602 1711 1737 1779 scelera
1755 1711 1879 1780 lacius

435 1829 601 1878 exercere
622 1816 835 1898 noscuntur,
872 1807 983 1894 adeo,
1016 1809 1110 1899 quod
1130 1810 1175 1878 ab
1194 1809 1309 1878 Ytalie
1330 1806 1478 1893 finibus,
1502 1810 1685 1899 presertim
1715 1828 1735 1877 a
1759 1811 1878 1901 parti-

437 1905 502 1975 bus
525 1905 751 1989 Lombardie‚
780 1905 968 1996 inquibus
997 1917 1179 1997 procerte
1207 1906 1456 2000 perpendimus
1484 1906 1639 1996 ipsorum
1675 1906 1878 1998 nequiciam

437 2003 545 2073 lacius
570 2002 794 2084 habundare,
814 2004 958 2094 jamque
983 2004 1158 2095 usquead
1185 2026 1330 2095 regnum
1353 2015 1510 2073 nostrum
1535 2002 1674 2085 Ciuilis,
1704 2025 1769 2074 sue
1795 2025 1880 2097 per-

437 2099 521 2170 fidie
541 2101 676 2171 rivulos
696 2100 915 2170 derivarunt.
1019 2098 1021 2103 ’

485 2198 586 2281 Quod
606 2199 870 2269 acerbissimum
888 2210 1115 2292 reputantes,
1137 2202 1324 2269 statuimus
1343 2200 1523 2291 inprimis,
1555 2212 1593 2268 ut
1612 2199 1745 2268 crimen
1770 2198 1880 2270 here·

437 2317 537 2383 sene,
559 2309 594 2367 et
611 2297 800 2389 dampnate
819 2308 913 2367 secte
933 2297 1134 2386 cujuslibet,
1156 2317 1381 2390 quocumque
1400 2300 1542 2369 nomine
1562 2306 1776 2367 conseantur
1796 2318 1879 2367 sec·

441 2405 595 2480 1616666,
625 2406 728 2487 prout
751 2395 931 2479 veteribus
959 2395 1094 2486 legibus
1121 2406 1173 2465 est
1200 2394 1392 2480 indictum,
1421 2396 1514 2466 inter
1543 2393 1682 2488 publica
1721 2394 1878 2464 crimina

439 2504 688 2580 numerentur,
711 2514 792 2586 ymo
812 2494 959 2562 crimine
977 2493 1049 2563 lese
1069 2493 1260 2583 majestatis
1280 2505 1399 2564 nostre
1419 2493 1525 2564 debet
1539 2494 1584 2563 ab
1602 2491 1767 2563 omnibus
1787 2491 1877 2563 hor-

435 2590 573 2660 ribilius
594 2589 747 2683 judicari
774 2591 869 2682 quod
899 2593 935 2659 in
964 2591 1086 2662 divine
1116 2591 1306 2681 majestatis
1335 2591 1498 2682 injuriam
1530 2591 1687 2661 noscitur
1719 2600 1877 2683 attemp-

436 2698 564 2781 tatum,
586 2691 748 2780 quamvis
764 2688 886 2778 judicii
907 2699 1077 2780 potestate
1092 2689 1239 2758 alterurn
1257 2688 1357 2759 alteri
1379 2711 1447 2760 non
1469 2689 1632 2760 excellat.
1655 2688 1740 2756 Nam
1761 2688 1875 2757 sicuti

436 2787 688 2877 perduellionis
707 2787 839 2856 crimen
854 2807 1020 2878 personas
1038 2786 1162 2855 adimit
1178 2788 1446 2880 dampnatorum
1467 2799 1502 2857 et
1521 2786 1626 2871 bona,
1649 2795 1685 2854 et
1704 2785 1882 2878 dampnat

436 2897 513 2973 post
542 2885 675 2954 obitum
707 2885 910 2955 memoriam
937 2883 1202 2969 defunctorum,
1237 2885 1287 2954 sic
1313 2897 1347 2954 et
1373 2888 1408 2953 in
1435 2885 1592 2978 predicto
1616 2884 1765 2953 crimine
1803 2904 1881 2976 quo

438 2979 614 3063 Patheriui
636 2992 802 3053 notantur
824 3004 885 3074 per
905 2982 1023 3051 omniu
1044 2981 1209 3053 volumus
1229 2982 1427 3053 observari.

487 3076 540 3174 [F0
561 3079 627 3148 166
648 3076 682 3178 a]
712 3078 753 3147 Et
771 3090 808 3147 ut
828 3081 981 3172 ipsorum
1004 3081 1186 3170 nequicia,
1209 3081 1269 3172 qui
1289 3082 1371 3172 quia
1391 3079 1577 3151 Dominum
1600 3101 1670 3150 non
1696 3091 1879 3171 sequntur

437 3177 470 3245 iu
497 3177 649 3247 tenebris
669 3178 872 3270 ambulant,
894 3177 1096 3269 detegatur,
1128 3179 1268 3248 nemine
1289 3179 1395 3248 etiam
1421 3177 1635 3264 defferente,
1663 3178 1877 3269 investigari

437 3275 601 3345 volumus
620 3274 807 3367 diligenter
824 3274 1089 3364 hujussceleris
1101 3271 1151 3368 (1)
1172 3285 1382 3368 patratores,
1401 3287 1436 3346 et
1451 3297 1512 3368 per
1527 3274 1695 3346 officiales
1712 3286 1872 3364 nostros,

437 3373 527 3442 sicut
547 3385 581 3442 et
600 3372 686 3443 alios
708 3373 948 3442 malefactores
969 3372 1113 3464 inquiri,
1133 3394 1175 3443 ao
1193 3373 1419 3464 inquisitione
1433 3384 1584 3458 notatos,
1603 3373 1708 3443 etiarn
1728 3373 1758 3442 si
1779 3373 1878 3444 levis

437 3471 698 3563 superstitionis
732 3482 940 3561 argumento
972 3482 1181 3561 tangantur,
1216 3471 1348 3541 aviris
1380 3471 1625 3541 ecclesiasticis
1657 3483 1692 3540 et
1728 3470 1877 3564 prefatis

438 3567 632 3638 examinari
649 3569 832 3657 jubemus;
857 3590 917 3661 per
944 3568 1085 3660 quossi
1114 3568 1248 3639 inventi
1272 3569 1401 3638 fuerint
1421 3590 1441 3638 a
1461 3567 1531 3638 fide
1551 3568 1723 3639 catholica
1747 3568 1878 3639 saltem

440 3667 473 3734 in
501 3666 649 3736 articulo
669 3666 832 3753 deviare,
858 3686 898 3735 ac
919 3686 980 3759 per
1006 3666 1099 3758 ipsos
1129 3667 1294 3759 pastorali
1323 3687 1419 3737 more
1442 3667 1667 3748 commoniti,
1695 3666 1880 3759 tenebrosi

440 3764 581 3857 dyaboli
603 3764 733 3834 relictis
755 3763 915 3849 insidiis,
939 3763 1116 3834 noluerint
1132 3784 1325 3854 agnoscere
1342 3764 1454 3833 Deum
1475 3764 1584 3850 lucis,
1608 3778 1661 3834 set
1686 3765 1722 3832 iu
1743 3765 1883 3836 erroris

440 3873 607 3954 concepta
625 3862 787 3931 instantia
809 3873 1056 3953 perseverent,
1080 3862 1252 3954 presentis
1270 3874 1388 3932 nostre
1409 3862 1495 3953 legis
1511 3862 1626 3932 edicto
1644 3863 1880 3954 dampnatos,

441 3961 509 4052 pati
541 3971 686 4029 mortem
717 3958 930 4029 Patharenos
959 3959 1118 4051 aliosque
1136 3960 1340 4046 hereticos,
1371 3981 1594 4051 quocumque
1624 3960 1766 4030 nomine
1787 3981 1881 4030 cen-

439 4069 602 4142 seantur,
635 4057 877 4141 decernimus,
909 4077 1012 4148 quam
1041 4057 1228 4143 affectant3
1260 4069 1297 4126 ut
1317 4058 1392 4126 vivi
1418 4057 1452 4126 in
1473 4069 1662 4150 conspectu
1691 4057 1881 4128 hominum

439 4155 711 4239 comburantur,
734 4153 953 4224 flammarum
974 4155 1153 4225 commissi
1168 4154 1317 4244 juditio,
1346 4177 1410 4225 nec
1429 4156 1610 4240 dolemus,
1632 4155 1727 4247 qnod
1749 4156 1783 4223 in
1808 4155 1883 4228 hoc

440 4255 594 4343 ipsorum
612 4252 844 4322 satisfacimus
860 4253 1047 4336 voluntati,
1068 4273 1113 4321 err
1133 4273 1204 4343 quo
1224 4273 1348 4346 penam
1369 4253 1605 4337 solummodo,
1629 4275 1697 4323 non
1719 4252 1881 4325 fructum

439 4351 544 4418 alium
565 4365 804 4441 consequntur
823 4351 953 4420 erroris
976 4375 983 4417 ε
1006 4349 1099 4442 apud
1122 4371 1185 4420 nos
1203 4370 1265 4443 pro
1287 4351 1412 4421 talibus
1434 4373 1537 4422 nemo
1557 4350 1771 4420 intervenire
1794 4373 1884 4444 pre-

438 4461 554 4517 sumat
577 4472 584 4515 :
606 4448 699 4539 quod
721 4451 751 4517 si
771 4447 891 4517 fecerit
919 4445 997 4540 (5),
1020 4448 1054 4516 in
1076 4447 1189 4540 ipsum
1213 4460 1331 4519 nostre
1358 4448 1610 4541 indignationis
1635 4449 1777 4518 aculeos
1801 4471 1880 4522 non

478 4677 511 4737 tlt
536 4677 630 4729 Veram
644 4681 669 4729 et
683 4691 743 4730 uere
757 4677 838 4744 fidei,
855 4676 927 4730 dans
943 4675 1038 4732 Pertz.

478 4776 512 4839 lz')
528 4776 725 4828 6661666666.
746 4772 815 4828 fota.

474 4873 512 4938 13)
528 4873 630 4927 Contra
645 4873 729 4939 tales,
746 4873 819 4941 sibi,
834 4874 886 4927 fleo
899 4878 924 4926 ct
939 4873 1104 4928 hominibus.
1129 4873 1198 4927 fbid.

476 4971 510 5037 lll
527 4971 675 5025 Scelerum.
698 4972 767 5025 ibid.

478 5069 515 5135 (5)
533 5068 606 5135 Quod
618 5072 668 5137 qui
681 5069 785 5135 feccrit.
805 5069 873 5122 ibid.
