4574 6404
1019 631 1140 685 naaria
1166 630 1263 684 rans
1793 611 1859 680 ll9

425 798 695 900 mospotestate
721 809 846 860 manus
873 810 979 882 super
999 789 1269 881 energuminos,
1296 787 1374 858 sive
1403 786 1612 878 baptisatoS,
1639 784 1716 855 sive
1736 783 1856 856 cathe-

424 907 606 972 cuminos,
627 886 845 981 imponendi.

475 981 517 1038 lle
529 982 653 1039 lectore.

470 1055 536 1128 Ad
554 1054 684 1126 librum
702 1077 784 1128 cum
801 1078 868 1150 quo
886 1055 960 1150 suit
975 1056 1080 1129 lecim
1097 1080 1109 1124 .·

473 1152 678 1225 Aulerimus
698 1154 760 1225 tibi
780 1154 937 1226 codicem
958 1176 1061 1248 quem
1089 1175 1167 1225 cum
1186 1153 1374 1225 lectoratus
1394 1149 1511 1225 ollicio
1527 1152 1732 1244 suscepisti,
1754 1162 1859 1242 teque

424 1251 616 1322 eximimus
641 1264 677 1323 et
707 1252 888 1347 privamus
919 1262 1091 1346 potestate
1127 1252 1224 1322 illum
1254 1251 1392 1344 legendi
1421 1250 1466 1321 de
1499 1260 1617 1321 cetero
1648 1251 1683 1319 in
1711 1248 1860 1320 ecclesia

423 1359 543 1420 sancta
561 1348 638 1421 Dei.

475 1445 517 1500 lle
529 1444 683 1503 hostiario.

473 1516 534 1591 Ad
549 1518 695 1590 clocas:

473 1615 676 1687 Auferimus
696 1617 758 1687 tibi
781 1618 900 1689 claves
922 1617 1070 1688 ecclesie
1095 1628 1200 1710 teque
1221 1616 1411 1688 eximimus
1431 1629 1467 1687 et
1488 1616 1667 1711 privamus
1686 1611 1803 1685 ollicio
1823 1623 1859 1683 et

425 1724 599 1807 potestate
616 1714 840 1786 custodiendi
861 1736 917 1786 res
935 1737 1006 1807 que
1024 1715 1109 1808 ipsis
1129 1715 1288 1785 clavibus
1309 1715 1551 1801 recluduntur,
1563 1725 1598 1785 et
1615 1723 1733 1807 portas
1752 1710 1858 1782 etiam

425 1810 572 1882 ecclesie
588 1812 771 1905 aperiendi
790 1816 869 1884 sive
886 1813 1088 1883 claudendi.

399 1959 405 1972 .
471 1905 519 1979 Ia
545 1908 720 1980 oblatione
742 1932 827 1981 cero
850 1910 969 1980 ultimi
992 1909 1086 2003 quud
1113 1910 1151 1978 iu
1176 1910 1358 1984 collatione
1384 1910 1553 1981 ordinum
1581 1909 1650 2004 fud
1670 1908 1856 2002 primum,

424 2004 671 2101 infrascripto
688 2008 745 2079 ccl
760 2009 833 2081 ulio
850 2008 961 2078 simili
978 2009 1080 2079 modo
1095 2010 1303 2102 pronunciet
1321 2010 1394 2079 sive
1410 2009 1506 2081 dicct
1525 2034 1536 2077 :

472 2103 695 2177 Auctoritate
721 2107 785 2176 Dei
813 2107 1081 2200 omnipotentis,
1103 2107 1234 2193 Patris,
1257 2119 1292 2178 et
1317 2107 1415 2193 Filii,
1437 2119 1472 2178 et
1490 2105 1639 2200 Spiritus
1659 2105 1796 2190 Sancti,
1817 2125 1859 2175 ac

426 2212 543 2273 nostra
562 2199 635 2295 (uel
656 2204 707 2275 sic
732 2206 770 2274 iu
794 2227 877 2275 cusu
905 2203 1075 2297 speciali.
1100 2226 1141 2276 ac
1166 2216 1337 2297 potestate
1358 2200 1399 2301 [l0
1425 2206 1471 2275 66
1491 2201 1525 2302 a]
1547 2203 1736 2296 apostolica
1759 2202 1859 2274 nobis

425 2299 460 2369 in
480 2298 547 2370 hnc
561 2311 660 2393 parte
679 2303 897 2393 commissa),
915 2303 1110 2374 auferimus
1126 2303 1189 2373 tibi
1209 2303 1366 2373 habitum
1384 2304 1581 2375 clericalem
1600 2312 1635 2373 et
1653 2315 1687 2372 te
1703 2301 1747 2371 ab
1762 2302 1859 2371 omni

424 2396 634 2469 sacerdotali
660 2411 696 2470 et
722 2401 792 2472 alio
819 2400 978 2493 quolibet
1004 2401 1130 2473 ordine
1153 2401 1363 2494 deponimus
1387 2422 1428 2472 ac
1451 2400 1706 2492 degradamus,
1727 2399 1858 2491 spolia-

426 2516 578 2589 musque
598 2507 633 2567 et
652 2497 841 2569 eximimus
863 2508 896 2569 te
916 2498 960 2568 ab
979 2502 1076 2570 omni
1095 2498 1250 2580 honore,
1272 2497 1460 2586 benefitio,
1481 2521 1522 2570 ac
1549 2498 1735 2593 privilegio
1753 2496 1857 2568 cleri·

424 2594 507 2679 cali,
521 2605 557 2665 et
570 2594 820 2668 nichilominus
841 2597 1113 2689 pronunciamus
1133 2609 1168 2667 et
1187 2597 1336 2669 dicimus
1357 2597 1468 2668 nobili
1486 2597 1564 2668 viro
1585 2595 1643 2666 tali
1663 2594 1859 2668 senescallo
1907 2655 1912 2663 .

425 2690 483 2762 hic
510 2693 666 2786 presenti
692 2707 730 2763 ut
757 2705 789 2764 te
815 2695 851 2763 in
879 2695 992 2766 lorum
1021 2716 1125 2764 suum
1153 2696 1298 2790 recipiat
1324 2696 1580 2787 degradatum,
1603 2695 1717 2786 ipsum
1742 2705 1858 2763 mmen

425 2790 640 2882 requirimus
659 2802 695 2861 et
713 2812 878 2883 rogamus
905 2803 942 2861 ut
968 2795 1053 2863 citra
1074 2793 1195 2864 mortis
1215 2793 1408 2886 periculum
1435 2805 1470 2863 et
1493 2792 1639 2863 membri
1666 2791 1856 2861 mutilatio·

426 2907 507 2958 nem
526 2907 624 2958 suam
646 2889 738 2958 circa
759 2900 793 2960 te
812 2892 1022 2960 sententiam
1045 2891 1216 2963 moderet.

426 3141 484 3206 22.
508 3143 549 3206 Si
564 3159 649 3207 vero
667 3145 907 3225 inquisitores
922 3147 1083 3211 heretice
1102 3147 1300 3228 pravitatis
1320 3155 1356 3211 et
1380 3147 1625 3212 commissarii
1647 3162 1712 3211 seu
1729 3146 1860 3210 vicarii

464 3251 622 3331 alicuius
643 3253 805 3333 episcopi
830 3255 1019 3334 coniuncti
1043 3255 1272 3335 procedendo
1296 3262 1425 3319 contra
1449 3255 1608 3335 aliquem
1631 3255 1859 3319 sacerdotem

463 3367 528 3423 aut
545 3359 718 3423 clericum
733 3361 773 3423 in
789 3362 908 3425 sacris
921 3362 1113 3426 ordinibus
1129 3362 1376 3426 constitutum
1390 3363 1661 3441 >inmorandum
1676 3370 1713 3426 et
1728 3363 1860 3438 degra-

464 3466 627 3530 dandum
647 3469 870 3531 sententiam
885 3467 979 3532 ferre
997 3469 1205 3544 debuerint,
1228 3470 1316 3548 quia
1331 3469 1404 3549 ipsi
1424 3486 1499 3534 non
1521 3478 1678 3550 possunt
1699 3470 1858 3551 aliquem

462 3574 673 3653 hujusmodi
691 3575 870 3655 deponere
886 3592 951 3639 seu
969 3576 1188 3653 degradare,
1205 3584 1379 3656 poterunt
1394 3577 1449 3640 uti
1467 3576 1638 3641 informa
1657 3577 1857 3651 sententie,

464 3683 504 3746 in
518 3682 599 3746 luco
615 3683 870 3758 convenienti,
886 3684 1008 3747 verbis
1025 3683 1265 3763 sequentibus
1281 3684 1348 3747 tali
1363 3684 1470 3747 modu
1488 3699 1494 3745 :

474 3926 544 3997 Nos
564 3925 790 4018 inquisitores
805 3937 840 3994 et
858 3927 1089 3997 commissarii
1111 3936 1193 3997 ante
1213 3926 1317 4010 dicti,
1337 3925 1464 3996 Christi
1484 3930 1644 4013 nomine,
1667 3937 1751 4011 ete,
1772 3926 1858 3996 dici·

426 4045 504 4094 mus
527 4035 562 4094 et
580 4044 643 4115 per
663 4023 886 4092 diffinitivam
907 4027 1117 4095 sententiam
1145 4025 1181 4094 in
1206 4023 1275 4094 hiis
1300 4024 1522 4117 presentibus
1543 4024 1681 4117 scriptis
1703 4045 1859 4116 pronun·

426 4122 560 4194 ciamus
580 4120 774 4212 predictum
795 4120 837 4192 N.
861 4122 1094 4213 presbiterum
1115 4143 1194 4193 esse
1218 4143 1237 4192 a
1262 4122 1335 4192 suis
1359 4121 1544 4193 ordinibus
1570 4121 1857 4213 degradandum,

426 4231 462 4291 et
480 4229 665 4312 postquam
687 4219 900 4310 degradatus
924 4219 1030 4290 luerit
1052 4220 1088 4291 in
1115 4232 1323 4313 perpetuum
1353 4221 1442 4289 muri
1470 4241 1643 4291 carcerem
1670 4219 1859 4291 detruden·
1953 4294 1956 4299 ,

426 4318 509 4388 dum
532 4317 576 4386 ad
596 4317 771 4408 agendum
792 4317 925 4388 ibidem
945 4317 1012 4388 sub
1037 4318 1188 4389 vinculis
1212 4319 1354 4404 ferreis,
1376 4318 1411 4387 in
1437 4338 1527 4410 pane
1551 4317 1682 4389 doloris
1709 4329 1744 4388 et
1770 4338 1861 4409 aqua

429 4410 470 4511 [p
495 4414 540 4483 66
567 4410 603 4512 b]
622 4416 795 4505 augustie,
819 4415 1048 4507 penitentiam
1076 4416 1121 4486 de
1147 4416 1368 4501 commissis3
1390 4415 1608 4486 declarantes
1634 4436 1674 4485 ac
1704 4438 1859 4509 pronun·

426 4513 559 4584 ciantes
579 4512 841 4598 nichilominus,
861 4521 1029 4606 quantum
1052 4524 1172 4586 nostra
1190 4516 1338 4584 interest
1356 4513 1391 4582 in
1414 4512 1480 4583 hac
1498 4524 1609 4606 parte,
1628 4525 1749 4584 contra
1769 4535 1857 4583 eun-

426 4610 506 4681 dem
539 4611 642 4681 talem
672 4611 712 4682 N.
750 4611 981 4704 presbiterum
1013 4633 1091 4682 esse
1120 4611 1382 4704 procedendum
1411 4610 1508 4704 prius
1537 4611 1768 4683 eliectualiter
1799 4632 1861 4704 per

426 4710 628 4801 episcopum
650 4708 837 4779 habentem
854 4732 961 4802 super
978 4708 1046 4780 hoc
1066 4718 1271 4803 potestatem
1293 4710 1337 4779 ad
1358 4709 1615 4801 depositionem
1637 4720 1673 4778 et
1692 4708 1861 4799 degrada·

427 4806 556 4876 tionem
578 4807 735 4897 ejusdem
756 4827 776 4876 a
796 4807 1003 4879 sacerdotali
1023 4820 1057 4877 et
1074 4807 1143 4878 alio
1160 4808 1318 4899 quolibet
1337 4808 1480 4892 ordine,
1503 4818 1538 4878 ct
1557 4807 1602 4877 ad
1626 4807 1859 4899 privationem

426 4904 470 4973 ab
490 4905 585 4975 omni
614 4904 766 4974 clericali
798 4905 954 4995 honore,
984 4905 1105 4975 habitu
1126 4917 1160 4974 et
1188 4906 1373 4998 privilegio
1400 4927 1440 4976 ac
1461 4918 1626 4992 tonsura,
1649 4905 1683 4973 in
1712 4905 1861 4975 lormaa

424 5003 502 5092 jure
522 5001 649 5072 tradita
668 5005 863 5073 secundum
884 5003 1070 5075 canonicas
1089 5005 1309 5074 sanctiones.
