4574 6404
474 686 542 756 tot
763 702 925 756 rnncrrcn
951 704 1192 771 rnnursrrrnnrs
1219 703 1382 757 nannetes
1406 704 1618 757 nnnvrrnrrs.

472 863 697 956 presentibus
715 862 855 957 scriptis
875 885 953 935 esse
982 862 1178 935 hereticum
1198 865 1244 935 de
1264 864 1420 959 predicta
1441 876 1536 935 secta
1564 876 1598 935 et
1620 864 1736 936 heresi
1757 865 1910 937 Valden-

472 961 564 1031 sium
584 982 647 1031 seu
667 960 862 1053 Pauperum
888 961 933 1031 de
952 962 1125 1050 Lugduno
1149 962 1369 1033 declaramus
1388 972 1423 1032 et
1451 963 1744 1056 pronunciamus,
1768 984 1907 1035 necnon

472 1058 587 1152 ipsum
608 1069 773 1150 tanquam
793 1061 1058 1151 impenitentem
1074 1070 1110 1130 et
1126 1060 1338 1131 obstinatum
1359 1058 1553 1130 hereticum
1575 1060 1807 1153 relinquimus
1826 1061 1908 1132 bra·

471 1156 553 1227 chio
571 1166 608 1226 et
628 1155 758 1246 juditio
777 1157 875 1226 curie
893 1157 1079 1244 secularis,
1104 1157 1253 1228 eandem
1279 1158 1472 1229 allectuose
1491 1167 1673 1249 rogantes,
1696 1169 1800 1251 prout
1825 1179 1908 1229 sua·

472 1252 557 1324 dent
575 1253 743 1324 canonice
760 1254 978 1337 sanctiones,
1005 1267 1044 1324 ut
1061 1255 1154 1326 circa
1178 1255 1292 1349 ipsum
1319 1255 1405 1325 citra
1431 1267 1577 1326 mortem
1603 1268 1639 1325 et
1664 1256 1905 1328 membrorum

462 1348 728 1422 'mutilationem
755 1372 858 1421 sunm
882 1351 1051 1443 juditium
1080 1353 1294 1424 moderetur
1322 1352 1404 1423 Lata
1434 1353 1498 1422 luit
1525 1352 1589 1423 hec
1613 1353 1786 1423 sententia
1811 1375 1907 1426 anno

471 1459 507 1520 et
520 1448 592 1536 dre,
611 1459 679 1519 etc

520 1545 564 1618 Si
576 1569 661 1617 cero
668 1546 855 1658 predictus
868 1546 948 1618 tulis
963 1547 1014 1618 N.
1032 1547 1208 1619 tereticam
1221 1546 1311 1618 alios
1323 1547 1427 1641 prius
1440 1548 1621 1619 heresim
1606 1548 1789 1660 injudicio
1802 1548 1907 1641 obju-

470 1650 582 1715 rasset
604 1645 675 1715 el
660 1668 698 1714 m
721 1644 871 1717 eundem
894 1645 1070 1756 relapsam·
1081 1645 1221 1740 fuisset,
1250 1645 1374 1717 tunc
1358 1667 1397 1714 m
1421 1645 1544 1740 forme
1568 1646 1771 1717 semente
1756 1670 1794 1716 m
1821 1648 1908 1720 loeis
1972 1726 1976 1735 ,

469 1741 754 1835 competentibus,
784 1743 901 1813 tom
885 1766 924 1812 to
949 1743 1127 1837 principio
1153 1767 1261 1838 quom
1285 1744 1325 1816 in
1350 1744 1445 1835 fine,
1473 1750 1559 1815 esset
1582 1744 1751 1856 faciendo
1776 1748 1906 1817 mentio

469 1861 536 1910 nort
553 1845 690 1911 tardum
706 1840 751 1911 de
770 1841 871 1935 lapse
886 1847 935 1911 set
950 1842 1057 1912 etiem
1074 1840 1119 1913 de
1134 1842 1190 1913 rel
1188 1864 1299 1936 apso,
1318 1841 1417 1912 umbi
1430 1842 1550 1934 pratia
1566 1843 1665 1913 circe
1677 1842 1906 1936 principium

469 1936 537 2008 toli
560 1937 693 2008 modo:
714 1938 939 2011 Postmodum
964 1958 1051 2010 vero
1071 1940 1226 2033 prelatus
1245 1939 1304 2028 N.,
1333 1949 1412 2032 post
1434 1939 1628 2034 abjuratam
1650 1960 1669 2009 a
1688 1962 1728 2011 se
1748 1940 1844 2033 prius
1864 1939 1904 2013 in

465 2035 595 2127 juditio
614 2048 744 2107 sectam
771 2048 805 2108 et
825 2036 977 2107 heresim
998 2036 1252 2124 Valdensium,
1279 2049 1444 2129 tanquam
1466 2038 1563 2108 canis
1583 2058 1748 2108 reversus
1771 2040 1816 2109 ad
1836 2061 1905 2111 vn-

468 2133 616 2219 mitum,
637 2135 750 2228 culpis
769 2134 949 2206 veteribus
973 2155 1086 2205 novas
1104 2136 1237 2206 addere
1263 2156 1334 2207 non
1361 2136 1542 2219 verendo,
1569 2139 1604 2204 in
1626 2136 1773 2205 eandem
1795 2136 1901 2208 here·

466 2234 533 2302 sim
556 2231 795 2325 multipliciter
814 2243 868 2303 est
886 2233 1046 2326 relapsus
1066 2232 1302 2327 (ampliemur
1320 2233 1360 2303 ιἰι
1378 2232 1443 2304 isto
1469 2234 1540 2304 loco
1568 2254 1611 2303 ea
1638 2255 1704 2326 quc
1729 2233 1906 2305 conscrisit

466 2327 506 2400 ire
522 2329 665 2422 relapsu
689 2328 750 2400 sab
767 2330 973 2422 compendio
995 2329 1232 2423 singillatim).
1267 2330 1329 2403 Vel
1344 2331 1425 2402 sie:
1449 2331 1602 2402 Tandem
1625 2330 1802 2423 predictus
1823 2332 1903 2404 talis

466 2425 525 2515 N.,
548 2439 731 2521 postquam
755 2427 946 2521 predictam
964 2441 1094 2499 sectam
1115 2437 1150 2498 et
1169 2429 1343 2515 heresim,
1372 2432 1535 2521 quamvis
1562 2428 1641 2498 fiete
1669 2439 1705 2498 et
1730 2429 1904 2500 fallaciter

466 2526 565 2616 prins
584 2525 619 2593 in
638 2524 766 2615 juditio
784 2526 994 2616 abjurasset,
1015 2526 1106 2597 sicut
1124 2526 1170 2598 de
1189 2525 1344 2614 fictione,
1366 2527 1500 2598 fallacia
1516 2522 1557 2623 [p
1576 2526 1623 2595 75
1642 2522 1679 2623 b]
1700 2537 1735 2596 et
1755 2526 1903 2619 duppli-

465 2622 571 2693 citate
589 2623 706 2693 cordis
726 2623 882 2734 legitime
898 2635 1035 2695 constat
1054 2644 1116 2717 per
1135 2646 1176 2695 ea
1195 2645 1265 2717 que
1280 2625 1356 2718 ipse
1374 2624 1477 2717 plane
1496 2635 1531 2695 et
1551 2625 1654 2734 plene
1675 2623 1901 2717 postmodum

466 2721 691 2813 recognovit,
719 2721 871 2791 asseruit
906 2732 941 2792 et
968 2721 1150 2793 confessus
1180 2722 1281 2792 luit
1275 2744 1309 2791 rn
1335 2722 1465 2813 juditio
1491 2723 1714 2793 constitutus.
1751 2722 1901 2792 Domum

464 2837 563 2888 suam
593 2817 776 2912 perfidiam
807 2820 1035 2890 manifestans
1063 2833 1142 2912 post
1173 2820 1367 2911 abjuratam
1401 2841 1422 2890 a
1450 2820 1550 2890 sein
1577 2819 1707 2910 juditio
1735 2819 1901 2911 quamvis

464 2911 545 2986 ficte
564 2916 692 2987 dictam
713 2927 843 2987 sectam
864 2926 899 2987 et
918 2916 1070 2988 heresim
1078 2917 1293 3009 ‚requisitus
1310 2918 1430 3010 sepius
1450 2918 1486 2987 in
1502 2917 1630 3008 juditio
1652 2927 1689 2985 ut
1700 2917 1836 3028 jpraret
1854 2917 1901 2989 de

386 3029 392 3040 ·
463 3015 614 3084 veritate
634 3014 836 3109 dicenda,
822 3035 943 3104 Jurare
963 3016 1102 3108 penitus
1122 3018 1302 3086 recusavit
1316 3028 1352 3086 et
1374 3015 1491 3086 adhuc
1510 3026 1650 3086 recusat
1673 3017 1791 3085 animo
1816 3036 1898 3107 per·

463 3112 573 3182 tinaci
591 3134 801 3206 erroresque
822 3124 857 3182 et
883 3113 1027 3184 hereses
1046 3113 1139 3183 dicte
1164 3124 1260 3183 secte
1280 3113 1372 3184 sicut
1396 3113 1493 3207 prius
1521 3112 1706 3184 evidenter
1725 3113 1901 3204 approbat

464 3220 500 3279 et
518 3210 743 3282 commendat
769 3222 804 3281 et
832 3219 1022 3282 sectatores
1043 3210 1201 3302 ejusdem
1227 3211 1354 3282 asserit
1373 3232 1452 3282 esse
1470 3211 1602 3296 bonos,
1627 3210 1724 3302 quod
1746 3230 1817 3280 non
1845 3221 1901 3281 est

463 3305 611 3378 dubium
631 3330 671 3379 se
692 3331 737 3381 ex
763 3308 948 3403 approbati
968 3329 989 3378 a
1006 3328 1045 3378 se
1063 3311 1160 3401 prius
1180 3308 1309 3379 erroris
1329 3320 1365 3379 et
1387 3308 1523 3379 heresis
1543 3308 1636 3379 dicte
1656 3320 1750 3378 secte
1769 3329 1897 3379 conse·

416 3424 428 3447 ι
463 3405 608 3497 quentia
628 3406 663 3476 id
684 3408 822 3478 iecisse.

515 3500 626 3575 Circo
645 3503 755 3594 finem
775 3526 859 3575 vero
874 3503 1038 3574 sententie
1055 3502 1290 3576 concludendo
1302 3503 1435 3597 poteret
1451 3506 1501 3574 ita
1519 3502 1593 3574 dici
1610 3527 1622 3572 :
1642 3504 1794 3591 idcirco,
1814 3504 1900 3596 quia

463 3601 642 3693 predictus
662 3603 741 3673 talis
766 3604 825 3689 N.,
848 3612 1032 3695 postquam
1059 3602 1187 3673 dictam
1206 3611 1338 3672 sectam
1358 3612 1392 3672 et
1412 3602 1564 3673 heresim
1591 3605 1627 3671 in
1644 3601 1773 3693 juditio
1792 3600 1896 3692 abju-

463 3710 580 3785 rarat,
600 3719 647 3770 ex
667 3710 751 3771 tunc
769 3699 1011 3793 deprehensus
1030 3710 1085 3771 est
1103 3700 1138 3770 in
1157 3699 1305 3771 eandem
1328 3699 1403 3771 lore
1425 3700 1583 3793 relapsus
1605 3699 1755 3770 eandem
1773 3710 1809 3770 et
1825 3719 1900 3770 sec·

464 3808 596 3869 latores
615 3798 692 3888 ejus
709 3797 938 3893 approbando
955 3809 990 3869 et
1009 3820 1054 3869 ex
1072 3795 1324 3889 consequentia
1343 3798 1527 3890 approbati
1548 3818 1627 3867 esse
1648 3797 1747 3890 prins
1767 3797 1899 3868 erroris

460 3897 581 3987 jurare
601 3897 741 3990 penitus
762 3896 981 3980 recusando,
1005 3906 1098 3982 etc.;
1119 3901 1152 3965 ct
1170 3894 1275 3988 infre
1295 3919 1307 3963 :
1328 3894 1480 3966 eundem
1500 3895 1541 3964 N.
1563 3916 1641 3966 esse
1662 3895 1839 3988 relapsum
1860 3894 1896 3964 in

463 4008 593 4065 sectam
615 4005 651 4065 et
676 3994 828 4066 heresim
855 3993 1048 4087 predictam
1073 4014 1151 4064 ase
1179 3993 1275 4086 prius
1303 3992 1339 4061 in
1362 3992 1492 4084 juditio
1511 3992 1729 4083 abjuratam,
1758 4011 1896 4063 necnon

463 4112 542 4164 esse
559 4091 769 4182 hereticum,
790 4103 875 4176 etc,
893 4102 929 4162 ct
948 4101 1113 4184 tanquam
1131 4090 1305 4184 relapsum
1326 4092 1363 4159 in
1380 4088 1553 4180 heresim,
1574 4111 1709 4161 necnon
1730 4101 1898 4181 tanquam

463 4190 727 4285 impenitentem
751 4201 786 4260 et
807 4189 1021 4261 obstinatum
1043 4187 1239 4259 hereticum
1266 4187 1521 4280 relinquimus,
1546 4199 1636 4275 etc,
1666 4188 1758 4258 sicut
1783 4188 1894 4281 prius.

462 4390 522 4457 ³5.
547 4390 760 4455 Incldcntcr
774 4399 898 4454 autem
915 4398 1014 4455 secte
1028 4388 1269 4454 valdensium
1285 4395 1361 4452 tres
1381 4388 1528 4452 ordines
1543 4390 1583 4452 in
1600 4389 1672 4453 isto
1693 4388 1772 4453 looo
1792 4396 1898 4453 extra

745 4497 900 4563 formam
916 4498 1098 4564 sententie
1113 4497 1375 4561 describuntur
1391 4496 1459 4560 hoo
1475 4497 1581 4560 modo
1600 4514 1607 4559 :

509 4689 608 4774 ltem,
626 4689 719 4759 dicta
737 4700 831 4759 secta
851 4698 886 4757 et
905 4686 1280 4758 heresisValdensium
1301 4695 1371 4756 tres
1389 4707 1468 4756 esse
1488 4684 1659 4756 ordines
1651 4706 1686 4753 rn
1706 4704 1770 4755 sua
1785 4684 1897 4756 eccle·

425 4872 428 4877 y
459 4788 510 4858 sia
525 4743 711 4859 confitetur
725 4781 766 4881 [Ρ
780 4785 827 4854 75
842 4781 892 4882 c],
909 4785 1097 4855 videlieet:
1111 4785 1349 4879 dyachonum,
1364 4784 1609 4878 presbyterum
1627 4794 1663 4853 et
1673 4803 1891 4876 episcopum

511 4882 608 4957 Ordo
625 4884 841 4976 episcopatus
860 4882 983 4977 (l)-
936 4882 1186 4976 -Episcopus
1200 4895 1317 4953 autem
1336 4901 1457 4953 eorum
1475 4882 1586 4972 maior
1600 4880 1755 4953 omnium
1768 4878 1892 4973 appel·

496 5112 534 5182 (l)
549 5109 593 5167 En
606 5127 715 5183 merge.
