<?xml version="1.0" encoding="UTF-8"?>
<!DOCTYPE html PUBLIC "-//W3C//DTD XHTML 1.0 Transitional//EN"
    "http://www.w3.org/TR/xhtml1/DTD/xhtml1-transitional.dtd">
<html xmlns="http://www.w3.org/1999/xhtml" xml:lang="en" lang="en">
 <head>
  <title>
</title>
<meta http-equiv="Content-Type" content="text/html;charset=utf-8" />
  <meta name='ocr-system' content='tesseract 3.04.00' />
  <meta name='ocr-capabilities' content='ocr_page ocr_carea ocr_par ocr_line ocrx_word'/>
</head>
<body>
  <div class='ocr_page' id='page_1' title='image "./practicainquisi00douagoog_0259.png"; bbox 0 0 4612 6404; ppageno 0'>
   <div class='ocr_carea' id='block_1_1' title="bbox 1026 677 1864 760">
    <p class='ocr_par' dir='ltr' id='par_1_1' title="bbox 1026 677 1864 760">
     <span class='ocr_line' id='line_1_1' title="bbox 1026 677 1864 760; baseline -0.001 -12"><span class='ocrx_word' id='word_1_1' title='bbox 1026 695 1153 760; x_wconf 81' lang='lat' dir='ltr'>ouutrn</span> <span class='ocrx_word' id='word_1_2' title='bbox 1179 694 1276 747; x_wconf 75' lang='lat' dir='ltr'>pnes.</span> <span class='ocrx_word' id='word_1_3' title='bbox 1796 677 1864 747; x_wconf 74' lang='lat'>299</span> 
     </span>
    </p>
   </div>
   <div class='ocr_carea' id='block_1_2' title="bbox 430 853 1873 3483">
    <p class='ocr_par' dir='ltr' id='par_1_2' title="bbox 430 853 1873 3483">
     <span class='ocr_line' id='line_1_2' title="bbox 433 853 1865 952; baseline -0.003 -25"><span class='ocrx_word' id='word_1_4' title='bbox 433 876 627 952; x_wconf 92' lang='lat' dir='ltr'>pauperum</span> <span class='ocrx_word' id='word_1_5' title='bbox 655 875 717 924; x_wconf 92' lang='lat' dir='ltr'>seu</span> <span class='ocrx_word' id='word_1_6' title='bbox 745 855 976 945; x_wconf 89' lang='lat' dir='ltr'>penitentium</span> <span class='ocrx_word' id='word_1_7' title='bbox 998 853 1172 947; x_wconf 89' lang='lat' dir='ltr'>apellato,</span> <span class='ocrx_word' id='word_1_8' title='bbox 1193 875 1256 923; x_wconf 92' lang='lat' dir='ltr'>seu</span> <span class='ocrx_word' id='word_1_9' title='bbox 1281 853 1326 923; x_wconf 89' lang='lat' dir='ltr'>de</span> <span class='ocrx_word' id='word_1_10' title='bbox 1347 854 1452 923; x_wconf 88' lang='lat' dir='ltr'>tercia</span> <span class='ocrx_word' id='word_1_11' title='bbox 1481 853 1599 944; x_wconf 75' lang='lat' dir='ltr'>regula</span> <span class='ocrx_word' id='word_1_12' title='bbox 1620 854 1736 924; x_wconf 77' lang='lat' dir='ltr'><strong>Sancti</strong></span> <span class='ocrx_word' id='word_1_13' title='bbox 1757 853 1865 923; x_wconf 86' lang='lat' dir='ltr'>Fran-</span> 
     </span>
     <span class='ocr_line' id='line_1_3' title="bbox 433 951 1870 1044; baseline -0.003 -18"><span class='ocrx_word' id='word_1_14' title='bbox 433 955 542 1038; x_wconf 90' lang='lat' dir='ltr'>cisci,</span> <span class='ocrx_word' id='word_1_15' title='bbox 569 973 674 1044; x_wconf 90' lang='lat' dir='ltr'>quem</span> <span class='ocrx_word' id='word_1_16' title='bbox 701 953 879 1044; x_wconf 80' lang='lat' dir='ltr'>professus</span> <span class='ocrx_word' id='word_1_17' title='bbox 902 973 1000 1039; x_wconf 91' lang='lat' dir='ltr'>sum,</span> <span class='ocrx_word' id='word_1_18' title='bbox 1029 973 1107 1021; x_wconf 90' lang='lat' dir='ltr'>cum</span> <span class='ocrx_word' id='word_1_19' title='bbox 1139 952 1279 1043; x_wconf 91' lang='lat' dir='ltr'>publico</span> <span class='ocrx_word' id='word_1_20' title='bbox 1307 951 1561 1032; x_wconf 88' lang='lat' dir='ltr'>instrumento,</span> <span class='ocrx_word' id='word_1_21' title='bbox 1591 952 1804 1021; x_wconf 89' lang='lat' dir='ltr'>constitutus</span> <span class='ocrx_word' id='word_1_22' title='bbox 1834 953 1870 1021; x_wconf 92' lang='lat' dir='ltr'>in</span> 
     </span>
     <span class='ocr_line' id='line_1_4' title="bbox 430 1048 1869 1144; baseline -0.001 -22"><span class='ocrx_word' id='word_1_23' title='bbox 430 1051 563 1144; x_wconf 86' lang='lat' dir='ltr'>juditio</span> <span class='ocrx_word' id='word_1_24' title='bbox 589 1070 706 1121; x_wconf 90' lang='lat' dir='ltr'>coram</span> <span class='ocrx_word' id='word_1_25' title='bbox 737 1049 838 1119; x_wconf 90' lang='lat' dir='ltr'>vohis</span> <span class='ocrx_word' id='word_1_26' title='bbox 859 1050 916 1119; x_wconf 95' lang='lat' dir='ltr'>tali</span> <span class='ocrx_word' id='word_1_27' title='bbox 937 1051 978 1118; x_wconf 94' lang='lat' dir='ltr'>N.</span> <span class='ocrx_word' id='word_1_28' title='bbox 1006 1050 1236 1141; x_wconf 68' lang='lat' dir='ltr'>inquisitore,</span> <span class='ocrx_word' id='word_1_29' title='bbox 1259 1051 1489 1119; x_wconf 89' lang='lat' dir='ltr'>sacrosanctis</span> <span class='ocrx_word' id='word_1_30' title='bbox 1508 1049 1573 1118; x_wconf 88' lang='lat' dir='ltr'>Dei</span> <span class='ocrx_word' id='word_1_31' title='bbox 1590 1048 1791 1140; x_wconf 79' lang='lat' dir='ltr'>Evangeliis</span> <span class='ocrx_word' id='word_1_32' title='bbox 1809 1071 1869 1120; x_wconf 92' lang='lat' dir='ltr'>co·</span> 
     </span>
     <span class='ocr_line' id='line_1_5' title="bbox 434 1147 1867 1240; baseline -0.003 -20"><span class='ocrx_word' id='word_1_33' title='bbox 434 1170 507 1220; x_wconf 91' lang='lat' dir='ltr'>ram</span> <span class='ocrx_word' id='word_1_34' title='bbox 538 1169 594 1217; x_wconf 91' lang='lat' dir='ltr'>me</span> <span class='ocrx_word' id='word_1_35' title='bbox 615 1147 758 1240; x_wconf 92' lang='lat' dir='ltr'>positis,</span> <span class='ocrx_word' id='word_1_36' title='bbox 781 1147 905 1237; x_wconf 81' lang='lat' dir='ltr'><strong>abjuro</strong></span> <span class='ocrx_word' id='word_1_37' title='bbox 926 1150 1066 1239; x_wconf 89' lang='lat' dir='ltr'>penitus</span> <span class='ocrx_word' id='word_1_38' title='bbox 1088 1169 1227 1217; x_wconf 89' lang='lat' dir='ltr'>omnem</span> <span class='ocrx_word' id='word_1_39' title='bbox 1248 1147 1400 1217; x_wconf 90' lang='lat' dir='ltr'>heresim</span> <span class='ocrx_word' id='word_1_40' title='bbox 1420 1147 1672 1237; x_wconf 87' lang='lat' dir='ltr'>cujuscumque</span> <span class='ocrx_word' id='word_1_41' title='bbox 1693 1158 1809 1232; x_wconf 88' lang='lat' dir='ltr'>secte,</span> <span class='ocrx_word' id='word_1_42' title='bbox 1832 1158 1867 1219; x_wconf 89' lang='lat' dir='ltr'>et</span> 
     </span>
     <span class='ocr_line' id='line_1_6' title="bbox 434 1244 1867 1340; baseline -0.003 -22"><span class='ocrx_word' id='word_1_43' title='bbox 434 1245 637 1340; x_wconf 73' lang='lat' dir='ltr'>specialiter</span> <span class='ocrx_word' id='word_1_44' title='bbox 660 1256 695 1315; x_wconf 92' lang='lat' dir='ltr'>et</span> <span class='ocrx_word' id='word_1_45' title='bbox 715 1266 883 1337; x_wconf 79' lang='lat' dir='ltr'>expresse</span> <span class='ocrx_word' id='word_1_46' title='bbox 909 1245 1059 1314; x_wconf 89' lang='lat' dir='ltr'>heresim</span> <span class='ocrx_word' id='word_1_47' title='bbox 1087 1257 1123 1314; x_wconf 91' lang='lat' dir='ltr'>et</span> <span class='ocrx_word' id='word_1_48' title='bbox 1149 1253 1286 1316; x_wconf 88' lang='lat' dir='ltr'>errores</span> <span class='ocrx_word' id='word_1_49' title='bbox 1312 1256 1347 1315; x_wconf 90' lang='lat' dir='ltr'>et</span> <span class='ocrx_word' id='word_1_50' title='bbox 1373 1244 1557 1335; x_wconf 80' lang='lat' dir='ltr'>opiniones</span> <span class='ocrx_word' id='word_1_51' title='bbox 1582 1265 1765 1327; x_wconf 89' lang='lat' dir='ltr'>erroneas,</span> <span class='ocrx_word' id='word_1_52' title='bbox 1799 1255 1867 1314; x_wconf 90' lang='lat' dir='ltr'>tam</span> 
     </span>
     <span class='ocr_line' id='line_1_7' title="bbox 434 1341 1868 1433; baseline -0.003 -18"><span class='ocrx_word' id='word_1_53' title='bbox 434 1344 651 1416; x_wconf 77' lang='lat' dir='ltr'>scismaticos</span> <span class='ocrx_word' id='word_1_54' title='bbox 675 1363 779 1433; x_wconf 82' lang='lat' dir='ltr'>qnam</span> <span class='ocrx_word' id='word_1_55' title='bbox 802 1342 995 1430; x_wconf 91' lang='lat' dir='ltr'>hereticas,</span> <span class='ocrx_word' id='word_1_56' title='bbox 1016 1354 1111 1412; x_wconf 90' lang='lat' dir='ltr'>secte</span> <span class='ocrx_word' id='word_1_57' title='bbox 1137 1344 1274 1414; x_wconf 92' lang='lat' dir='ltr'>illorum</span> <span class='ocrx_word' id='word_1_58' title='bbox 1303 1343 1363 1433; x_wconf 92' lang='lat' dir='ltr'>qui</span> <span class='ocrx_word' id='word_1_59' title='bbox 1389 1342 1536 1433; x_wconf 90' lang='lat' dir='ltr'>Bequini</span> <span class='ocrx_word' id='word_1_60' title='bbox 1560 1341 1753 1432; x_wconf 76' lang='lat' dir='ltr'>vulgariter</span> <span class='ocrx_word' id='word_1_61' title='bbox 1778 1363 1868 1411; x_wconf 91' lang='lat' dir='ltr'>nun-</span> 
     </span>
     <span class='ocr_line' id='line_1_8' title="bbox 434 1438 1868 1536; baseline -0.001 -24"><span class='ocrx_word' id='word_1_62' title='bbox 434 1453 634 1536; x_wconf 90' lang='lat' dir='ltr'>cupantur,</span> <span class='ocrx_word' id='word_1_63' title='bbox 657 1452 692 1509; x_wconf 90' lang='lat' dir='ltr'>et</span> <span class='ocrx_word' id='word_1_64' title='bbox 712 1441 777 1532; x_wconf 89' lang='lat' dir='ltr'>ipsi</span> <span class='ocrx_word' id='word_1_65' title='bbox 805 1441 974 1525; x_wconf 78' lang='lat' dir='ltr'>tatemer,</span> <span class='ocrx_word' id='word_1_66' title='bbox 997 1453 1032 1509; x_wconf 92' lang='lat' dir='ltr'>et</span> <span class='ocrx_word' id='word_1_67' title='bbox 1057 1440 1178 1510; x_wconf 91' lang='lat' dir='ltr'>dicunt</span> <span class='ocrx_word' id='word_1_68' title='bbox 1196 1463 1235 1510; x_wconf 88' lang='lat' dir='ltr'>se</span> <span class='ocrx_word' id='word_1_69' title='bbox 1255 1462 1333 1510; x_wconf 88' lang='lat' dir='ltr'>esse</span> <span class='ocrx_word' id='word_1_70' title='bbox 1357 1441 1482 1508; x_wconf 87' lang='lat' dir='ltr'>fratres</span> <span class='ocrx_word' id='word_1_71' title='bbox 1503 1460 1675 1531; x_wconf 89' lang='lat' dir='ltr'>pauperes</span> <span class='ocrx_word' id='word_1_72' title='bbox 1700 1438 1745 1509; x_wconf 91' lang='lat' dir='ltr'>de</span> <span class='ocrx_word' id='word_1_73' title='bbox 1766 1440 1868 1510; x_wconf 89' lang='lat' dir='ltr'>tertio</span> 
     </span>
     <span class='ocr_line' id='line_1_9' title="bbox 435 1537 1869 1629; baseline -0.003 -19"><span class='ocrx_word' id='word_1_74' title='bbox 435 1540 559 1623; x_wconf 85' lang='lat' dir='ltr'>ordine</span> <span class='ocrx_word' id='word_1_75' title='bbox 579 1560 642 1608; x_wconf 93' lang='grc' dir='ltr'><strong>εει]</strong></span> <span class='ocrx_word' id='word_1_76' title='bbox 664 1539 709 1607; x_wconf 89' lang='grc' dir='ltr'>ι16</span> <span class='ocrx_word' id='word_1_77' title='bbox 732 1537 836 1607; x_wconf 88' lang='lat' dir='ltr'>tercia</span> <span class='ocrx_word' id='word_1_78' title='bbox 857 1538 977 1628; x_wconf 81' lang='lat' dir='ltr'>regula</span> <span class='ocrx_word' id='word_1_79' title='bbox 997 1538 1111 1607; x_wconf 89' lang='lat' dir='ltr'>Sancti</span> <span class='ocrx_word' id='word_1_80' title='bbox 1132 1539 1304 1608; x_wconf 87' lang='lat' dir='ltr'>Francisci</span> <span class='ocrx_word' id='word_1_81' title='bbox 1326 1549 1360 1606; x_wconf 92' lang='lat' dir='ltr'>et</span> <span class='ocrx_word' id='word_1_82' title='bbox 1379 1538 1582 1629; x_wconf 88' lang='lat' dir='ltr'>sequacium</span> <span class='ocrx_word' id='word_1_83' title='bbox 1605 1537 1783 1628; x_wconf 91' lang='lat' dir='ltr'>ipsorum,</span> <span class='ocrx_word' id='word_1_84' title='bbox 1806 1558 1869 1606; x_wconf 85' lang='lat' dir='ltr'>ex·</span> 
     </span>
     <span class='ocr_line' id='line_1_10' title="bbox 436 1626 1866 1726; baseline -0.003 -19"><span class='ocrx_word' id='word_1_85' title='bbox 436 1638 599 1709; x_wconf 89' lang='lat' dir='ltr'>tollentes</span> <span class='ocrx_word' id='word_1_86' title='bbox 627 1657 665 1706; x_wconf 93' lang='grc' dir='ltr'>εε</span> <span class='ocrx_word' id='word_1_87' title='bbox 690 1636 862 1705; x_wconf 88' lang='lat' dir='ltr'>adversus</span> <span class='ocrx_word' id='word_1_88' title='bbox 887 1649 1040 1704; x_wconf 87' lang='lat' dir='ltr'>sanctam</span> <span class='ocrx_word' id='word_1_89' title='bbox 1068 1636 1258 1706; x_wconf 87' lang='lat' dir='ltr'>Romanam</span> <span class='ocrx_word' id='word_1_90' title='bbox 1288 1648 1322 1705; x_wconf 90' lang='lat' dir='ltr'>et</span> <span class='ocrx_word' id='word_1_91' title='bbox 1344 1635 1569 1726; x_wconf 89' lang='lat' dir='ltr'>apostolicam</span> <span class='ocrx_word' id='word_1_92' title='bbox 1592 1626 1712 1705; x_wconf 88' lang='lat' dir='ltr'>sedem</span> <span class='ocrx_word' id='word_1_93' title='bbox 1738 1645 1773 1704; x_wconf 91' lang='lat' dir='ltr'>et</span> <span class='ocrx_word' id='word_1_94' title='bbox 1794 1635 1866 1726; x_wconf 93' lang='lat' dir='ltr'>pri-</span> 
     </span>
     <span class='ocr_line' id='line_1_11' title="bbox 434 1730 1869 1825; baseline -0.001 -21"><span class='ocrx_word' id='word_1_95' title='bbox 434 1745 568 1804; x_wconf 90' lang='lat' dir='ltr'>matum</span> <span class='ocrx_word' id='word_1_96' title='bbox 598 1735 689 1824; x_wconf 89' lang='lat' dir='ltr'>ejus,</span> <span class='ocrx_word' id='word_1_97' title='bbox 719 1744 780 1801; x_wconf 90' lang='lat' dir='ltr'>aut</span> <span class='ocrx_word' id='word_1_98' title='bbox 807 1743 928 1803; x_wconf 91' lang='lat' dir='ltr'>contra</span> <span class='ocrx_word' id='word_1_99' title='bbox 954 1744 1160 1824; x_wconf 86' lang='lat' dir='ltr'>potestatem</span> <span class='ocrx_word' id='word_1_100' title='bbox 1190 1734 1322 1803; x_wconf 89' lang='lat' dir='ltr'>domini</span> <span class='ocrx_word' id='word_1_101' title='bbox 1347 1753 1435 1825; x_wconf 91' lang='lat' dir='ltr'>pape</span> <span class='ocrx_word' id='word_1_102' title='bbox 1456 1734 1576 1803; x_wconf 90' lang='lat' dir='ltr'>vicarii</span> <span class='ocrx_word' id='word_1_103' title='bbox 1602 1733 1738 1802; x_wconf 89' lang='lat' dir='ltr'>Domini</span> <span class='ocrx_word' id='word_1_104' title='bbox 1760 1730 1869 1802; x_wconf 89' lang='lat' dir='ltr'>Jhesu</span> 
     </span>
     <span class='ocr_line' id='line_1_12' title="bbox 435 1830 1869 1922; baseline -0.003 -19"><span class='ocrx_word' id='word_1_105' title='bbox 435 1831 574 1917; x_wconf 86' lang='lat' dir='ltr'>Christi,</span> <span class='ocrx_word' id='word_1_106' title='bbox 596 1843 657 1900; x_wconf 90' lang='lat' dir='ltr'>aut</span> <span class='ocrx_word' id='word_1_107' title='bbox 674 1842 793 1899; x_wconf 90' lang='lat' dir='ltr'>contra</span> <span class='ocrx_word' id='word_1_108' title='bbox 813 1842 941 1899; x_wconf 89' lang='lat' dir='ltr'>statum</span> <span class='ocrx_word' id='word_1_109' title='bbox 963 1851 1024 1900; x_wconf 90' lang='lat' dir='ltr'>seu</span> <span class='ocrx_word' id='word_1_110' title='bbox 1047 1843 1253 1921; x_wconf 89' lang='lat' dir='ltr'>potestatem</span> <span class='ocrx_word' id='word_1_111' title='bbox 1271 1831 1481 1922; x_wconf 88' lang='lat' dir='ltr'>prelatorum</span> <span class='ocrx_word' id='word_1_112' title='bbox 1499 1841 1535 1900; x_wconf 86' lang='lat' dir='ltr'>et</span> <span class='ocrx_word' id='word_1_113' title='bbox 1551 1831 1702 1900; x_wconf 91' lang='lat' dir='ltr'>clavium</span> <span class='ocrx_word' id='word_1_114' title='bbox 1714 1830 1869 1900; x_wconf 86' lang='lat' dir='ltr'>Ecclesie</span> 
     </span>
     <span class='ocr_line' id='line_1_13' title="bbox 436 1929 1870 2020; baseline -0.001 -20"><span class='ocrx_word' id='word_1_115' title='bbox 436 1940 569 2014; x_wconf 88' lang='lat' dir='ltr'>sancte,</span> <span class='ocrx_word' id='word_1_116' title='bbox 593 1950 728 1998; x_wconf 89' lang='lat' dir='ltr'>necnon</span> <span class='ocrx_word' id='word_1_117' title='bbox 750 1940 870 1997; x_wconf 90' lang='lat' dir='ltr'>contra</span> <span class='ocrx_word' id='word_1_118' title='bbox 888 1949 1006 1997; x_wconf 89' lang='lat' dir='ltr'>sanam</span> <span class='ocrx_word' id='word_1_119' title='bbox 1027 1929 1220 1998; x_wconf 82' lang='lat' dir='ltr'>doctrinam</span> <span class='ocrx_word' id='word_1_120' title='bbox 1237 1929 1409 2020; x_wconf 87' lang='lat' dir='ltr'>scripture</span> <span class='ocrx_word' id='word_1_121' title='bbox 1426 1951 1523 1999; x_wconf 89' lang='lat' dir='ltr'>sacre</span> <span class='ocrx_word' id='word_1_122' title='bbox 1540 1950 1644 2020; x_wconf 91' lang='lat' dir='ltr'>quam</span> <span class='ocrx_word' id='word_1_123' title='bbox 1662 1940 1780 1997; x_wconf 87' lang='lat' dir='ltr'>sancta</span> <span class='ocrx_word' id='word_1_124' title='bbox 1800 1930 1870 1999; x_wconf 85' lang='lat' dir='ltr'>Ro·</span> 
     </span>
     <span class='ocr_line' id='line_1_14' title="bbox 438 2026 1869 2117; baseline 0 -20"><span class='ocrx_word' id='word_1_125' title='bbox 438 2049 539 2098; x_wconf 91' lang='lat' dir='ltr'>mana</span> <span class='ocrx_word' id='word_1_126' title='bbox 560 2039 679 2097; x_wconf 91' lang='lat' dir='ltr'>servat</span> <span class='ocrx_word' id='word_1_127' title='bbox 699 2039 734 2096; x_wconf 91' lang='lat' dir='ltr'>et</span> <span class='ocrx_word' id='word_1_128' title='bbox 763 2026 865 2096; x_wconf 89' lang='lat' dir='ltr'>docet</span> <span class='ocrx_word' id='word_1_129' title='bbox 884 2026 1058 2111; x_wconf 78' lang='lat' dir='ltr'>Ecclesia3</span> <span class='ocrx_word' id='word_1_130' title='bbox 1081 2040 1117 2096; x_wconf 90' lang='lat' dir='ltr'>et</span> <span class='ocrx_word' id='word_1_131' title='bbox 1142 2029 1266 2117; x_wconf 88' lang='lat' dir='ltr'>abjuro</span> <span class='ocrx_word' id='word_1_132' title='bbox 1286 2047 1426 2096; x_wconf 89' lang='lat' dir='ltr'>omnem</span> <span class='ocrx_word' id='word_1_133' title='bbox 1451 2028 1689 2112; x_wconf 86' lang='lat' dir='ltr'>credentiam,</span> <span class='ocrx_word' id='word_1_134' title='bbox 1712 2039 1746 2096; x_wconf 92' lang='lat' dir='ltr'>et</span> <span class='ocrx_word' id='word_1_135' title='bbox 1773 2028 1869 2097; x_wconf 85' lang='lat' dir='ltr'>favo·</span> 
     </span>
     <span class='ocr_line' id='line_1_15' title="bbox 437 2124 1870 2217; baseline -0.001 -23"><span class='ocrx_word' id='word_1_136' title='bbox 437 2146 509 2195; x_wconf 89' lang='lat' dir='ltr'>rem</span> <span class='ocrx_word' id='word_1_137' title='bbox 530 2136 565 2194; x_wconf 89' lang='lat' dir='ltr'>et</span> <span class='ocrx_word' id='word_1_138' title='bbox 585 2125 882 2215; x_wconf 89' lang='lat' dir='ltr'>receptationem,</span> <span class='ocrx_word' id='word_1_139' title='bbox 904 2136 938 2192; x_wconf 94' lang='lat' dir='ltr'>et</span> <span class='ocrx_word' id='word_1_140' title='bbox 962 2124 1228 2207; x_wconf 83' lang='lat' dir='ltr'>detonsionem,</span> <span class='ocrx_word' id='word_1_141' title='bbox 1252 2137 1287 2193; x_wconf 91' lang='lat' dir='ltr'>et</span> <span class='ocrx_word' id='word_1_142' title='bbox 1308 2125 1607 2217; x_wconf 89' lang='lat' dir='ltr'>participationem</span> <span class='ocrx_word' id='word_1_143' title='bbox 1635 2124 1870 2194; x_wconf 89' lang='lat' dir='ltr'>hereticorum</span> 
     </span>
     <span class='ocr_line' id='line_1_16' title="bbox 437 2221 1870 2315; baseline -0.001 -22"><span class='ocrx_word' id='word_1_144' title='bbox 437 2224 691 2314; x_wconf 86' lang='lat' dir='ltr'>cujuscumque</span> <span class='ocrx_word' id='word_1_145' title='bbox 706 2234 801 2290; x_wconf 88' lang='lat' dir='ltr'>secte</span> <span class='ocrx_word' id='word_1_146' title='bbox 822 2221 1024 2314; x_wconf 88' lang='lat' dir='ltr'>dampnate,</span> <span class='ocrx_word' id='word_1_147' title='bbox 1045 2236 1081 2292; x_wconf 89' lang='lat' dir='ltr'>et</span> <span class='ocrx_word' id='word_1_148' title='bbox 1099 2222 1297 2314; x_wconf 80' lang='lat' dir='ltr'>specialiter</span> <span class='ocrx_word' id='word_1_149' title='bbox 1313 2234 1347 2292; x_wconf 91' lang='lat' dir='ltr'>et</span> <span class='ocrx_word' id='word_1_150' title='bbox 1365 2245 1532 2315; x_wconf 86' lang='lat' dir='ltr'>expresse</span> <span class='ocrx_word' id='word_1_151' title='bbox 1553 2223 1787 2314; x_wconf 90' lang='lat' dir='ltr'>predictorum</span> <span class='ocrx_word' id='word_1_152' title='bbox 1809 2221 1870 2292; x_wconf 90' lang='lat' dir='ltr'>Be·</span> 
     </span>
     <span class='ocr_line' id='line_1_17' title="bbox 438 2319 1870 2413; baseline -0.001 -24"><span class='ocrx_word' id='word_1_153' title='bbox 438 2321 626 2413; x_wconf 89' lang='lat' dir='ltr'>quinorum</span> <span class='ocrx_word' id='word_1_154' title='bbox 648 2320 844 2387; x_wconf 90' lang='lat' dir='ltr'>erraucium</span> <span class='ocrx_word' id='word_1_155' title='bbox 874 2321 907 2388; x_wconf 93' lang='lat' dir='ltr'>in</span> <span class='ocrx_word' id='word_1_156' title='bbox 936 2319 1101 2410; x_wconf 85' lang='lat' dir='ltr'>predictis</span> <span class='ocrx_word' id='word_1_157' title='bbox 1121 2341 1183 2389; x_wconf 92' lang='lat' dir='ltr'>seu</span> <span class='ocrx_word' id='word_1_158' title='bbox 1208 2322 1242 2388; x_wconf 91' lang='lat' dir='ltr'>in</span> <span class='ocrx_word' id='word_1_159' title='bbox 1263 2320 1382 2411; x_wconf 90' lang='lat' dir='ltr'>aliquo</span> <span class='ocrx_word' id='word_1_160' title='bbox 1408 2321 1665 2412; x_wconf 90' lang='lat' dir='ltr'>predictorum,</span> <span class='ocrx_word' id='word_1_161' title='bbox 1692 2320 1759 2388; x_wconf 90' lang='lat' dir='ltr'>sub</span> <span class='ocrx_word' id='word_1_162' title='bbox 1781 2340 1870 2411; x_wconf 91' lang='lat' dir='ltr'>pena</span> 
     </span>
     <span class='ocr_line' id='line_1_18' title="bbox 437 2413 1865 2515; baseline -0.002 -27"><span class='ocrx_word' id='word_1_163' title='bbox 437 2439 506 2509; x_wconf 89' lang='lat' dir='ltr'>qne</span> <span class='ocrx_word' id='word_1_164' title='bbox 524 2418 665 2508; x_wconf 88' lang='lat' dir='ltr'>dejure</span> <span class='ocrx_word' id='word_1_165' title='bbox 685 2417 834 2486; x_wconf 91' lang='lat' dir='ltr'>debetur</span> <span class='ocrx_word' id='word_1_166' title='bbox 855 2414 896 2511; x_wconf 81' lang='grc'>[10</span> <span class='ocrx_word' id='word_1_167' title='bbox 918 2417 985 2484; x_wconf 84' lang='lat' dir='ltr'>t58</span> <span class='ocrx_word' id='word_1_168' title='bbox 1007 2413 1044 2515; x_wconf 81' lang='lat' dir='ltr'>tl]</span> <span class='ocrx_word' id='word_1_169' title='bbox 1068 2417 1211 2507; x_wconf 89' lang='lat' dir='ltr'>relapsis</span> <span class='ocrx_word' id='word_1_170' title='bbox 1232 2420 1267 2485; x_wconf 91' lang='lat' dir='ltr'>in</span> <span class='ocrx_word' id='word_1_171' title='bbox 1288 2416 1439 2487; x_wconf 89' lang='lat' dir='ltr'>heresim</span> <span class='ocrx_word' id='word_1_172' title='bbox 1459 2420 1492 2485; x_wconf 90' lang='lat' dir='ltr'>in</span> <span class='ocrx_word' id='word_1_173' title='bbox 1509 2417 1639 2508; x_wconf 89' lang='lat' dir='ltr'>juditio</span> <span class='ocrx_word' id='word_1_174' title='bbox 1657 2418 1865 2508; x_wconf 87' lang='lat' dir='ltr'>abjuratam.</span> 
     </span>
     <span class='ocr_line' id='line_1_19' title="bbox 437 2515 1869 2608; baseline 0.001 -23"><span class='ocrx_word' id='word_1_175' title='bbox 437 2515 542 2595; x_wconf 85' lang='lat' dir='ltr'>Item,</span> <span class='ocrx_word' id='word_1_176' title='bbox 567 2515 732 2606; x_wconf 92' lang='lat' dir='ltr'>promitto</span> <span class='ocrx_word' id='word_1_177' title='bbox 755 2526 790 2583; x_wconf 92' lang='lat' dir='ltr'>et</span> <span class='ocrx_word' id='word_1_178' title='bbox 805 2516 887 2604; x_wconf 88' lang='lat' dir='ltr'>juro</span> <span class='ocrx_word' id='word_1_179' title='bbox 912 2536 967 2583; x_wconf 93' lang='lat' dir='ltr'>me</span> <span class='ocrx_word' id='word_1_180' title='bbox 988 2537 1051 2608; x_wconf 92' lang='lat' dir='ltr'>pro</span> <span class='ocrx_word' id='word_1_181' title='bbox 1072 2537 1174 2606; x_wconf 88' lang='lat' dir='ltr'>posse</span> <span class='ocrx_word' id='word_1_182' title='bbox 1189 2533 1276 2585; x_wconf 69' lang='lat' dir='ltr'>&#39;meo</span> <span class='ocrx_word' id='word_1_183' title='bbox 1297 2517 1461 2606; x_wconf 87' lang='lat' dir='ltr'>persequi</span> <span class='ocrx_word' id='word_1_184' title='bbox 1481 2527 1516 2585; x_wconf 92' lang='lat' dir='ltr'>et</span> <span class='ocrx_word' id='word_1_185' title='bbox 1540 2516 1705 2605; x_wconf 81' lang='lat' dir='ltr'>detegere</span> <span class='ocrx_word' id='word_1_186' title='bbox 1729 2536 1792 2585; x_wconf 91' lang='grc' dir='ltr'><strong>εει]</strong></span> <span class='ocrx_word' id='word_1_187' title='bbox 1813 2537 1869 2586; x_wconf 91' lang='lat' dir='ltr'>re·</span> 
     </span>
     <span class='ocr_line' id='line_1_20' title="bbox 437 2612 1870 2705; baseline 0.001 -23"><span class='ocrx_word' id='word_1_188' title='bbox 437 2614 578 2697; x_wconf 85' lang='lat' dir='ltr'>velare,</span> <span class='ocrx_word' id='word_1_189' title='bbox 597 2624 632 2682; x_wconf 93' lang='lat' dir='ltr'>et</span> <span class='ocrx_word' id='word_1_190' title='bbox 652 2614 766 2682; x_wconf 87' lang='lat' dir='ltr'>facere</span> <span class='ocrx_word' id='word_1_191' title='bbox 785 2613 861 2704; x_wconf 88' lang='lat' dir='ltr'>cepi</span> <span class='ocrx_word' id='word_1_192' title='bbox 888 2626 922 2682; x_wconf 90' lang='lat' dir='ltr'>et</span> <span class='ocrx_word' id='word_1_193' title='bbox 942 2613 1042 2682; x_wconf 89' lang='lat' dir='ltr'>reddi</span> <span class='ocrx_word' id='word_1_194' title='bbox 1064 2613 1333 2704; x_wconf 88' lang='lat' dir='ltr'>inquisitoribus</span> <span class='ocrx_word' id='word_1_195' title='bbox 1360 2613 1512 2683; x_wconf 84' lang='lat' dir='ltr'>heretice</span> <span class='ocrx_word' id='word_1_196' title='bbox 1534 2612 1717 2705; x_wconf 81' lang='lat' dir='ltr'>pravitatis</span> <span class='ocrx_word' id='word_1_197' title='bbox 1740 2613 1870 2684; x_wconf 90' lang='lat' dir='ltr'>hereti·</span> 
     </span>
     <span class='ocr_line' id='line_1_21' title="bbox 437 2710 1869 2804; baseline 0.001 -24"><span class='ocrx_word' id='word_1_198' title='bbox 437 2731 495 2781; x_wconf 90' lang='lat' dir='ltr'>cos</span> <span class='ocrx_word' id='word_1_199' title='bbox 514 2710 768 2804; x_wconf 89' lang='lat' dir='ltr'>cujuscumque</span> <span class='ocrx_word' id='word_1_200' title='bbox 784 2721 878 2779; x_wconf 90' lang='lat' dir='ltr'>secte</span> <span class='ocrx_word' id='word_1_201' title='bbox 894 2711 1082 2804; x_wconf 88' lang='lat' dir='ltr'>dampnate</span> <span class='ocrx_word' id='word_1_202' title='bbox 1098 2724 1133 2780; x_wconf 92' lang='lat' dir='ltr'>et</span> <span class='ocrx_word' id='word_1_203' title='bbox 1149 2711 1349 2803; x_wconf 86' lang='lat' dir='ltr'>specialiter</span> <span class='ocrx_word' id='word_1_204' title='bbox 1365 2712 1443 2782; x_wconf 93' lang='lat' dir='ltr'>illos</span> <span class='ocrx_word' id='word_1_205' title='bbox 1458 2712 1634 2803; x_wconf 89' lang='lat' dir='ltr'>Bequinos</span> <span class='ocrx_word' id='word_1_206' title='bbox 1649 2711 1694 2782; x_wconf 90' lang='lat' dir='ltr'>de</span> <span class='ocrx_word' id='word_1_207' title='bbox 1712 2711 1869 2803; x_wconf 89' lang='lat' dir='ltr'>predicto</span> 
     </span>
     <span class='ocr_line' id='line_1_22' title="bbox 438 2808 1867 2898; baseline 0.002 -22"><span class='ocrx_word' id='word_1_208' title='bbox 438 2809 540 2881; x_wconf 87' lang='lat' dir='ltr'>tertio</span> <span class='ocrx_word' id='word_1_209' title='bbox 559 2809 704 2893; x_wconf 91' lang='lat' dir='ltr'>ordine,</span> <span class='ocrx_word' id='word_1_210' title='bbox 727 2819 762 2877; x_wconf 92' lang='lat' dir='ltr'>et</span> <span class='ocrx_word' id='word_1_211' title='bbox 781 2828 869 2898; x_wconf 93' lang='lat' dir='ltr'>quos</span> <span class='ocrx_word' id='word_1_212' title='bbox 888 2808 1013 2878; x_wconf 91' lang='lat' dir='ltr'>scirem</span> <span class='ocrx_word' id='word_1_213' title='bbox 1034 2821 1094 2877; x_wconf 92' lang='lat' dir='ltr'>aut</span> <span class='ocrx_word' id='word_1_214' title='bbox 1114 2810 1292 2878; x_wconf 85' lang='lat' dir='ltr'>crederem</span> <span class='ocrx_word' id='word_1_215' title='bbox 1315 2821 1457 2894; x_wconf 89' lang='lat' dir='ltr'>tenere,</span> <span class='ocrx_word' id='word_1_216' title='bbox 1479 2821 1540 2879; x_wconf 90' lang='lat' dir='ltr'>aut</span> <span class='ocrx_word' id='word_1_217' title='bbox 1558 2810 1704 2880; x_wconf 87' lang='lat' dir='ltr'>credere</span> <span class='ocrx_word' id='word_1_218' title='bbox 1730 2830 1867 2879; x_wconf 89' lang='lat' dir='ltr'>errores</span> 
     </span>
     <span class='ocr_line' id='line_1_23' title="bbox 438 2906 1868 3001; baseline 0 -25"><span class='ocrx_word' id='word_1_219' title='bbox 438 2927 498 2977; x_wconf 85' lang='lat' dir='ltr'>seu</span> <span class='ocrx_word' id='word_1_220' title='bbox 520 2906 706 2998; x_wconf 90' lang='lat' dir='ltr'>opiniones</span> <span class='ocrx_word' id='word_1_221' title='bbox 731 2927 917 2992; x_wconf 87' lang='lat' dir='ltr'>erroneas,</span> <span class='ocrx_word' id='word_1_222' title='bbox 943 2916 979 2976; x_wconf 90' lang='lat' dir='ltr'>et</span> <span class='ocrx_word' id='word_1_223' title='bbox 1001 2908 1209 2994; x_wconf 89' lang='lat' dir='ltr'>credentes,</span> <span class='ocrx_word' id='word_1_224' title='bbox 1235 2918 1270 2975; x_wconf 90' lang='lat' dir='ltr'>et</span> <span class='ocrx_word' id='word_1_225' title='bbox 1294 2908 1468 2992; x_wconf 85' lang='lat' dir='ltr'>lautores,</span> <span class='ocrx_word' id='word_1_226' title='bbox 1488 2920 1523 2978; x_wconf 89' lang='lat' dir='ltr'>et</span> <span class='ocrx_word' id='word_1_227' title='bbox 1546 2919 1805 3001; x_wconf 89' lang='lat' dir='ltr'>receptatores,</span> <span class='ocrx_word' id='word_1_228' title='bbox 1827 2927 1868 2977; x_wconf 90' lang='lat' dir='ltr'>ae</span> 
     </span>
     <span class='ocr_line' id='line_1_24' title="bbox 438 3003 1868 3096; baseline 0.001 -23"><span class='ocrx_word' id='word_1_229' title='bbox 438 3003 642 3073; x_wconf 85' lang='lat' dir='ltr'>defensores</span> <span class='ocrx_word' id='word_1_230' title='bbox 662 3025 783 3074; x_wconf 91' lang='lat' dir='ltr'>eorum</span> <span class='ocrx_word' id='word_1_231' title='bbox 805 3017 840 3072; x_wconf 92' lang='lat' dir='ltr'>et</span> <span class='ocrx_word' id='word_1_232' title='bbox 860 3005 1043 3094; x_wconf 80' lang='lat' dir='ltr'>legittivos</span> <span class='ocrx_word' id='word_1_233' title='bbox 1063 3026 1183 3074; x_wconf 92' lang='lat' dir='ltr'>eorum</span> <span class='ocrx_word' id='word_1_234' title='bbox 1206 3004 1391 3096; x_wconf 89' lang='lat' dir='ltr'>predictis</span> <span class='ocrx_word' id='word_1_235' title='bbox 1416 3006 1593 3076; x_wconf 89' lang='lat' dir='ltr'>erroribus</span> <span class='ocrx_word' id='word_1_236' title='bbox 1614 3018 1648 3075; x_wconf 89' lang='lat' dir='ltr'>et</span> <span class='ocrx_word' id='word_1_237' title='bbox 1673 3005 1868 3096; x_wconf 88' lang='lat' dir='ltr'>quemlibet</span> 
     </span>
     <span class='ocr_line' id='line_1_25' title="bbox 439 3100 1872 3193; baseline 0.004 -25"><span class='ocrx_word' id='word_1_238' title='bbox 439 3100 694 3193; x_wconf 86' lang='lat' dir='ltr'>predictorum,</span> <span class='ocrx_word' id='word_1_239' title='bbox 726 3101 1023 3192; x_wconf 90' lang='lat' dir='ltr'>quandocumque</span> <span class='ocrx_word' id='word_1_240' title='bbox 1052 3112 1087 3172; x_wconf 92' lang='lat' dir='ltr'>et</span> <span class='ocrx_word' id='word_1_241' title='bbox 1112 3103 1327 3192; x_wconf 90' lang='lat' dir='ltr'>ubicumque</span> <span class='ocrx_word' id='word_1_242' title='bbox 1351 3103 1489 3174; x_wconf 90' lang='lat' dir='ltr'>scivero</span> <span class='ocrx_word' id='word_1_243' title='bbox 1510 3102 1566 3172; x_wconf 90' lang='lat' dir='ltr'>vel</span> <span class='ocrx_word' id='word_1_244' title='bbox 1593 3104 1764 3175; x_wconf 89' lang='lat' dir='ltr'>audivero</span> <span class='ocrx_word' id='word_1_245' title='bbox 1793 3125 1872 3175; x_wconf 88' lang='lat' dir='ltr'>esse</span> 
     </span>
     <span class='ocr_line' id='line_1_26' title="bbox 439 3199 1873 3291; baseline 0.001 -23"><span class='ocrx_word' id='word_1_246' title='bbox 439 3199 613 3290; x_wconf 89' lang='lat' dir='ltr'>predictos</span> <span class='ocrx_word' id='word_1_247' title='bbox 636 3200 691 3268; x_wconf 86' lang='lat' dir='ltr'>vel</span> <span class='ocrx_word' id='word_1_248' title='bbox 713 3199 865 3290; x_wconf 90' lang='lat' dir='ltr'>aliquem</span> <span class='ocrx_word' id='word_1_249' title='bbox 886 3199 931 3268; x_wconf 89' lang='lat' dir='ltr'>de</span> <span class='ocrx_word' id='word_1_250' title='bbox 952 3200 1131 3290; x_wconf 89' lang='lat' dir='ltr'>predictis.</span> <span class='ocrx_word' id='word_1_251' title='bbox 1155 3199 1237 3270; x_wconf 91' lang='lat' dir='ltr'>ltem</span> <span class='ocrx_word' id='word_1_252' title='bbox 1263 3203 1428 3291; x_wconf 89' lang='lat' dir='ltr'>promitto</span> <span class='ocrx_word' id='word_1_253' title='bbox 1447 3212 1482 3269; x_wconf 89' lang='lat' dir='ltr'>et</span> <span class='ocrx_word' id='word_1_254' title='bbox 1496 3202 1579 3291; x_wconf 88' lang='lat' dir='ltr'>juro</span> <span class='ocrx_word' id='word_1_255' title='bbox 1601 3223 1655 3271; x_wconf 91' lang='lat' dir='ltr'>me</span> <span class='ocrx_word' id='word_1_256' title='bbox 1677 3213 1817 3283; x_wconf 87' lang='lat' dir='ltr'>tenere,</span> <span class='ocrx_word' id='word_1_257' title='bbox 1837 3211 1873 3271; x_wconf 89' lang='lat' dir='ltr'>et</span> 
     </span>
     <span class='ocr_line' id='line_1_27' title="bbox 441 3294 1868 3389; baseline 0.001 -24"><span class='ocrx_word' id='word_1_258' title='bbox 441 3316 604 3381; x_wconf 86' lang='lat' dir='ltr'>servare,</span> <span class='ocrx_word' id='word_1_259' title='bbox 626 3317 667 3365; x_wconf 90' lang='lat' dir='ltr'>ac</span> <span class='ocrx_word' id='word_1_260' title='bbox 694 3296 886 3366; x_wconf 76' lang='lat' dir='ltr'>defendere</span> <span class='ocrx_word' id='word_1_261' title='bbox 914 3294 1017 3367; x_wconf 89' lang='lat' dir='ltr'>fidem</span> <span class='ocrx_word' id='word_1_262' title='bbox 1048 3296 1279 3381; x_wconf 87' lang='lat' dir='ltr'>catholicam,</span> <span class='ocrx_word' id='word_1_263' title='bbox 1310 3310 1399 3384; x_wconf 83' lang='lat' dir='ltr'>etc,</span> <span class='ocrx_word' id='word_1_264' title='bbox 1431 3311 1608 3389; x_wconf 92' lang='lat' dir='ltr'>utsupra,</span> <span class='ocrx_word' id='word_1_265' title='bbox 1631 3300 1665 3367; x_wconf 93' lang='lat' dir='ltr'>in</span> <span class='ocrx_word' id='word_1_266' title='bbox 1691 3300 1868 3369; x_wconf 90' lang='lat' dir='ltr'>communi</span> 
     </span>
     <span class='ocr_line' id='line_1_28' title="bbox 439 3392 766 3483; baseline -0.003 -21"><span class='ocrx_word' id='word_1_267' title='bbox 439 3392 548 3463; x_wconf 87' lang='lat' dir='ltr'>forma</span> <span class='ocrx_word' id='word_1_268' title='bbox 565 3394 766 3483; x_wconf 88' lang='lat' dir='ltr'>abjurandi.</span> 
     </span>
    </p>
   </div>
   <div class='ocr_carea' id='block_1_3' title="bbox 439 3646 1871 3839">
    <p class='ocr_par' dir='ltr' id='par_1_3' title="bbox 439 3646 1871 3839">
     <span class='ocr_line' id='line_1_29' title="bbox 439 3646 1871 3732; baseline 0.005 -22"><span class='ocrx_word' id='word_1_269' title='bbox 439 3646 472 3709; x_wconf 85' lang='grc'>9.</span> <span class='ocrx_word' id='word_1_270' title='bbox 496 3648 626 3712; x_wconf 85' lang='lat' dir='ltr'>Modus</span> <span class='ocrx_word' id='word_1_271' title='bbox 641 3650 838 3727; x_wconf 79' lang='lat' dir='ltr'>abjurandi</span> <span class='ocrx_word' id='word_1_272' title='bbox 854 3651 1054 3715; x_wconf 79' lang='lat' dir='ltr'>iudeorum</span> <span class='ocrx_word' id='word_1_273' title='bbox 1070 3651 1133 3732; x_wconf 90' lang='lat' dir='ltr'>qui</span> <span class='ocrx_word' id='word_1_274' title='bbox 1148 3651 1363 3731; x_wconf 85' lang='lat' dir='ltr'>deprehensi</span> <span class='ocrx_word' id='word_1_275' title='bbox 1387 3659 1475 3715; x_wconf 88' lang='lat' dir='ltr'>sunt</span> <span class='ocrx_word' id='word_1_276' title='bbox 1492 3659 1528 3715; x_wconf 86' lang='lat' dir='ltr'>et</span> <span class='ocrx_word' id='word_1_277' title='bbox 1543 3651 1700 3715; x_wconf 85' lang='lat' dir='ltr'>confessi</span> <span class='ocrx_word' id='word_1_278' title='bbox 1723 3669 1761 3716; x_wconf 86' lang='lat' dir='ltr'>se</span> <span class='ocrx_word' id='word_1_279' title='bbox 1786 3670 1871 3717; x_wconf 92' lang='lat' dir='ltr'>con·</span> 
     </span>
     <span class='ocr_line' id='line_1_30' title="bbox 725 3756 1585 3839; baseline 0.001 -20"><span class='ocrx_word' id='word_1_280' title='bbox 725 3764 783 3820; x_wconf 89' lang='lat' dir='ltr'>tra</span> <span class='ocrx_word' id='word_1_281' title='bbox 796 3756 903 3821; x_wconf 87' lang='lat' dir='ltr'>fldem</span> <span class='ocrx_word' id='word_1_282' title='bbox 920 3759 1142 3822; x_wconf 84' lang='lat' dir='ltr'>catholicam</span> <span class='ocrx_word' id='word_1_283' title='bbox 1158 3759 1359 3822; x_wconf 86' lang='lat' dir='ltr'>enormiter</span> <span class='ocrx_word' id='word_1_284' title='bbox 1374 3759 1585 3839; x_wconf 81' lang='lat' dir='ltr'>deliquisse.</span> 
     </span>
    </p>
   </div>
   <div class='ocr_carea' id='block_1_4' title="bbox 437 3970 1871 5142">
    <p class='ocr_par' dir='ltr' id='par_1_4' title="bbox 437 3970 1871 5142">
     <span class='ocr_line' id='line_1_31' title="bbox 485 3970 1871 4070; baseline 0.004 -26"><span class='ocrx_word' id='word_1_285' title='bbox 485 3970 557 4064; x_wconf 77' lang='lat' dir='ltr'>Ego</span> <span class='ocrx_word' id='word_1_286' title='bbox 578 3974 655 4043; x_wconf 91' lang='lat' dir='ltr'>talis</span> <span class='ocrx_word' id='word_1_287' title='bbox 675 3973 717 4045; x_wconf 91' lang='lat' dir='ltr'>N.</span> <span class='ocrx_word' id='word_1_288' title='bbox 738 3973 885 4058; x_wconf 83' lang='lat' dir='ltr'>ludens,</span> <span class='ocrx_word' id='word_1_289' title='bbox 903 3974 996 4045; x_wconf 91' lang='lat' dir='ltr'>filius</span> <span class='ocrx_word' id='word_1_290' title='bbox 1017 3974 1095 4044; x_wconf 90' lang='lat' dir='ltr'>talis</span> <span class='ocrx_word' id='word_1_291' title='bbox 1114 3975 1173 4059; x_wconf 93' lang='grc' dir='ltr'>Ν.,</span> <span class='ocrx_word' id='word_1_292' title='bbox 1197 3974 1372 4047; x_wconf 90' lang='lat' dir='ltr'>habitator</span> <span class='ocrx_word' id='word_1_293' title='bbox 1390 3975 1436 4045; x_wconf 88' lang='lat' dir='ltr'>de</span> <span class='ocrx_word' id='word_1_294' title='bbox 1456 3977 1515 4045; x_wconf 92' lang='lat' dir='ltr'>tali</span> <span class='ocrx_word' id='word_1_295' title='bbox 1537 3977 1625 4063; x_wconf 91' lang='lat' dir='ltr'>loco,</span> <span class='ocrx_word' id='word_1_296' title='bbox 1645 3977 1722 4046; x_wconf 90' lang='lat' dir='ltr'>talis</span> <span class='ocrx_word' id='word_1_297' title='bbox 1740 3977 1871 4070; x_wconf 83' lang='lat' dir='ltr'>dyoce-</span> 
     </span>
     <span class='ocr_line' id='line_1_32' title="bbox 438 4071 1871 4168; baseline 0.003 -27"><span class='ocrx_word' id='word_1_298' title='bbox 438 4071 506 4157; x_wconf 87' lang='lat' dir='ltr'>sis,</span> <span class='ocrx_word' id='word_1_299' title='bbox 527 4075 738 4141; x_wconf 87' lang='lat' dir='ltr'>constitutns</span> <span class='ocrx_word' id='word_1_300' title='bbox 755 4074 788 4140; x_wconf 90' lang='lat' dir='ltr'>in</span> <span class='ocrx_word' id='word_1_301' title='bbox 801 4073 930 4162; x_wconf 90' lang='lat' dir='ltr'>juditio</span> <span class='ocrx_word' id='word_1_302' title='bbox 947 4094 1064 4143; x_wconf 90' lang='lat' dir='ltr'>coram</span> <span class='ocrx_word' id='word_1_303' title='bbox 1082 4073 1184 4143; x_wconf 90' lang='lat' dir='ltr'>vobis</span> <span class='ocrx_word' id='word_1_304' title='bbox 1209 4073 1268 4142; x_wconf 92' lang='lat' dir='ltr'>tali</span> <span class='ocrx_word' id='word_1_305' title='bbox 1291 4074 1331 4143; x_wconf 92' lang='lat' dir='ltr'>N.</span> <span class='ocrx_word' id='word_1_306' title='bbox 1362 4074 1591 4165; x_wconf 89' lang='lat' dir='ltr'>inquisitore,</span> <span class='ocrx_word' id='word_1_307' title='bbox 1619 4076 1700 4164; x_wconf 91' lang='lat' dir='ltr'>juro</span> <span class='ocrx_word' id='word_1_308' title='bbox 1728 4085 1763 4144; x_wconf 91' lang='lat' dir='ltr'>et</span> <span class='ocrx_word' id='word_1_309' title='bbox 1791 4097 1871 4168; x_wconf 90' lang='lat' dir='ltr'>pro·</span> 
     </span>
     <span class='ocr_line' id='line_1_33' title="bbox 437 4169 1867 4263; baseline 0.004 -26"><span class='ocrx_word' id='word_1_310' title='bbox 437 4169 537 4239; x_wconf 91' lang='lat' dir='ltr'>mitto</span> <span class='ocrx_word' id='word_1_311' title='bbox 556 4191 663 4260; x_wconf 86' lang='lat' dir='ltr'>snper</span> <span class='ocrx_word' id='word_1_312' title='bbox 681 4169 792 4259; x_wconf 78' lang='lat' dir='ltr'>legem</span> <span class='ocrx_word' id='word_1_313' title='bbox 820 4171 929 4263; x_wconf 79' lang='lat' dir='ltr'>Moysi</span> <span class='ocrx_word' id='word_1_314' title='bbox 948 4192 1065 4240; x_wconf 89' lang='lat' dir='ltr'>coram</span> <span class='ocrx_word' id='word_1_315' title='bbox 1088 4193 1143 4240; x_wconf 91' lang='lat' dir='ltr'>me</span> <span class='ocrx_word' id='word_1_316' title='bbox 1160 4171 1306 4262; x_wconf 93' lang='lat' dir='ltr'>positam</span> <span class='ocrx_word' id='word_1_317' title='bbox 1329 4183 1363 4242; x_wconf 90' lang='lat' dir='ltr'>et</span> <span class='ocrx_word' id='word_1_318' title='bbox 1383 4193 1488 4241; x_wconf 92' lang='lat' dir='ltr'>mauu</span> <span class='ocrx_word' id='word_1_319' title='bbox 1511 4193 1586 4242; x_wconf 89' lang='lat' dir='ltr'>mea</span> <span class='ocrx_word' id='word_1_320' title='bbox 1608 4185 1733 4242; x_wconf 91' lang='lat' dir='ltr'>tactam</span> <span class='ocrx_word' id='word_1_321' title='bbox 1754 4185 1789 4242; x_wconf 88' lang='lat' dir='ltr'>et</span> <span class='ocrx_word' id='word_1_322' title='bbox 1808 4195 1867 4244; x_wconf 92' lang='lat' dir='ltr'>os·</span> 
     </span>
     <span class='ocr_line' id='line_1_34' title="bbox 438 4266 1866 4361; baseline 0.003 -26"><span class='ocrx_word' id='word_1_323' title='bbox 438 4266 586 4335; x_wconf 90' lang='lat' dir='ltr'>culatam</span> <span class='ocrx_word' id='word_1_324' title='bbox 602 4269 696 4358; x_wconf 92' lang='lat' dir='ltr'>qnod</span> <span class='ocrx_word' id='word_1_325' title='bbox 717 4268 885 4360; x_wconf 91' lang='lat' dir='ltr'>deinceps</span> <span class='ocrx_word' id='word_1_326' title='bbox 901 4291 969 4338; x_wconf 92' lang='lat' dir='ltr'>non</span> <span class='ocrx_word' id='word_1_327' title='bbox 991 4269 1154 4338; x_wconf 89' lang='lat' dir='ltr'>inducam</span> <span class='ocrx_word' id='word_1_328' title='bbox 1173 4290 1237 4338; x_wconf 89' lang='lat' dir='ltr'>nec</span> <span class='ocrx_word' id='word_1_329' title='bbox 1252 4269 1448 4340; x_wconf 87' lang='lat' dir='ltr'>sollicitabo</span> <span class='ocrx_word' id='word_1_330' title='bbox 1467 4271 1619 4361; x_wconf 91' lang='lat' dir='ltr'>aliquem</span> <span class='ocrx_word' id='word_1_331' title='bbox 1637 4270 1866 4340; x_wconf 89' lang='lat' dir='ltr'>christianum</span> 
     </span>
     <span class='ocr_line' id='line_1_35' title="bbox 438 4362 1866 4461; baseline 0.004 -29"><span class='ocrx_word' id='word_1_332' title='bbox 438 4362 481 4432; x_wconf 90' lang='lat' dir='ltr'>ad</span> <span class='ocrx_word' id='word_1_333' title='bbox 496 4365 759 4458; x_wconf 83' lang='lat' dir='ltr'>judayzandum</span> <span class='ocrx_word' id='word_1_334' title='bbox 782 4387 844 4435; x_wconf 88' lang='lat' dir='ltr'>sen</span> <span class='ocrx_word' id='word_1_335' title='bbox 863 4368 1077 4436; x_wconf 87' lang='lat' dir='ltr'>servandum</span> <span class='ocrx_word' id='word_1_336' title='bbox 1100 4369 1204 4435; x_wconf 92' lang='lat' dir='ltr'>ritum</span> <span class='ocrx_word' id='word_1_337' title='bbox 1222 4367 1436 4452; x_wconf 81' lang='lat' dir='ltr'>iudeorum,</span> <span class='ocrx_word' id='word_1_338' title='bbox 1459 4389 1523 4438; x_wconf 86' lang='lat' dir='ltr'>uec</span> <span class='ocrx_word' id='word_1_339' title='bbox 1542 4369 1695 4461; x_wconf 89' lang='lat' dir='ltr'>aliquem</span> <span class='ocrx_word' id='word_1_340' title='bbox 1714 4390 1866 4439; x_wconf 89' lang='lat' dir='ltr'>conver-</span> 
     </span>
     <span class='ocr_line' id='line_1_36' title="bbox 438 4462 1862 4559; baseline 0.004 -28"><span class='ocrx_word' id='word_1_341' title='bbox 438 4482 513 4531; x_wconf 86' lang='lat' dir='ltr'>sum</span> <span class='ocrx_word' id='word_1_342' title='bbox 528 4462 739 4554; x_wconf 85' lang='lat' dir='ltr'>baptizatum</span> <span class='ocrx_word' id='word_1_343' title='bbox 757 4464 952 4534; x_wconf 89' lang='lat' dir='ltr'>sollicitabo</span> <span class='ocrx_word' id='word_1_344' title='bbox 970 4465 1024 4533; x_wconf 83' lang='lat' dir='ltr'>vel</span> <span class='ocrx_word' id='word_1_345' title='bbox 1044 4465 1208 4533; x_wconf 88' lang='lat' dir='ltr'>inducam</span> <span class='ocrx_word' id='word_1_346' title='bbox 1223 4487 1366 4557; x_wconf 90' lang='lat' dir='ltr'>quoquo</span> <span class='ocrx_word' id='word_1_347' title='bbox 1384 4466 1547 4537; x_wconf 93' lang='lat' dir='ltr'>modoad</span> <span class='ocrx_word' id='word_1_348' title='bbox 1564 4467 1862 4559; x_wconf 83' lang='lat' dir='ltr'>rejudayzandum</span> 
     </span>
     <span class='ocr_line' id='line_1_37' title="bbox 438 4559 1866 4655; baseline 0.003 -25"><span class='ocrx_word' id='word_1_349' title='bbox 438 4580 500 4630; x_wconf 87' lang='lat' dir='ltr'>seu</span> <span class='ocrx_word' id='word_1_350' title='bbox 518 4559 563 4629; x_wconf 92' lang='lat' dir='ltr'>ad</span> <span class='ocrx_word' id='word_1_351' title='bbox 581 4562 799 4630; x_wconf 88' lang='lat' dir='ltr'>redeundum</span> <span class='ocrx_word' id='word_1_352' title='bbox 819 4562 862 4631; x_wconf 90' lang='lat' dir='ltr'>ad</span> <span class='ocrx_word' id='word_1_353' title='bbox 878 4562 1106 4655; x_wconf 77' lang='lat' dir='ltr'>judaysmum</span> <span class='ocrx_word' id='word_1_354' title='bbox 1129 4584 1192 4632; x_wconf 92' lang='lat' dir='ltr'>nec</span> <span class='ocrx_word' id='word_1_355' title='bbox 1209 4563 1254 4631; x_wconf 93' lang='lat' dir='ltr'>ad</span> <span class='ocrx_word' id='word_1_356' title='bbox 1269 4564 1537 4655; x_wconf 88' lang='lat' dir='ltr'>apostatandum</span> <span class='ocrx_word' id='word_1_357' title='bbox 1558 4585 1577 4632; x_wconf 91' lang='lat' dir='ltr'>a</span> <span class='ocrx_word' id='word_1_358' title='bbox 1598 4562 1667 4633; x_wconf 88' lang='lat' dir='ltr'>fide</span> <span class='ocrx_word' id='word_1_359' title='bbox 1686 4564 1866 4655; x_wconf 88' lang='lat' dir='ltr'>baptismi.</span> 
     </span>
     <span class='ocr_line' id='line_1_38' title="bbox 437 4655 1866 4758; baseline 0.004 -33"><span class='ocrx_word' id='word_1_360' title='bbox 437 4655 536 4743; x_wconf 89' lang='lat' dir='ltr'>ltem,</span> <span class='ocrx_word' id='word_1_361' title='bbox 559 4658 723 4749; x_wconf 89' lang='lat' dir='ltr'>promitto</span> <span class='ocrx_word' id='word_1_362' title='bbox 748 4670 781 4728; x_wconf 91' lang='lat' dir='ltr'>et</span> <span class='ocrx_word' id='word_1_363' title='bbox 797 4659 879 4748; x_wconf 92' lang='lat' dir='ltr'>juro</span> <span class='ocrx_word' id='word_1_364' title='bbox 897 4682 1005 4751; x_wconf 90' lang='lat' dir='ltr'>super</span> <span class='ocrx_word' id='word_1_365' title='bbox 1024 4660 1173 4729; x_wconf 88' lang='lat' dir='ltr'>eandem</span> <span class='ocrx_word' id='word_1_366' title='bbox 1205 4660 1316 4750; x_wconf 81' lang='lat' dir='ltr'>legem</span> <span class='ocrx_word' id='word_1_367' title='bbox 1345 4662 1439 4752; x_wconf 90' lang='lat' dir='ltr'>quod</span> <span class='ocrx_word' id='word_1_368' title='bbox 1462 4662 1508 4732; x_wconf 91' lang='lat' dir='ltr'>de</span> <span class='ocrx_word' id='word_1_369' title='bbox 1534 4672 1652 4732; x_wconf 90' lang='lat' dir='ltr'>cetero</span> <span class='ocrx_word' id='word_1_370' title='bbox 1678 4656 1719 4757; x_wconf 77' lang='lat'>[1⁰</span> <span class='ocrx_word' id='word_1_371' title='bbox 1741 4661 1809 4729; x_wconf 80' lang='grc'>159</span> <span class='ocrx_word' id='word_1_372' title='bbox 1830 4660 1866 4758; x_wconf 88' lang='lat' dir='ltr'>a]</span> 
     </span>
     <span class='ocr_line' id='line_1_39' title="bbox 438 4754 1868 4851; baseline 0.005 -28"><span class='ocrx_word' id='word_1_373' title='bbox 438 4754 572 4824; x_wconf 90' lang='lat' dir='ltr'>nullum</span> <span class='ocrx_word' id='word_1_374' title='bbox 590 4756 817 4826; x_wconf 89' lang='lat' dir='ltr'>christianum</span> <span class='ocrx_word' id='word_1_375' title='bbox 826 4758 839 4846; x_wconf 92' lang='lat' dir='ltr'>j</span> <span class='ocrx_word' id='word_1_376' title='bbox 846 4757 1090 4850; x_wconf 81' lang='lat' dir='ltr'>udayzantem,</span> <span class='ocrx_word' id='word_1_377' title='bbox 1103 4758 1251 4827; x_wconf 88' lang='lat' dir='ltr'>veritato</span> <span class='ocrx_word' id='word_1_378' title='bbox 1262 4755 1344 4827; x_wconf 89' lang='lat' dir='ltr'>fidei</span> <span class='ocrx_word' id='word_1_379' title='bbox 1355 4758 1589 4830; x_wconf 86' lang='lat' dir='ltr'>etchristiane</span> <span class='ocrx_word' id='word_1_380' title='bbox 1603 4760 1791 4851; x_wconf 80' lang='lat' dir='ltr'>abnegata,</span> <span class='ocrx_word' id='word_1_381' title='bbox 1802 4781 1868 4830; x_wconf 86' lang='lat' dir='ltr'>nec</span> 
     </span>
     <span class='ocr_line' id='line_1_40' title="bbox 438 4851 1868 4950; baseline 0.004 -30"><span class='ocrx_word' id='word_1_382' title='bbox 438 4851 588 4943; x_wconf 89' lang='lat' dir='ltr'>aliquem</span> <span class='ocrx_word' id='word_1_383' title='bbox 619 4875 829 4924; x_wconf 91' lang='lat' dir='ltr'>conversum</span> <span class='ocrx_word' id='word_1_384' title='bbox 852 4855 1112 4948; x_wconf 74' lang='lat' dir='ltr'>rejudaysatum</span> <span class='ocrx_word' id='word_1_385' title='bbox 1142 4876 1204 4924; x_wconf 89' lang='lat' dir='ltr'>seu</span> <span class='ocrx_word' id='word_1_386' title='bbox 1226 4876 1407 4925; x_wconf 90' lang='lat' dir='ltr'>reversum</span> <span class='ocrx_word' id='word_1_387' title='bbox 1434 4856 1478 4926; x_wconf 91' lang='lat' dir='ltr'>ad</span> <span class='ocrx_word' id='word_1_388' title='bbox 1500 4857 1747 4950; x_wconf 83' lang='lat' dir='ltr'>judaysmum,</span> <span class='ocrx_word' id='word_1_389' title='bbox 1776 4857 1868 4926; x_wconf 89' lang='lat' dir='ltr'>reci·</span> 
     </span>
     <span class='ocr_line' id='line_1_41' title="bbox 437 4949 1868 5048; baseline 0.006 -32"><span class='ocrx_word' id='word_1_390' title='bbox 437 4949 529 5041; x_wconf 92' lang='lat' dir='ltr'>piam</span> <span class='ocrx_word' id='word_1_391' title='bbox 552 4960 614 5019; x_wconf 92' lang='lat' dir='ltr'>ant</span> <span class='ocrx_word' id='word_1_392' title='bbox 634 4952 819 5044; x_wconf 88' lang='lat' dir='ltr'>receptaho</span> <span class='ocrx_word' id='word_1_393' title='bbox 839 4952 874 5020; x_wconf 91' lang='lat' dir='ltr'>in</span> <span class='ocrx_word' id='word_1_394' title='bbox 903 4953 1009 5022; x_wconf 93' lang='lat' dir='ltr'>domo</span> <span class='ocrx_word' id='word_1_395' title='bbox 1028 4952 1106 5021; x_wconf 90' lang='lat' dir='ltr'>mea</span> <span class='ocrx_word' id='word_1_396' title='bbox 1126 4953 1296 5038; x_wconf 88' lang='lat' dir='ltr'>scienter,</span> <span class='ocrx_word' id='word_1_397' title='bbox 1321 4974 1386 5023; x_wconf 89' lang='lat' dir='ltr'>nec</span> <span class='ocrx_word' id='word_1_398' title='bbox 1411 4957 1463 5024; x_wconf 93' lang='lat' dir='ltr'>eis</span> <span class='ocrx_word' id='word_1_399' title='bbox 1490 4976 1553 5024; x_wconf 89' lang='lat' dir='ltr'>nec</span> <span class='ocrx_word' id='word_1_400' title='bbox 1578 4954 1681 5024; x_wconf 91' lang='lat' dir='ltr'>alicui</span> <span class='ocrx_word' id='word_1_401' title='bbox 1712 4955 1868 5048; x_wconf 90' lang='lat' dir='ltr'>ipsorum</span> 
     </span>
     <span class='ocr_line' id='line_1_42' title="bbox 437 5045 1868 5142; baseline 0.005 -27"><span class='ocrx_word' id='word_1_402' title='bbox 437 5045 602 5138; x_wconf 89' lang='lat' dir='ltr'>prestabo</span> <span class='ocrx_word' id='word_1_403' title='bbox 614 5051 799 5119; x_wconf 93' lang='lat' dir='ltr'>consilium</span> <span class='ocrx_word' id='word_1_404' title='bbox 812 5104 821 5137; x_wconf 94' lang='lat'>,</span> <span class='ocrx_word' id='word_1_405' title='bbox 836 5050 1008 5119; x_wconf 79' lang='lat' dir='ltr'>auxilium</span> <span class='ocrx_word' id='word_1_406' title='bbox 1026 5049 1082 5119; x_wconf 89' lang='lat' dir='ltr'>vel</span> <span class='ocrx_word' id='word_1_407' title='bbox 1100 5050 1255 5121; x_wconf 83' lang='lat' dir='ltr'>favorem</span> <span class='ocrx_word' id='word_1_408' title='bbox 1272 5103 1283 5137; x_wconf 97' lang='lat'>,</span> <span class='ocrx_word' id='word_1_409' title='bbox 1300 5061 1354 5121; x_wconf 89' lang='lat' dir='ltr'>set</span> <span class='ocrx_word' id='word_1_410' title='bbox 1370 5051 1531 5142; x_wconf 80' lang='lat' dir='ltr'>detegam</span> <span class='ocrx_word' id='word_1_411' title='bbox 1548 5074 1611 5124; x_wconf 90' lang='lat' dir='ltr'>seu</span> <span class='ocrx_word' id='word_1_412' title='bbox 1631 5052 1797 5124; x_wconf 86' lang='lat' dir='ltr'>revelabo</span> <span class='ocrx_word' id='word_1_413' title='bbox 1815 5053 1868 5122; x_wconf 92' lang='lat' dir='ltr'>in-</span> 
     </span>
    </p>
   </div>
   <div class='ocr_carea' id='block_1_5' title="bbox 0 0 2320 6404">
    <p class='ocr_par' dir='ltr' id='par_1_5' title="bbox 0 0 2320 6404">
     <span class='ocr_line' id='line_1_43' title="bbox 0 0 2320 6404; baseline 0 0"><span class='ocrx_word' id='word_1_414' title='bbox 0 0 2320 6404; x_wconf 95' lang='lat' dir='ltr'> </span> 
     </span>
    </p>
   </div>
  </div>
 </body>
</html>
