4574 6404
424 639 491 709 liO
710 651 873 705 rnncrtcn
900 652 1140 720 ruqvvsvvtours
1166 651 1329 705 venantur
1355 650 1565 703 nnnvvrnrvs.

422 942 482 1007 23.
507 941 673 1005 Similem
689 941 800 1004 etiam
816 941 1073 1005 sentenciandi
1089 958 1153 1005 seu
1168 942 1441 1021 pronunciandi
1464 941 1612 1005 modum
1629 950 1776 1005 constat
1791 944 1855 1007 ob-

462 1055 650 1112 servatum
664 1046 778 1110 fuisse
794 1046 946 1110 Tholose
962 1048 1006 1111 de
1021 1047 1117 1112 lacto
1134 1056 1171 1111 et
1185 1065 1249 1129 per
1269 1049 1391 1112 sedam
1414 1048 1654 1129 apostolicam
1676 1051 1855 1130 approba·

461 1163 559 1230 tum,
575 1155 615 1217 ln
628 1154 785 1235 quodam
801 1154 1004 1233 presbitero
1027 1155 1170 1236 relapso
1188 1156 1229 1219 in
1246 1156 1405 1219 heresim
1430 1172 1453 1219 a
1474 1172 1513 1218 se
1536 1157 1640 1235 prius
1658 1156 1699 1219 in
1718 1158 1855 1235 juditio

461 1262 685 1340 abjuratam,
708 1262 802 1342 quod
823 1278 865 1325 ex
889 1269 1015 1326 tenore
1036 1264 1224 1344 sequentis
1239 1263 1362 1326 littere
1379 1263 1578 1343 apostolice
1599 1264 1778 1344 liquidius
1794 1265 1856 1329 de·

461 1376 691 1433 monstratur
708 1387 715 1430 :
1697 1377 1699 1382 '

471 1611 648 1683 lohannes
669 1612 854 1705 episcopus
874 1634 999 1683 servus
1017 1633 1200 1684 servorum
1219 1614 1300 1701 Dei,
1323 1613 1515 1684 venerabili
1536 1613 1632 1682 fratri
1653 1613 1854 1707 Arcbiepis·

425 1730 515 1802 copo
530 1709 1161 1804 Tholosanosalutemetapostolicam
1171 1711 1467 1782 benedictionem.
1480 1753 1523 1763 -
1534 1710 1653 1802 Nuper
1665 1708 1735 1781 tide
1749 1712 1856 1803 digna

423 1808 595 1878 relatione
622 1808 842 1901 percepimus
869 1809 962 1900 quod
983 1808 1160 1880 lohannes
1179 1808 1404 1894 Philibertus,
1424 1809 1597 1901 presbiter
1615 1808 1787 1879 oriundus
1811 1809 1857 1879 de

423 1905 567 2000 dyocesi
587 1904 783 1997 bisuntina,
803 1906 979 1978 habitator
1003 1907 1038 1976 in
1063 1906 1206 2000 dyocesi
1232 1906 1430 1994 lusitana,
1452 1907 1585 1977 dudum
1614 1906 1857 1999 deprehensns
1903 1954 1910 1967 ·

422 2004 458 2072 in
484 2002 598 2073 heresi
625 2014 720 2073 secte
740 2004 964 2074 Valdensiam
987 2016 1022 2074 et
1048 2004 1197 2075 eandem
1221 2004 1387 2095 abjurans
1413 2016 1491 2097 post
1515 2004 1770 2094 abjurationem
1798 2025 1855 2074 er-

422 2102 512 2171 roris
545 2100 747 2192 hujusmodi
779 2101 814 2170 in
846 2102 1041 2192 abjuratam
1069 2122 1089 2171 a
1118 2123 1157 2172 se
1186 2102 1221 2170 in
1250 2102 1381 2193 juditio
1409 2101 1561 2173 heresim
1592 2112 1644 2171 est
1673 2100 1853 2193 colopene,

422 2211 564 2292 propter
589 2200 684 2292 quod
704 2198 823 2269 dilecti
843 2197 905 2268 filii
925 2201 1151 2291 inquisitores
1172 2199 1325 2270 heretice
1346 2200 1528 2292 pravitatis
1548 2199 1583 2268 in
1608 2200 1677 2269 illis
1695 2199 1856 2291 partibus

420 2317 584 2367 unacum
605 2297 854 2368 commissoriis
872 2291 913 2393 [l0
932 2296 978 2366 66
998 2294 1030 2394 c]
1048 2297 1224 2390 deputatis
1242 2297 1385 2390 capituli
1407 2298 1554 2368 ecclesie
1571 2297 1749 2368 Auxitane
1768 2318 1856 2366 eun·

422 2394 502 2465 dem
530 2395 704 2488 relapsum
731 2395 804 2467 lore
831 2407 866 2465 et
894 2405 1077 2488 propterea
1102 2414 1123 2463 a
1148 2398 1222 2464 suis
1242 2395 1427 2465 ordinibus
1447 2395 1712 2486 degradandum
1734 2406 1769 2465 et
1794 2394 1856 2465 de·

422 2492 605 2584 gradatam
643 2491 796 2564 seculari
832 2496 929 2562 curie
967 2492 1238 2584 relinquendum
1277 2515 1339 2585 per
1376 2493 1598 2564 diffinitivam
1644 2494 1854 2563 sententiam

390 2638 396 2649 ‚
422 2590 738 2683 condempnarunt.
759 2589 875 2673 Quare
895 2591 960 2660 luit
979 2590 1081 2660 nobis
1101 2590 1281 2661 humiliter
1301 2590 1534 2684 supplicatum
1556 2602 1612 2679 nt,
1632 2612 1710 2660 cum
1726 2610 1792 2683 pro
1812 2612 1857 2662 eo

422 2689 518 2779 quod
544 2689 721 2759 Avrxitana
749 2689 895 2758 ecclesia
924 2698 1064 2782 pastore
1091 2699 1193 2758 vacat
1216 2689 1332 2780 quoad
1358 2710 1503 2782 presens
1530 2709 1599 2760 non
1625 2688 1672 2758 sit
1694 2690 1754 2780 qui
1780 2689 1854 2759 dic·

422 2797 496 2855 tum
517 2787 691 2879 relapsum
713 2786 830 2856 valent
849 2786 1062 2878 degradare,
1085 2786 1274 2878 providere
1293 2807 1399 2880 snper
1419 2787 1485 2858 boc
1509 2787 1554 2858 dc
1576 2801 1775 2879 opportuno
1800 2809 1857 2859 re·

422 2883 542 2954 medio
566 2886 814 2974 dignaremnr3
836 2905 907 2975 qno
936 2885 1026 2954 circa
1056 2883 1264 2953 iraternitati
1290 2895 1348 2956 tue
1374 2886 1588 2979 presentium
1615 2894 1736 2955 tenore
1758 2906 1855 2956 corn·

422 2982 593 3052 mittimus
620 2992 655 3052 et
679 2982 887 3052 mandamus
915 2984 1104 3073 quatinus,
1130 2982 1158 3050 si
1187 2983 1366 3073 premissis
1393 2983 1524 3054 veritas
1550 2983 1786 3074 suffragetur,
1809 2984 1855 3054 ad

423 3079 710 3169 degradationem
741 3080 899 3170 ejusdem
929 3080 1055 3173 relapsi
1086 3079 1255 3172 procedas
1282 3083 1384 3171 juxta
1411 3082 1597 3152 canonicas
1625 3083 1853 3170 sanctiones,

422 3177 536 3267 ipsum
557 3188 740 3269 postquam
762 3178 902 3248 inerita
923 3177 996 3246 sais
1016 3175 1199 3247 ordinibus
1218 3178 1430 3270 degradatus
1450 3179 1599 3249 seculari
1625 3179 1722 3249 curie
1750 3179 1855 3250 relin·
1900 3264 1907 3279 ὃ

422 3274 577 3365 qnando.
600 3276 724 3344 Datum
743 3274 932 3360 Avinioni‚
953 3275 1041 3343 Vlll⁰
1059 3274 1151 3367 ydus
1173 3274 1358 3362 febroarii,
1380 3275 1602 3368 pontificatus
1628 3278 1738 3348 nostri
1761 3298 1855 3348 anno

422 3384 547 3560 {m}
565 3371 648 3468 (snb
669 3395 763 3443 unna
781 3371 930 3443 Domini
946 3370 1002 3441 Μ0
1021 3370 1135 3443 000⁰
1155 3369 1253 3457 Xm,
1274 3397 1374 3445 more
1392 3373 1555 3446 Romane
1580 3373 1692 3446 Onne
1709 3397 1855 3468 compu-

425 3724 484 3788 24.
512 3725 645 3789 Forma
661 3727 847 3790 sentencie
862 3741 1103 3805 personarum
1123 3726 1377 3791 defunctarum
1394 3743 1463 3809 que
1480 3727 1610 3804 forent,
1628 3730 1660 3792 si
1676 3730 1854 3807 viverent,

739 3833 961 3896 inmurande
976 3834 1120 3897 ratione
1138 3835 1330 3898 dumtaxat
1344 3835 1535 3899 bonorum.

472 4049 510 4118 ln
539 4050 680 4121 nomine
698 4048 854 4136 Domini,
875 4070 992 4119 amen.
1014 4048 1186 4132 Quoniam
1214 4070 1276 4121 nos
1303 4050 1426 4143 prelati
1451 4052 1676 4144 inquisitores
1701 4053 1856 4127 heretice

425 4147 607 4241 pravitatis
628 4159 664 4217 et
677 4146 907 4218 commissarii
928 4147 1079 4239 delegati
1096 4148 1371 4219 reverendorum
1393 4151 1428 4217 in
1446 4148 1582 4222 Christo
1598 4161 1748 4242 patrum,
1767 4165 1853 4242 etc,

423 4265 486 4338 per
517 4244 780 4336 inquisitionem
812 4245 967 4337 legitime
1000 4247 1125 4315 iactam
1161 4267 1202 4315 ac
1243 4267 1305 4337 per
1343 4258 1418 4316 acta
1447 4247 1585 4340 publica
1616 4248 1855 4341 inquisitionis

423 4340 596 4432 ejusdem,
619 4363 755 4414 necnon
777 4363 838 4435 per
857 4344 1098 4414 confessiones
1117 4343 1277 4437 proprias
1297 4345 1405 4416 lactas
1426 4348 1460 4414 in
1477 4345 1608 4436 juditio
1626 4357 1661 4416 et
1679 4359 1853 4440 receptas,

423 4440 624 4510 invenimus
641 4452 676 4510 et
696 4441 730 4509 in
746 4440 877 4531 juditio
898 4442 998 4512 nobis
1017 4452 1154 4513 constat
1172 4441 1267 4533 quod
1289 4443 1367 4513 talis
1381 4442 1424 4514 N.
1442 4443 1487 4513 de
1512 4443 1570 4512 tali
1590 4443 1666 4515 loco
1689 4439 1729 4541 [l0
1749 4445 1794 4513 66
1814 4444 1852 4546 d]

402 4537 629 4621 defunctus,
659 4539 742 4608 dnm
781 4539 925 4609 vivebat
953 4539 1064 4624 vidit,
1098 4539 1257 4609 visitavit
1287 4553 1321 4610 et
1348 4562 1445 4612 more
1483 4540 1661 4611 hereticali
1692 4543 1855 4615 adoravit

422 4634 616 4722 hereticos,
646 4648 731 4722 etc,
753 4635 1027 4731 (exprimuntur
1045 4637 1145 4731 culpe
1163 4637 1201 4706 n'n
1220 4637 1282 4707 isto
1299 4638 1369 4710 loco
1391 4643 1548 4710 contracte
1569 4638 1631 4710 snb
1649 4642 1854 4733 compendio

421 4732 658 4828 sinqillatim).

470 4830 577 4919 Item,
599 4832 694 4924 quod
724 4831 801 4903 talis
825 4832 867 4902 N.
896 4833 941 4903 de
969 4833 1029 4902 tali
1054 4833 1149 4921 loco,
1174 4856 1266 4903 nunc
1291 4835 1498 4923 defunctus,
1519 4837 1601 4905 lecit
1625 4836 1691 4908 boc
1723 4848 1758 4906 et
1786 4836 1854 4908 hnc

426 4927 691 5022 (caprimuninr
718 4929 880 5000 similiter
901 4931 1002 5023 ennae
1025 4938 1057 5002 ct
1076 4932 1126 5003 sic
1146 4931 1191 5002 de
1210 4931 1289 5002 alite
1305 4932 1470 5028 personis
1493 4933 1524 5003 si
1543 4932 1661 5025 plnres
1684 4934 1821 5028 scierint
1840 4962 1852 5004 .·

422 5025 585 5119 defuncti
606 5034 638 5096 et
661 5025 827 5118 &functe
846 5035 1086 5124 temporeque
1106 5029 1297 5124 vivebant),
1320 5040 1390 5101 tam
1418 5033 1573 5121 graviter
1592 5043 1627 5102 et
1648 5044 1715 5102 tam
1735 5032 1851 5103 multi-
