4574 6404
423 684 493 756 260
708 700 870 753 rmorrca
896 700 1136 766 ruoursrrrorus
1164 702 1325 755 nnnurrcc
1355 700 1566 753 rnnvrrnrrs.

422 862 518 956 quod
533 861 668 932 decime
688 880 756 930 nou
773 859 902 930 debent
921 861 996 929 dari
1014 861 1079 929 uisi
1097 861 1180 954 ipsis
1191 864 1252 952 qni
1269 858 1602 951 dicunturApostoli
1620 869 1655 927 et
1669 866 1754 926 suut
1773 877 1859 949 pau·

424 981 525 1055 peres
545 958 682 1030 Christi.
706 957 812 1042 ltem‚
834 958 929 1049 quod
954 958 1103 1049 quilibet
1130 958 1233 1029 homo
1263 969 1298 1028 et
1325 958 1482 1049 qualibet
1502 956 1628 1024 mulier
1647 954 1733 1024 nudi
1752 951 1861 1024 simul

425 1068 570 1152 possunt
584 1057 702 1146 jacere
722 1055 756 1123 in
777 1077 847 1125 uuo
867 1068 902 1125 et
923 1056 1048 1126 eodem
1067 1057 1157 1126 lecto
1177 1068 1212 1126 et
1232 1056 1327 1125 licite
1349 1066 1494 1146 tangere
1517 1065 1637 1123 mutuo
1659 1073 1749 1121 unus
1770 1052 1860 1121 alte-

424 1177 501 1225 rum
524 1149 564 1251 [l0
586 1151 652 1222 tlt
672 1149 703 1251 c]
725 1153 757 1221 iu
779 1155 873 1223 omui
900 1166 996 1246 parte
1016 1155 1071 1224 sni
1091 1166 1127 1224 et
1145 1154 1296 1224 osculari
1317 1175 1356 1223 se
1380 1154 1531 1222 invicem
1552 1151 1629 1221 siue
1653 1149 1748 1221 omui
1778 1170 1861 1241 pec·

424 1264 523 1339 cato,
545 1264 579 1323 et
598 1251 693 1344 quod
709 1253 922 1342 conjungere
939 1264 1095 1322 ventrem
1112 1274 1215 1321 suum
1231 1273 1309 1321 cum
1330 1264 1454 1321 ventre
1474 1249 1630 1319 mulieris
1646 1248 1690 1317 ad
1709 1246 1859 1333 undum,

424 1354 455 1421 si
469 1351 549 1442 quis
564 1349 763 1419 stimuletur
777 1349 977 1433 carnaliter,
997 1362 1034 1418 ut
1049 1362 1162 1420 cesset
1179 1348 1376 1442 temptatio,
1395 1370 1464 1418 nou
1478 1360 1531 1418 est
1545 1357 1738 1440 peccatum.
1757 1344 1860 1430 ltem‚

426 1450 520 1541 quod
536 1449 655 1539 jacere
681 1468 759 1516 cum
788 1446 934 1516 muliere
954 1458 990 1517 et
1007 1448 1226 1518 commisceri
1247 1469 1292 1517 ex
1317 1447 1521 1516 carnalitate
1552 1445 1663 1534 majus
1681 1453 1734 1513 est
1753 1461 1862 1533 quam
1882 1486 1887 1501 ·

425 1546 634 1617 resuscitare
655 1557 844 1614 mortuum.
862 1544 1040 1615 Predictos
1059 1557 1174 1616 tamen
1196 1545 1285 1615 duos
1306 1544 1472 1616 articulos
1495 1564 1564 1613 uon
1582 1541 1741 1612 revelant
1756 1538 1861 1608 indil-

426 1645 578 1714 lereuter
597 1642 782 1726 omnibus,
804 1651 858 1711 set
877 1642 968 1711 inter
993 1665 1032 1713 se
1059 1656 1094 1712 et
1123 1643 1233 1734 magis
1260 1641 1515 1713 adherentibus
1534 1640 1614 1709 sibi.
1638 1639 1743 1723 ltem‚
1762 1636 1861 1728 quod

426 1740 612 1835 perfectior
632 1741 705 1809 vita
722 1752 775 1809 est
795 1740 918 1809 vivere
937 1740 1015 1809 sine
1033 1751 1118 1811 voto
1137 1762 1243 1832 quam
1259 1761 1339 1809 cum
1356 1754 1453 1811 voto.
1471 1740 1575 1823 ltem‚
1592 1737 1687 1829 quod
1706 1733 1862 1805 Ecclesia

426 1849 628 1910 consecrata
655 1859 723 1906 nou
746 1837 823 1929 plus
848 1838 942 1907 valet
961 1837 1004 1906 ad
1031 1825 1203 1909 oraddum
1226 1839 1336 1909 Deum
1357 1859 1462 1929 quam
1486 1836 1661 1906 stabulum
1688 1853 1862 1926 equorum

427 1937 484 2008 vel
506 1957 704 2027 porcorum.
726 1935 831 2022 ltem‚
850 1935 944 2026 quod
961 1937 1008 2004 ita
1030 1937 1120 2006 bene
1141 1944 1257 2028 potest
1271 1935 1411 2005 adorari
1426 1935 1583 2004 Christus
1603 1935 1637 2001 in
1657 1929 1862 2001 nemoribus

427 2055 532 2126 quam
554 2034 589 2102 iu
610 2032 768 2103 ecclesiis
789 2034 844 2103 vel
865 2033 1004 2106 melius.
1026 2034 1111 2103 ltem
1128 2089 1136 2114 ‚
1155 2035 1250 2126 quod
1270 2055 1333 2126 pro
1354 2033 1447 2103 nulla
1468 2053 1587 2119 causa,
1608 2029 1720 2100 necin
1741 2029 1863 2120 aliquo

428 2153 532 2211 casu,
556 2131 659 2201 debet
681 2130 787 2201 bomo
802 2132 923 2220 jurare
939 2131 1004 2200 nisi
1021 2154 1084 2224 pro
1099 2132 1254 2202 articulis
1275 2130 1357 2201 fidei
1377 2132 1433 2201 vel
1458 2132 1630 2224 preceptis
1649 2128 1710 2197 Dei
1732 2137 1767 2197 et
1785 2147 1862 2197 om·

429 2230 485 2298 nia
506 2228 574 2298 alia
594 2240 740 2322 possunt
755 2228 893 2311 celare,
916 2240 951 2298 et
974 2243 1298 2321 quantumcumque
1313 2231 1435 2320 jurent
1457 2230 1575 2298 dicere
1599 2227 1783 2296 veritatem
1803 2243 1863 2294 co·

429 2348 504 2397 ram
525 2326 667 2419 prelatis
692 2348 754 2396 seu
776 2326 1043 2419 inquisitoribus
1070 2349 1141 2398 uon
1166 2339 1330 2398 tenentur
1351 2325 1564 2419 respondere
1589 2325 1633 2394 de
1652 2324 1772 2415 aliquo
1791 2321 1863 2392 alio

430 2446 494 2495 uec
514 2424 672 2494 revelare
697 2424 890 2494 doctrinam
912 2446 1011 2494 suam
1033 2447 1096 2495 seu
1115 2447 1252 2496 errores
1272 2447 1379 2508 sune,
1402 2446 1467 2495 uec
1488 2434 1650 2493 tenentur
1670 2421 1863 2492 defendere

429 2523 557 2608 verbo,
579 2532 632 2591 set
651 2543 789 2614 semper
809 2522 915 2592 corde
934 2535 1067 2592 tenere.
1088 2523 1122 2592 Si
1144 2537 1260 2592 tamen
1278 2534 1450 2613 cogantur
1468 2524 1588 2613 jurare
1609 2531 1702 2590 metu
1724 2517 1861 2604 mortis,

429 2621 465 2688 iu
482 2641 525 2690 eo
541 2639 624 2688 casu
644 2618 774 2689 debent
786 2621 907 2710 jurare
923 2622 1032 2692 verbo
1046 2643 1110 2691 seu
1131 2642 1219 2691 voce
1236 2621 1350 2691 solum
1367 2632 1402 2690 et
1418 2621 1451 2688 iu
1469 2631 1584 2689 mente
1600 2619 1751 2689 retinere
1765 2613 1864 2708 quod

431 2718 466 2786 in
487 2717 584 2786 nullo
606 2728 789 2786 teneantur
809 2719 1023 2809 respondere
1038 2720 1238 2802 veritatem,
1257 2719 1322 2788 uisi
1341 2719 1386 2788 de
1405 2717 1555 2809 hiisque
1574 2716 1766 2787 verbaliter
1781 2735 1864 2785 con·

432 2819 587 2885 liuentur
607 2816 640 2883 in
666 2815 823 2884 articulis
845 2814 926 2886 fidei
954 2817 1010 2885 vel
1032 2816 1216 2910 preceptis.
1239 2816 1327 2887 Etsi
1348 2816 1392 2885 de
1411 2816 1489 2885 aliis
1512 2815 1758 2906 requirantur,
1782 2812 1864 2882 licet

432 2913 483 2982 eis
503 2913 580 2982 sine
607 2925 749 3005 peccato
771 2914 908 2982 mentiri
930 2926 964 2983 et
986 2914 1168 2985 veritatem
1195 2935 1259 2985 sue
1278 2924 1372 2985 secte
1402 2934 1529 3003 negare
1558 2933 1638 2996 ore,
1669 2908 1865 2980 dummodo

432 3020 575 3080 teneant
595 3031 672 3079 eam
703 3012 737 3079 in
758 3011 885 3095 corde,
906 3011 950 3080 ad
972 3010 1038 3082 hoc
1058 3022 1095 3080 ut
1113 3013 1266 3082 evadant
1292 3021 1497 3105 potestatem
1518 3009 1789 3100 inquisitorum3
1811 3017 1866 3078 set

433 3108 563 3177 debent
584 3108 800 3198 respondere
821 3106 1030 3195 inficiando,
1055 3109 1112 3178 vel
1133 3110 1313 3201 negaud0,
1334 3131 1398 3179 seu
1422 3109 1620 3202 palliaud0‚
1639 3126 1866 3198 quocumque

435 3206 540 3275 modo
561 3208 697 3297 possint
716 3207 942 3298 pertransire.
964 3206 998 3275 Si
1019 3219 1134 3276 tamen
1155 3229 1224 3277 nou
1245 3218 1388 3299 possent
1408 3217 1553 3277 mortem
1576 3203 1617 3300 ll>
1640 3202 1706 3273 tlt
1727 3200 1764 3301 d]
1785 3223 1867 3272 eva-

433 3303 537 3389 dere,
563 3313 646 3372 lunc
670 3303 705 3370 iu
726 3304 787 3372 tali
805 3324 888 3373 casu
911 3315 1034 3396 aperte
1054 3305 1185 3375 debent
1205 3302 1359 3398 profiteri
1379 3314 1414 3374 el
1433 3304 1624 3375 defendere
1645 3303 1678 3371 iu
1700 3301 1866 3372 omuibus

433 3410 468 3470 et
482 3422 544 3492 per
563 3401 680 3471 omnia
699 3400 889 3493 predictam
908 3402 1103 3472 doctrinam
1120 3423 1234 3485 suam,
1256 3414 1291 3472 et
1312 3403 1400 3472 mori
1421 3402 1455 3470 iu
1473 3422 1512 3471 ea
1530 3404 1708 3494 pacienter
1728 3411 1762 3470 et
1782 3420 1866 3471 cou-

432 3508 588 3584 stanter,
607 3510 642 3568 et
670 3498 871 3569 nullatenus
897 3501 1035 3591 aliquos
1064 3500 1108 3569 de
1135 3501 1239 3570 sociis
1260 3500 1334 3569 suis
1354 3500 1411 3569 vel
1437 3499 1662 3570 credentibus
1688 3498 1864 3570 revelare.

433 3595 611 3665 Predictos
631 3617 768 3667 errores
789 3605 823 3666 et
842 3597 1012 3688 quosdam
1033 3597 1120 3667 alios
1143 3598 1203 3688 qui
1224 3619 1269 3667 ex
1292 3599 1343 3668 eis
1365 3598 1562 3668 necessario
1583 3597 1798 3685 colliguntur
1817 3608 1868 3666 te-

435 3705 520 3762 nent
539 3704 574 3763 et
600 3692 838 3784 dogmatizant
863 3696 1090 3765 credentibus
1117 3696 1191 3766 suis
1219 3706 1426 3765 nontamen
1452 3694 1615 3787 publice,
1633 3706 1687 3763 set
1705 3705 1866 3781 secrete,

435 3812 499 3860 uec
521 3811 643 3862 omues
664 3792 698 3859 in
725 3791 828 3861 simul
858 3792 987 3862 docent
1011 3804 1065 3862 set
1092 3793 1292 3886 paulative,
1316 3793 1420 3865 modo
1446 3814 1574 3877 uuum,
1601 3792 1706 3862 modo
1734 3792 1868 3877 alium,

435 3888 540 3959 modo
568 3889 699 3981 plures,
739 3885 842 3986 sicut]
866 3891 976 3981 magis
997 3891 1151 3960 viderint
1170 3902 1420 3983 opportunum.
1450 3889 1534 3959 Cum
1561 3889 1676 3981 aliqua
1704 3890 1869 3958 similitu-

435 3986 517 4057 dine
539 3981 733 4081 [religionis
770 3987 825 4056 vel
843 3989 995 4080 pietatis,
1019 3998 1057 4057 ut
1075 3991 1185 4079 magis
1207 3982 1427 4086 [appareant]
1445 3988 1628 4058 credibilia
1648 3987 1756 4057 verba
1777 3987 1870 4080 ipso

436 4105 512 4152 rum
541 4086 716 4165 maxime,
746 4089 951 4177 premittunt
976 4085 1009 4155 iu
1040 4087 1327 4178 persuasionibus
1352 4086 1426 4157 suis
1445 4085 1539 4177 apud
1561 4085 1679 4178 laycos
1699 4106 1869 4177 quecum-

434 4202 504 4272 que
524 4192 670 4274 possunt
687 4182 805 4252 dicere
823 4194 858 4253 et
879 4183 1091 4276 persuadere
1110 4184 1155 4253 de
1174 4183 1263 4252 mala
1279 4184 1351 4253 vita
1367 4184 1581 4276 prelatorum
1602 4193 1637 4253 el
1656 4182 1865 4252 clericorum

436 4289 471 4350 et
490 4279 752 4370 religiosorum,
770 4291 804 4350 et
823 4279 945 4351 dicunt
964 4281 1058 4372 quod
1076 4281 1197 4373 prelati
1218 4291 1253 4350 et
1270 4280 1385 4352 clerici
1406 4291 1441 4350 et
1458 4281 1610 4370 religiosi
1633 4289 1864 4373 persecuntur

435 4397 496 4446 eos
519 4397 564 4445 ex
586 4376 717 4447 invidia
740 4399 786 4447 ex
806 4399 848 4449 eo
868 4377 961 4469 quod
982 4378 1103 4448 dicunt
1123 4390 1158 4449 et
1177 4378 1305 4449 docent
1325 4379 1523 4449 veritatem.

486 4629 521 4693 4.
546 4632 596 4694 De
619 4633 724 4694 modo
747 4632 993 4711 persuadendi
1016 4648 1123 4712 quem
1146 4641 1297 4697 servant
1317 4632 1463 4713 publico
1485 4634 1813 4714 Pseudo-apostoli.

486 4875 609 4946 Modus
638 4897 780 4968 quoque
807 4876 1042 4969 persuadendi
1068 4888 1103 4947 et
1130 4876 1343 4948 informandi
1369 4880 1525 4969 ipsorum
1551 4879 1586 4944 in
1616 4876 1806 4969 principio,
1836 4886 1874 4946 et

438 4976 590 5044 maxime
608 4974 750 5065 quando
771 4974 909 5066 publice
919 4995 957 5044 se
969 4985 1159 5056 ostentant,
1181 4974 1413 5046 communiter
1433 4975 1510 5044 talis
1529 4986 1582 5044 est
1600 4999 1607 5042 :
1626 4975 1750 5044 [licuul
1769 4974 1867 5044 enim

437 5070 588 5163 quedam
608 5093 679 5162 que
700 5072 864 5142 videntur
885 5083 1005 5165 aperte
1023 5072 1232 5161 laudabilia,
1255 5087 1294 5142 ut
1311 5073 1362 5143 sic
1379 5071 1555 5142 attrahant
1574 5082 1609 5142 et
1626 5072 1781 5142 alliciant
1799 5092 1864 5141 au·

1080 5710 1310 6008 fn
