4574 6404
430 626 476 695 aa
716 643 878 697 intumet
904 644 1144 712 inqursrrrorus
1171 643 1333 698 susurres
1358 644 1570 697 nsnvrrarrs.

430 902 491 968 21.
516 902 651 968 Forma
666 905 790 970 lttters
813 905 1004 971 relaxandi
1020 908 1064 973 de
1079 923 1183 972 muro
1199 922 1274 971 non
1292 905 1512 987 simpliciter
1524 913 1581 972 set
1597 907 1643 972 ad
1658 914 1802 988 tempus
1817 925 1860 973 ex

924 1029 1038 1079 cansa
1054 1013 1180 1094 eliqua
1193 1012 1358 1095 speciali.

480 1198 616 1270 Tenore
651 1200 865 1292 presentium
900 1213 1019 1294 pateat
1054 1204 1230 1274 universis
1256 1203 1352 1296 qnod
1379 1223 1443 1275 nos
1471 1203 1549 1272 talis
1576 1202 1642 1283 N.,
1674 1203 1860 1295 inquisitor

432 1295 588 1368 heretice
615 1297 818 1389 pravitatis,
847 1308 931 1387 etc,
958 1299 1178 1372 attendentes
1203 1300 1298 1391 quod
1324 1299 1401 1371 talis
1419 1300 1461 1370 N.
1485 1299 1530 1370 de
1552 1300 1611 1370 tali
1632 1299 1708 1371 loco
1725 1299 1858 1372 dudum

432 1414 496 1487 pro
523 1392 722 1466 commissis
741 1395 776 1464 iu
796 1395 943 1467 crimine
963 1397 1097 1468 heresis
1116 1397 1325 1469 immuratus
1345 1397 1474 1468 nostris
1493 1409 1528 1468 et
1544 1396 1698 1469 Ecclesia
1717 1397 1859 1469 bumili-

433 1501 486 1562 ter
506 1490 663 1583 parendo
683 1491 857 1566 mandatis
876 1515 938 1587 per
962 1515 1073 1565 annos
1092 1494 1228 1585 aliquot
1247 1516 1372 1589 penam
1392 1515 1454 1565 seu
1477 1495 1702 1588 penitentiam
1732 1495 1859 1566 immu-

433 1588 580 1658 rationis
606 1589 774 1659 sustinuit
794 1591 994 1684 pacienter,
1016 1593 1100 1662 moti
1123 1592 1252 1662 intnitn
1272 1593 1411 1686 pietatis
1432 1603 1467 1662 et
1490 1591 1715 1663 miseratione
1738 1593 1860 1664 uxoris

431 1705 495 1755 sne
515 1696 550 1756 et
570 1684 757 1757 liberorum
779 1709 922 1758 suornm
944 1689 1233 1778 mendicantium,
1251 1701 1290 1758 ut
1306 1711 1367 1762 eos
1385 1688 1501 1760 valeat
1515 1689 1668 1780 dirigere
1686 1700 1721 1761 et
1732 1691 1860 1781 juvare

431 1777 473 1878 [p
494 1780 542 1854 29
564 1779 601 1880 d]
621 1781 689 1874 (uel
712 1783 763 1855 sic
783 1809 794 1852 :
815 1806 950 1856 necnon
978 1797 1147 1879 qnantum
1176 1787 1211 1856 in
1235 1787 1313 1880 ipsu
1337 1787 1402 1857 fuit
1428 1785 1651 1856 laudabiliter
1673 1807 1713 1858 se
1735 1787 1858 1858 habuit

429 1879 465 1949 in
495 1879 561 1951 hoc
586 1881 699 1972 quod,
722 1881 805 1954 dum
826 1883 968 1976 quidam
989 1885 1165 1954 immnrati
1192 1906 1253 1956 seu
1275 1885 1310 1954 in
1340 1905 1440 1954 muro
1465 1883 1597 1954 detenti
1622 1882 1667 1953 de
1686 1897 1788 1956 nocte
1813 1885 1858 1955 ab

428 1976 507 2070 ipso
525 1998 625 2048 mnrn
644 1979 813 2071 aufugere
832 1989 1093 2073 attemptarent,
1116 1980 1192 2075 ipse
1211 1982 1290 2053 talis
1310 1981 1352 2053 N.
1373 1981 1440 2052 hoc
1461 1992 1625 2074 percepto
1642 1982 1807 2053 clamavit
1824 1993 1859 2052 et

427 2074 592 2146 custodes
622 2078 712 2146 muri
742 2078 928 2165 excitavit,
950 2099 996 2149 ex
1023 2100 1094 2171 quo
1116 2080 1257 2150 luerunt
1277 2081 1337 2172 qui
1363 2078 1580 2171 temptabant
1602 2079 1770 2171 aufugere
1794 2078 1857 2149 de-

428 2171 593 2267 prehensi
622 2184 656 2245 et
685 2175 837 2245 totaliter
852 2175 1052 2269 impediti),
1074 2175 1120 2246 ob
1143 2198 1248 2269 quam
1267 2197 1408 2249 cansam
1427 2176 1588 2246 volentes
1607 2175 1722 2246 eidem
1744 2176 1858 2246 facere

428 2270 575 2362 gratiam
599 2271 808 2364 specialem,
838 2273 952 2365 ipsum
976 2272 1021 2344 de
1046 2295 1147 2345 muro
1174 2274 1218 2345 ad
1247 2286 1384 2368 tempus
1408 2273 1576 2343 duximus
1602 2273 1852 2358 relaxandum,

428 2367 590 2438 volentes
621 2383 656 2439 et
681 2370 888 2440 mandantes
913 2369 1028 2441 eidem
1057 2371 1125 2443 sub
1153 2372 1283 2443 virtute
1314 2370 1448 2465 prestiti
1473 2370 1663 2461 juramenti
1690 2371 1785 2463 quod
1811 2372 1857 2441 ad

430 2463 561 2534 dictum
583 2487 720 2535 murum
744 2467 864 2538 redeat
882 2467 972 2538 sicut
991 2468 1108 2562 prius,
1131 2479 1287 2560 tempore
1310 2489 1381 2561 quo
1405 2468 1555 2559 primum
1579 2469 1760 2559 continget
1784 2489 1858 2539 ser·

430 2582 571 2633 munem
593 2563 837 2654 inquisitorum
857 2561 932 2635 fieri
952 2565 1152 2656 generalem
1169 2566 1205 2635 in
1224 2566 1381 2660 partibus
1395 2564 1615 2652 Tholosanis,
1628 2565 1664 2635 in
1681 2585 1752 2657 quo
1768 2563 1857 2635 fiunt

428 2660 540 2751 gratie
559 2671 593 2732 et
613 2661 805 2753 penitentie
824 2661 1075 2753 injunguntur,
1097 2662 1227 2735 ibidem
1248 2663 1464 2735 voluntatem
1485 2675 1521 2734 et
1539 2662 1797 2734 ordinationem
1815 2682 1857 2733 ac

429 2758 594 2828 mandata
623 2757 780 2852 ipsorum
809 2759 1054 2851 inquisitorum
1073 2760 1258 2832 auditurus
1277 2772 1312 2832 et
1330 2760 1567 2853 completurus
1586 2770 1622 2830 et
1638 2759 1807 2851 gratiam,
1825 2759 1856 2830 si

430 2863 465 2924 et
489 2876 594 2947 quam
620 2854 734 2926 eidem
760 2857 874 2928 facere
896 2857 1093 2946 voluerint,
1114 2869 1330 2951 recepturus.
1353 2858 1495 2927 lnterim
1515 2877 1601 2929 vero
1625 2857 1743 2929 medio
1767 2866 1856 2929 tem·

428 2972 514 3045 pore
539 2961 654 3045 portet
675 2953 814 3045 signum
842 2954 991 3025 martelli
1016 2955 1061 3027 de
1085 2954 1177 3027 filtro
1199 2955 1312 3028 crocei
1336 2955 1464 3027 coloris
1487 2963 1569 3025 aute
1593 2953 1628 3024 in
1648 2965 1791 3048 pectore
1821 2964 1857 3026 et

427 3058 523 3120 retro
545 3049 637 3120 inter
660 3050 821 3144 scapulas
844 3051 880 3120 in
900 3061 999 3123 veste
1018 3053 1208 3145 superiori,
1234 3054 1269 3123 iu
1294 3053 1433 3144 signum
1454 3067 1489 3122 et
1507 3052 1745 3122 testimonium
1760 3051 1856 3144 quod

429 3144 546 3217 adhuc
564 3157 618 3217 est
637 3146 682 3218 de
706 3169 828 3234 muro,
849 3148 926 3219 sine
947 3170 1019 3241 quo
1044 3151 1133 3221 intra
1159 3151 1215 3220 vel
1239 3162 1339 3221 extra
1367 3149 1510 3221 domum
1535 3148 1756 3241 aliquatenus
1785 3170 1855 3221 non

429 3242 581 3315 incedat.
604 3244 689 3315 ltem
706 3245 826 3317 visitet
842 3245 991 3338 singulis
1009 3247 1110 3318 annis
1129 3248 1312 3319 ecclesiam
1331 3247 1448 3318 Sancti
1467 3245 1634 3339 Stephani
1650 3246 1799 3318 Tholose
1819 3246 1855 3316 in

429 3340 519 3413 festo
535 3341 752 3414 luventionis
766 3342 939 3435 ejusdem,
952 3353 988 3415 et
1004 3343 1187 3416 ecclesiam
1201 3344 1317 3417 Sancti
1332 3343 1510 3416 Saturnini
1525 3344 1560 3413 in
1576 3343 1853 3434 octabaPasehe,

429 3438 643 3531 missamque
663 3440 916 3533 parrochialem
933 3451 967 3512 et
983 3462 1203 3530 sermonem,
1224 3443 1253 3513 si
1269 3441 1329 3513 fiat
1344 3441 1490 3526 ibidem,
1512 3440 1634 3511 audiat
1649 3441 1852 3533 utrobique;

429 3535 639 3608 confiteatur
666 3539 812 3630 insuper
844 3548 983 3631 peccata
1014 3559 1078 3610 sua
1108 3550 1161 3610 ter
1191 3541 1225 3610 in
1251 3561 1366 3628 anno,
1393 3552 1474 3610 ante
1496 3537 1638 3626 Natale,
1664 3538 1793 3609 Pascha
1819 3550 1856 3610 et

431 3627 472 3728 [f⁰
501 3633 546 3703 30
577 3629 612 3730 a]
643 3633 917 3722 Penthecosten,
943 3636 1039 3707 etin
1066 3637 1199 3708 eisdem
1227 3636 1476 3708 festivitatibus
1506 3635 1760 3725 communicet,
1788 3636 1855 3708 uisi

427 3730 637 3803 abstinuerit
651 3730 696 3802 de
712 3732 859 3803 consiliu
877 3733 1009 3826 proprii
1025 3733 1232 3807 sacerdotis.
1248 3733 1402 3827 Singulis
1419 3754 1507 3805 vern
1526 3733 1653 3804 diebus
1669 3732 1854 3805 dominicis

428 3838 463 3899 et
481 3827 616 3901 festivis
635 3828 776 3899 missam
798 3828 1048 3921 parrochialem
1069 3832 1190 3902 audiat
1203 3853 1249 3902 ex
1267 3833 1424 3925 integro,
1441 3841 1477 3901 et
1496 3851 1694 3902 sermonem
1713 3831 1774 3923 qui
1794 3829 1855 3904 fiet

427 3925 463 3995 in
488 3926 574 3998 locis
604 3925 640 3995 in
664 3925 793 4018 quibus
816 3928 936 4013 inerit,
960 3927 1026 3998 nisi
1053 3927 1208 4020 legitime
1234 3928 1352 3999 valeat
1376 3928 1553 4000 excusari.
1575 3929 1662 4000 Item
1687 3928 1733 3998 ab
1756 3929 1853 4000 omni

427 4042 534 4117 opere
558 4022 678 4095 servili
702 4023 877 4094 abstineat
899 4023 1025 4096 diebus
1049 4025 1233 4098 dominicis
1255 4035 1291 4097 et
1313 4026 1411 4097 festis
1431 4025 1603 4097 colendis.
1622 4026 1661 4096 ln
1681 4026 1782 4117 cujus
1801 4027 1852 4098 rei

427 4120 664 4192 testimonium
684 4121 799 4192 eidem
819 4121 1056 4194 concessimus
1081 4135 1261 4218 presentes
1284 4122 1418 4195 litteras
1436 4123 1552 4215 sigillo
1579 4133 1700 4196 nostro
1724 4123 1854 4217 sigilla·

427 4227 493 4289 tas.
513 4217 637 4287 Datum
658 4216 824 4305 Tholose‚
844 4228 912 4289 etc.

473 4313 615 4387 Poterit
631 4315 738 4385 etium
755 4337 862 4387 cartsu
881 4315 955 4387 atta
973 4317 1134 4409 conprimi
1142 4374 1151 4402 ,
1171 4318 1204 4387 si
1220 4317 1341 4413 alr'quu
1358 4317 1490 4413 suerit,
1511 4318 1576 4390 tati
1592 4316 1719 4388 modo:

474 4412 608 4484 Tennre
634 4414 848 4506 presentium
877 4424 997 4485 notum
1025 4413 1085 4486 fiat
1115 4415 1210 4507 quod
1243 4437 1308 4487 nos
1342 4416 1527 4508 inquisitor
1553 4416 1651 4503 talis,
1682 4415 1766 4486 moti
1800 4415 1851 4485 in·

425 4509 515 4579 tnitn
542 4509 702 4604 pietatis,
725 4511 828 4581 talem
855 4511 897 4581 N.
919 4513 1142 4583 immuratum
1171 4512 1215 4583 de
1246 4515 1305 4584 tali
1328 4513 1405 4585 locu
1428 4512 1666 4584 relaxavimus
1685 4512 1731 4586 de
1749 4534 1852 4585 muro

424 4606 598 4698 usquead
617 4618 754 4702 tempus
772 4607 985 4702 beneplaciti
1006 4611 1113 4682 nostri
1135 4609 1191 4681 vel
1212 4624 1410 4682 nostrorum
1430 4611 1464 4681 in
1481 4610 1719 4702 inquisitionis
1734 4608 1851 4682 officio

423 4724 689 4798 successorum,
721 4705 944 4779 miseratione
972 4708 1095 4779 uxoris
1124 4720 1159 4779 et
1186 4707 1376 4780 liberorum
1411 4729 1554 4780 snorum
1591 4729 1782 4802 pauperum
1815 4717 1851 4778 et

424 4800 712 4892 mendicantium,
728 4813 766 4872 nt
782 4803 877 4897 ipsos
895 4804 1014 4876 valeat
1034 4805 1186 4897 dirigere
1202 4818 1237 4875 et
1251 4805 1380 4896 juvare
1396 4803 1471 4900 (vel
1484 4805 1535 4878 sic
1549 4830 1560 4874 :
1578 4806 1706 4876 intuitu
1726 4816 1762 4875 et
1781 4825 1852 4875 res·

423 4908 526 4992 pectu
544 4896 695 4969 filiarum
712 4921 877 4990 suarum,
896 4913 934 4972 ut
952 4922 1012 4975 eas
1032 4902 1169 4974 facilins
1189 4903 1305 4974 valeat
1325 4905 1509 4994 maritare,
1531 4913 1567 4974 et
1587 4902 1638 4975 sio
1657 4903 1703 4974 de
1721 4901 1848 4974 simili·

421 4994 508 5085 bus,
530 5005 618 5085 etc,
639 4995 831 5092 utsupra).
