4612 6404
437 619 508 689 538
1092 633 1209 684 mnan.

433 762 478 818 23.
501 761 623 828 Quando
639 779 705 817 vero
725 762 880 817 defunctus
900 762 986 816 fuerit
1007 761 1182 816 hereticatus
1201 761 1250 830 qui
1265 767 1350 815 antea
1371 760 1525 815 confessus
1546 761 1639 815 fuerat
1657 759 1692 815 de
1707 760 1784 816 facto

545 834 657 888 heresis
672 835 717 887 vel
731 836 816 888 etiam
832 833 946 904 quando
961 849 1017 886 non
1032 832 1118 887 fuerit
1134 833 1320 895 hereticatus‚
1338 840 1382 886 set
1398 838 1462 903 post
1477 832 1637 902 abJuratam
1657 831 1785 886 heresim

542 904 719 959 commiserit
732 905 760 958 in
777 904 876 959 eadem
892 903 976 958 modo
992 904 1205 975 infrascripto,
1229 903 1385 974 perstringi
1405 904 1509 974 poterit
1524 905 1553 957 in
1567 903 1663 958 littera
1676 905 1784 958 citato-

543 976 583 1029 ria
599 977 682 1046 culpa
695 978 779 1045 ejus;
801 976 836 1029 de
852 976 963 1046 relapso
984 983 1012 1029 et
1026 975 1182 1029 hereticam
1202 975 1289 1029 simul
1306 975 1417 1029 dicatur·
1433 975 1475 1028 sie
1482 1014 1739 1028 ........

433 1047 479 1103 al.
502 1044 605 1100 Forma
620 1047 746 1100 secunde
767 1046 911 1101 citationis
925 1046 1039 1116 quando
1056 1046 1151 1101 nullus
1166 1046 1359 1116 comparuerit
1375 1046 1465 1116 prima
1479 1047 1558 1115 vice,
1574 1045 1599 1099 si
1617 1045 1783 1116 inquisitori

543 1120 636 1171 visum
657 1117 743 1172 fuerit
758 1119 882 1189 amplius
897 1117 1026 1171 facienda
1031 1154 1779 1171 .....................
1840 1130 1859 1171 2

435 1189 480 1244 25.
502 1188 604 1243 Forma
625 1190 731 1242 citandi
756 1199 845 1244 testes
866 1190 1028 1243 nominatos
1051 1190 1079 1242 in
1095 1204 1183 1242 causa
1198 1188 1377 1242 defensionis
1397 1188 1522 1258 alicujus
1541 1187 1669 1242 defuncti
1683 1204 1783 1243 eoram

542 1261 712 1329 inquisitore
718 1298 1775 1314 ...............................

435 1331 479 1386 26.
500 1328 604 1384 Forma
618 1332 672 1384 alia
688 1332 822 1402 specialis
845 1333 872 1385 in
890 1331 974 1384 niodo
1000 1330 1134 1399 loquendi
1153 1329 1189 1384 ad
1213 1329 1359 1384 citandum
1378 1329 1503 1398 aliquem
1526 1330 1704 1412 capellanum
1727 1348 1782 1385 seu

540 1402 719 1456 sacerdotem
735 1403 761 1456 in
777 1419 865 1457 cansa
880 1402 1057 1457 defensionis
1071 1403 1194 1471 alicujus
1209 1401 1337 1455 defuncti
1353 1417 1449 1455 eoram
1466 1402 1667 1472 inquisitore..
1697 1442 1702 1453 .
1733 1443 1738 1454 .
1768 1442 1775 1454 .

434 1472 478 1527 27.
499 1472 602 1526 Forma
617 1475 745 1528 secunde
759 1475 919 1535 citationis,
936 1475 962 1527 si
979 1490 1035 1527 nen
1049 1474 1242 1543 comparuerit
1262 1472 1351 1543 prima
1367 1474 1429 1525 vice
1433 1511 1777 1526 ...........

433 1542 477 1597 28.
499 1541 603 1597 Foruna
617 1545 724 1615 citandi
740 1546 845 1599 liberos
866 1552 895 1599 et
911 1544 1031 1598 heredes
1053 1561 1106 1598 sen
1124 1545 1263 1597 bonorum
1280 1543 1444 1597 detentores
1460 1544 1584 1612 alicujus
1599 1543 1728 1598 defuncti
1743 1543 1781 1597 de

537 1630 595 1684 quo
613 1616 860 1685 pronunciandum
877 1625 921 1669 est
937 1615 972 1668 de
984 1618 1050 1684 jure
1067 1616 1161 1685 ipsum
1181 1616 1251 1675 fore,
1268 1615 1294 1668 si
1309 1616 1428 1679 viveret,
1446 1614 1649 1668 inmorandum
1665 1624 1780 1686 propter

539 1687 613 1739 bona
635 1688 678 1739 vel
695 1696 831 1756 tanquam
855 1688 997 1757 relapsum
1022 1688 1051 1741 in
1078 1686 1200 1739 heresim
1218 1686 1341 1740 seculari
1359 1684 1467 1754 Juditio
1491 1685 1730 1756 relinquendum,
1748 1693 1780 1739 ut

539 1766 617 1811 certa
631 1758 676 1810 die
692 1765 720 1811 et
739 1760 802 1811 loco
819 1758 985 1818 veniant..si
1002 1758 1152 1817 voluerint.
1170 1757 1345 1810 diffinitivam
1362 1759 1534 1810 sententiam
1550 1756 1701 1812 audituri..
1731 1799 1736 1809 .
1766 1797 1773 1810 .

432 1827 476 1883 39.
498 1826 600 1881 Forma
622 1829 728 1883 citandi
743 1830 848 1882 liberos
870 1837 898 1881 et
914 1828 1035 1882 heredes
1054 1846 1088 1882 ac
1113 1830 1251 1882 honorum
1273 1827 1437 1882 detentores
1461 1827 1586 1897 alicujus
1608 1828 1735 1882 defuncti
1751 1829 1782 1882 in

540 1900 633 1953 heresi
656 1904 742 1970 cujus
765 1916 832 1954 ossa
846 1901 952 1954 fuerint
973 1899 1155 1953 exhumanda
1175 1909 1203 1953 et
1217 1899 1428 1960 comburenda,
1455 1906 1485 1953 ut
1504 1906 1582 1953 certa
1601 1898 1692 1953 dicet
1716 1900 1779 1953 loco

539 1972 671 2036 veniant,
690 1974 714 2024 si
731 1971 881 2038 voluerint,
898 1988 986 2042 super
1003 1972 1057 2024 hoc
1071 1971 1247 2024 diffinitivam
1264 1972 1437 2023 sententiam
1453 1970 1579 2024 audituri
1587 2010 1774 2024 ......

434 2042 477 2098 30.
499 2040 603 2095 Forma
617 2042 652 2095 arl
667 2043 813 2096 citandum
832 2050 862 2096 ut
878 2045 993 2096 veniant
1007 2041 1042 2095 ad
1053 2058 1217 2095 sermonem
1234 2042 1419 2113 penitentiam
1437 2043 1581 2112 recepturi
1597 2043 1639 2095 rel
1662 2048 1782 2096 senten·

538 2114 606 2166 tiana
618 2113 744 2167 audituri
750 2150 1773 2166 ..............................

431 2184 473 2239 3¹.
496 2182 599 2238 Feraria
614 2186 647 2238 ad
662 2185 879 2239 convocandum
896 2184 1002 2255 peritos
1016 2184 1051 2237 ad
1067 2184 1220 2238 consilium
1241 2200 1291 2253 pro
1306 2184 1460 2253 agentibus
1475 2183 1504 2236 in
1520 2187 1663 2238 remotis..
1693 2224 1699 2236 .
1730 2224 1736 2235 .
1765 2223 1772 2238 .

433 2254 476 2310 32.
497 2255 601 2309 Forma
623 2257 677 2309 alia
701 2256 736 2308 ad
761 2256 978 2310 convocandum
1007 2257 1114 2323 peritos
1140 2265 1291 2326 presentes
1313 2254 1475 2325 specialiter
1502 2255 1529 2308 in
1559 2255 1653 2325 aliquo
1682 2254 1779 2310 studio

558 2328 663 2381 enerali
671 2364 1774 2380 ................................

433 2396 476 2452 33.
499 2343 601 2451 Εοξωει
616 2396 760 2452 scribendi
781 2398 879 2467 episco
901 2396 967 2450 ode
989 2399 1075 2466 quus
1099 2396 1208 2450 diocesi
1228 2397 1321 2467 alique
1337 2413 1461 2467 persone
1481 2398 1590 2451 fuerint
1611 2396 1781 2452 inmurande

539 2469 583 2521 vel
600 2469 720 2523 seculari
734 2467 840 2537 juditio
854 2415 1048 2537 relinquendo,
1065 2469 1090 2521 si
1106 2468 1227 2521 voluerit
1243 2468 1384 2522 interesse
1395 2467 1439 2521 vel
1453 2468 1577 2537 aliquem
1590 2468 1701 2522 mittere
1717 2469 1780 2522 loco

538 2540 594 2603 sui,
613 2541 657 2592 rel
673 2541 772 2593 saltem
789 2539 856 2593 dare
871 2539 1024 2593 consilium
1044 2556 1132 2608 super
1148 2540 1202 2592 illis
1210 2574 1775 2594 .................

435 2610 478 2666 34.
500 2609 604 2664 Forma
619 2611 673 2664 alia
686 2627 738 2665 sen
754 2611 857 2665 modus
872 2610 1017 2665 scribendi
1033 2613 1104 2665 satis
1119 2609 1294 2664 conveniens
1302 2612 1387 2679 Juxta
1402 2617 1531 2664 tenorem
1546 2610 1656 2665 novelle
1672 2610 1782 2665 consti·

540 2682 660 2736 tutionis
665 2718 1775 2736 ................................

435 2752 478 2808 35.
500 2752 530 2805 Si
548 2769 614 2806 vero
630 2754 773 2807 scribatur
789 2754 925 2823 capitulo,
942 2753 1011 2807 sede
1028 2760 1156 2815 tricante,
1174 2752 1316 2806 scribatur
1331 2753 1386 2806 hoc
1401 2751 1486 2806 modo
1494 2790 1777 2806 .........

435 2822 477 2878 36.
499 2822 603 2878 Forma
617 2826 671 2877 alia
686 2825 821 2895 specialis
836 2823 982 2878 scribendi
1000 2825 1138 2894 episcopo
1153 2824 1188 2876 de
1204 2827 1305 2877 eodem
1310 2861 1776 2878 ..............

433 2893 477 2948 37.
498 2894 603 2950 Forma
618 2897 752 2965 specialis
774 2896 918 2950 citationis
934 2911 1000 2948 cunr
1017 2895 1172 2948 monitione
1188 2895 1325 2948 canonica
1343 2895 1468 2964 plurium
1485 2911 1690 2964 personarum,
1713 2910 1781 2951 cum

538 2969 725 3037 expressione.
739 2974 788 3020 aut
803 2967 866 3020 sine
881 2967 1068 3036 expressione
1085 2966 1243 3033 nominum,
1259 2982 1315 3035 que
1331 2967 1358 3019 in
1375 2967 1469 3036 aliqua
1483 2967 1690 3021 communitate
1705 2982 1779 3020 oon-

538 3045 582 3091 tra
611 3038 807 3106 inquisitionis
831 3037 954 3091 officium
981 3037 1105 3091 heretice
1132 3037 1279 3107 pravitatis
1308 3039 1517 3091 commiserunt
1545 3039 1574 3091 in
1600 3038 1726 3091 favorem
1752 3044 1781 3092 ct

539 3108 736 3161 defensionem
757 3108 946 3177 singularium
971 3124 1158 3177 personarum
1181 3108 1366 3177 culpabilium
1387 3108 1421 3161 de
1444 3107 1564 3162 erimine
1577 3108 1717 3172 heresis,
1736 3109 1780 3163 rel

540 3179 610 3232 alias
625 3178 808 3248 impediendo
825 3179 1020 3248 inquisitionis
1035 3179 1159 3232 officium
1175 3195 1291 3249 quoquo
1306 3179 1390 3232 modo
1397 3217 1777 3232 ............

434 3249 477 3305 38.
500 3248 603 3304 Forma
617 3251 764 3303 sentencie
780 3249 1088 3304 excommunicationis
1104 3256 1202 3303 contra
1219 3266 1424 3320 personasque
1435 3251 1573 3304 canonice
1588 3257 1616 3304 et
1632 3251 1780 3320 perhemp-

539 3321 611 3376 torie
627 3322 712 3375 citatc
728 3320 801 3374 infra
815 3329 923 3375 certam
938 3320 1012 3375 diem
1027 3329 1227 3390 comparerent
1240 3337 1336 3374 coram
1353 3322 1524 3391 inquisitore
1534 3322 1569 3374 ad
1585 3320 1780 3375 confitendum

539 3400 596 3446 tam
613 3392 647 3445 de
672 3408 704 3445 se
718 3408 804 3461 quam
825 3391 860 3444 de
882 3390 946 3446 aliis
970 3407 1058 3462 super
1081 3391 1295 3462 impedimentis
1320 3391 1412 3446 officio
1434 3391 1630 3461 inquisitionis
1651 3392 1781 3463 prestitis

539 3464 695 3535 plenariam
710 3464 870 3525 veritatem,
888 3464 1005 3516 minime
1020 3470 1244 3533 comparuerunt
1262 3478 1315 3517 nec
1331 3479 1363 3518 se
1379 3464 1505 3534 legitime
1520 3469 1745 3518 excusaverunt.
1768 3500 1775 3514 .
1840 3470 1874 3516 'a

976 3685 1177 3746 SECUNDA
1201 3684 1323 3746 PARS.

432 3870 476 3926 Ds
490 3889 636 3927 nancrarrs
653 3890 679 3926 nr
694 3890 747 3926 unc
763 3890 850 3927 ranna
854 3910 1774 3927 ...........................
1837 3871 1873 3928 35

450 3944 476 3997 l.
495 3941 599 3997 Forma
615 3944 757 3998 relaxandi
774 3944 897 4014 aliquem
913 3943 930 3997 J
936 3944 1041 3998 odeum
1057 3944 1092 3997 de
1105 3961 1186 3998 muro
1201 3943 1235 3997 ad
1252 3959 1339 4014 quem
1354 3943 1447 3998 fuerat
1461 3959 1513 4015 pro
1528 3944 1696 3999 commissis
1708 3958 1779 3997 con-

538 4023 581 4068 tra
595 4014 680 4068 fidem
698 4032 748 4085 per
763 4017 936 4070 sententiam
952 4016 1120 4085 deputatus.
1159 4053 1771 4069 ..................
1834 4014 1871 4069 35

448 4085 475 4140 f.
497 4083 600 4140 Forma
615 4087 707 4140 littere
723 4087 924 4141 testimonialia
938 4085 974 4139 de
988 4087 1162 4140 amovitione
1176 4103 1228 4139 sen
1244 4084 1423 4157 depositione
1438 4101 1559 4142 crucum
1575 4087 1648 4141 facta
1664 4085 1779 4156 publice

538 4158 566 4211 in
589 4172 736 4211 sermone.
1835 4154 1871 4210 36

450 4226 476 4283 3.
496 4226 600 4282 Forma
614 4228 707 4282 littere
724 4229 924 4284 testimonialis
939 4228 974 4281 ‹le
989 4227 1141 4281 eductione
1157 4228 1230 4282 muri
1246 4228 1273 4282 in
1285 4243 1418 4282 sermone
1428 4227 1544 4299 publico
1560 4244 1626 4283 oum
1642 4227 1779 4282 crucibus

538 4305 567 4352 et
585 4300 864 4368 peregrinationibus
879 4308 907 4353 et
921 4299 985 4353 aliis
1001 4300 1184 4368 generalibus
1191 4336 1771 4353 .................
1834 4296 1869 4352 37

450 4371 476 4424 l.
498 4368 602 4424 Forma
627 4371 771 4424 relaxandi
795 4372 919 4440 aliquem
945 4368 963 4422 J
968 4369 1072 4423 odeum
1092 4370 1127 4424 de
1148 4386 1230 4424 muro
1253 4369 1287 4423 ad
1310 4385 1395 4440 quem
1420 4369 1513 4424 fuerat
1536 4386 1588 4441 pro
1613 4368 1779 4425 commissis

537 4448 637 4496 eontra
651 4441 736 4495 iidem
753 4459 803 4513 per
817 4443 988 4496 sententiam
1006 4442 1160 4512 deputatus
1164 4479 1773 4494 ..................
1836 4438 1873 4495 39

450 4514 474 4568 5.
498 4511 602 4567 Forma
618 4514 711 4566 littere
726 4513 761 4566 de
778 4514 933 4585 penitentia
947 4512 1096 4567 arbitraria
1111 4514 1139 4566 in
1156 4527 1289 4565 sermone
1301 4512 1416 4583 publico
1431 4512 1566 4581 imposita
1581 4528 1633 4566 seu
1650 4513 1779 4580 inJuneta

539 4585 574 4637 de
590 4585 870 4654 peregrinationibus
882 4583 1021 4637 faciendis
1036 4585 1098 4637 sive
1115 4583 1252 4637 crucibus
1268 4582 1415 4653 portandis
1421 4620 1774 4636 ...........
1835 4579 1873 4636 lo

449 4653 475 4709 6.
498 4653 601 4710 Fnrma
618 4655 710 4710 littere
726 4655 773 4708 tali
793 4655 828 4708 de
843 4655 1000 4724 penitentia
1015 4654 1164 4709 arbitraria
1184 4655 1213 4707 in
1235 4654 1348 4724 publico
1370 4669 1504 4708 sermone
1527 4654 1660 4725 imposita
1682 4660 1711 4707 et
1731 4654 1777 4706 in·

536 4729 638 4797 juncta
653 4726 688 4781 de
706 4726 845 4781 crucibus
860 4726 1008 4797 portandis
1023 4731 1051 4779 et
1066 4725 1345 4796 peregrinationibus
1361 4732 1389 4779 et
1404 4724 1468 4779 aliis
1482 4724 1665 4794 generalibus
1680 4725 1780 4778 obser·
1836 4793 1873 4849 η

539 4798 640 4853 randis
644 4832 1773 4852 .................................

451 4870 477 4924 7.
498 4866 602 4922 Forma
621 4869 742 4937 quedam
766 4869 901 4940 specialis
926 4867 1092 4948 imponendi
1116 4866 1302 4936 penitentiam
1321 4866 1407 4921 alicui
1431 4873 1512 4920 extra
1538 4881 1700 4920 sermonem
1725 4880 1777 4935 pro

541 4938 637 4992 verbis
660 4939 784 4994 incautis
798 4948 828 4995 et
843 4942 1003 4994 temerariis
1019 4954 1075 5007 que
1091 4946 1191 4991 contra
1214 4952 1245 4990 se
1261 4938 1356 5007 ipsum
1372 4936 1417 4990 vel
1440 4943 1540 4991 contra
1554 4936 1642 4991 alium
1664 4936 1777 5007 publice

540 5011 667 5063 evomuit
681 5010 710 5062 in
725 5011 893 5065 scandalum
913 5010 1101 5078 plurimorum
1107 5045 1774 5062 ....................
1836 5006 1874 5062 ⁴3
