<?xml version="1.0" encoding="UTF-8"?>
<!DOCTYPE html PUBLIC "-//W3C//DTD XHTML 1.0 Transitional//EN"
    "http://www.w3.org/TR/xhtml1/DTD/xhtml1-transitional.dtd">
<html xmlns="http://www.w3.org/1999/xhtml" xml:lang="en" lang="en">
 <head>
  <title>
</title>
<meta http-equiv="Content-Type" content="text/html;charset=utf-8" />
  <meta name='ocr-system' content='tesseract 3.04.00' />
  <meta name='ocr-capabilities' content='ocr_page ocr_carea ocr_par ocr_line ocrx_word'/>
</head>
<body>
  <div class='ocr_page' id='page_1' title='image "./practicainquisi00douagoog_0205.png"; bbox 0 0 4612 6404; ppageno 0'>
   <div class='ocr_carea' id='block_1_1' title="bbox 431 665 1576 747">
    <p class='ocr_par' dir='ltr' id='par_1_1' title="bbox 431 665 1576 747">
     <span class='ocr_line' id='line_1_1' title="bbox 431 665 1576 747; baseline -0.003 -12"><span class='ocrx_word' id='word_1_1' title='bbox 431 665 501 735; x_wconf 73' lang='lat' dir='ltr'><strong>ata</strong></span> <span class='ocrx_word' id='word_1_2' title='bbox 719 679 881 735; x_wconf 80' lang='lat' dir='ltr'><strong>amonica</strong></span> <span class='ocrx_word' id='word_1_3' title='bbox 907 681 1148 747; x_wconf 81' lang='lat' dir='ltr'><strong>moorsrrronrs</strong></span> <span class='ocrx_word' id='word_1_4' title='bbox 1175 681 1337 733; x_wconf 78' lang='lat' dir='ltr'><strong>numrrcn</strong></span> <span class='ocrx_word' id='word_1_5' title='bbox 1362 679 1576 735; x_wconf 80' lang='lat' dir='ltr'><strong>rnavrrarrs.</strong></span> 
     </span>
    </p>
   </div>
   <div class='ocr_carea' id='block_1_2' title="bbox 332 836 1882 5133">
    <p class='ocr_par' dir='ltr' id='par_1_2' title="bbox 332 836 1882 3086">
     <span class='ocr_line' id='line_1_2' title="bbox 432 836 1864 930; baseline -0.004 -18"><span class='ocrx_word' id='word_1_6' title='bbox 432 854 485 912; x_wconf 89' lang='lat' dir='ltr'><strong>tes</strong></span> <span class='ocrx_word' id='word_1_7' title='bbox 521 839 716 930; x_wconf 75' lang='lat' dir='ltr'><strong>singulares</strong></span> <span class='ocrx_word' id='word_1_8' title='bbox 746 838 887 908; x_wconf 90' lang='lat' dir='ltr'><strong>suntin</strong></span> <span class='ocrx_word' id='word_1_9' title='bbox 917 838 1037 925; x_wconf 90' lang='lat' dir='ltr'><strong>dictis,</strong></span> <span class='ocrx_word' id='word_1_10' title='bbox 1070 838 1285 909; x_wconf 78' lang='lat' dir='ltr'><strong>concordant</strong></span> <span class='ocrx_word' id='word_1_11' title='bbox 1309 848 1425 908; x_wconf 88' lang='lat' dir='ltr'><strong>autem</strong></span> <span class='ocrx_word' id='word_1_12' title='bbox 1454 838 1489 906; x_wconf 96' lang='lat' dir='ltr'><strong>in</strong></span> <span class='ocrx_word' id='word_1_13' title='bbox 1523 837 1718 906; x_wconf 90' lang='lat' dir='ltr'><strong>substantia</strong></span> <span class='ocrx_word' id='word_1_14' title='bbox 1747 836 1803 906; x_wconf 90' lang='lat' dir='ltr'><strong>vel</strong></span> <span class='ocrx_word' id='word_1_15' title='bbox 1829 837 1864 906; x_wconf 93' lang='lat' dir='ltr'><strong>in</strong></span> 
     </span>
     <span class='ocr_line' id='line_1_3' title="bbox 431 933 1864 1029; baseline -0.004 -20"><span class='ocrx_word' id='word_1_16' title='bbox 431 937 549 1029; x_wconf 89' lang='lat' dir='ltr'><strong>specie</strong></span> <span class='ocrx_word' id='word_1_17' title='bbox 580 938 653 1022; x_wconf 92' lang='lat' dir='ltr'><strong>rei,</strong></span> <span class='ocrx_word' id='word_1_18' title='bbox 684 935 894 1026; x_wconf 74' lang='lat' dir='ltr'>relinquitur</span> <span class='ocrx_word' id='word_1_19' title='bbox 923 935 1168 1027; x_wconf 77' lang='lat' dir='ltr'><strong>inquisitorum</strong></span> <span class='ocrx_word' id='word_1_20' title='bbox 1197 936 1343 1006; x_wconf 91' lang='lat' dir='ltr'><strong>arbitrio</strong></span> <span class='ocrx_word' id='word_1_21' title='bbox 1372 945 1409 1004; x_wconf 88' lang='lat' dir='ltr'><strong>ut</strong></span> <span class='ocrx_word' id='word_1_22' title='bbox 1434 935 1463 1005; x_wconf 90' lang='lat' dir='ltr'><strong>si</strong></span> <span class='ocrx_word' id='word_1_23' title='bbox 1490 935 1570 1026; x_wconf 91' lang='lat' dir='ltr'><strong>quis</strong></span> <span class='ocrx_word' id='word_1_24' title='bbox 1597 934 1649 1005; x_wconf 88' lang='lat' dir='ltr'><strong>eis</strong></span> <span class='ocrx_word' id='word_1_25' title='bbox 1669 933 1864 1004; x_wconf 90' lang='lat' dir='ltr'><strong>secundum</strong></span> 
     </span>
     <span class='ocr_line' id='line_1_4' title="bbox 432 1026 1882 1129; baseline -0.003 -23"><span class='ocrx_word' id='word_1_26' title='bbox 432 1037 541 1106; x_wconf 90' lang='lat' dir='ltr'><strong>Deum</strong></span> <span class='ocrx_word' id='word_1_27' title='bbox 567 1034 748 1104; x_wconf 91' lang='lat' dir='ltr'><strong>videbitur</strong></span> <span class='ocrx_word' id='word_1_28' title='bbox 771 1033 822 1104; x_wconf 89' lang='lat' dir='ltr'><strong>sic</strong></span> <span class='ocrx_word' id='word_1_29' title='bbox 845 1034 1057 1126; x_wconf 92' lang='lat' dir='ltr'><strong>procedant,</strong></span> <span class='ocrx_word' id='word_1_30' title='bbox 1089 1035 1242 1104; x_wconf 81' lang='lat' dir='ltr'><strong>maxime</strong></span> <span class='ocrx_word' id='word_1_31' title='bbox 1262 1034 1291 1103; x_wconf 94' lang='lat' dir='ltr'><strong>si</strong></span> <span class='ocrx_word' id='word_1_32' title='bbox 1313 1034 1403 1104; x_wconf 92' lang='lat' dir='ltr'><strong>lama</strong></span> <span class='ocrx_word' id='word_1_33' title='bbox 1422 1033 1597 1103; x_wconf 90' lang='lat' dir='ltr'><strong>consentit</strong></span> <span class='ocrx_word' id='word_1_34' title='bbox 1619 1043 1654 1102; x_wconf 91' lang='lat' dir='ltr'><strong>et</strong></span> <span class='ocrx_word' id='word_1_35' title='bbox 1676 1026 1717 1127; x_wconf 75' lang='grc' dir='ltr'><strong>[ι’</strong></span> <span class='ocrx_word' id='word_1_36' title='bbox 1738 1031 1808 1100; x_wconf 86' lang='lat' dir='ltr'><strong>ll9</strong></span> <span class='ocrx_word' id='word_1_37' title='bbox 1827 1029 1882 1129; x_wconf 58' lang='lat' dir='ltr'><strong>bl,</strong></span> 
     </span>
     <span class='ocr_line' id='line_1_5' title="bbox 432 1130 1868 1228; baseline -0.003 -25"><span class='ocrx_word' id='word_1_38' title='bbox 432 1133 618 1228; x_wconf 76' lang='lat' dir='ltr'><strong>ydoneitns</strong></span> <span class='ocrx_word' id='word_1_39' title='bbox 642 1144 677 1202; x_wconf 90' lang='lat' dir='ltr'><strong>et</strong></span> <span class='ocrx_word' id='word_1_40' title='bbox 702 1130 791 1201; x_wconf 87' lang='lat' dir='ltr'><strong>fides</strong></span> <span class='ocrx_word' id='word_1_41' title='bbox 818 1132 1069 1223; x_wconf 76' lang='lat' dir='ltr'><strong>deponentium</strong></span> <span class='ocrx_word' id='word_1_42' title='bbox 1095 1143 1215 1202; x_wconf 90' lang='lat' dir='ltr'><strong>contra</strong></span> <span class='ocrx_word' id='word_1_43' title='bbox 1240 1142 1460 1202; x_wconf 85' lang='lat' dir='ltr'><strong>cumcontra</strong></span> <span class='ocrx_word' id='word_1_44' title='bbox 1488 1152 1594 1222; x_wconf 88' lang='lat' dir='ltr'><strong>quem</strong></span> <span class='ocrx_word' id='word_1_45' title='bbox 1621 1130 1726 1199; x_wconf 89' lang='lat' dir='ltr'><strong>luerit</strong></span> <span class='ocrx_word' id='word_1_46' title='bbox 1748 1131 1868 1220; x_wconf 92' lang='lat' dir='ltr'><strong>inqui-</strong></span> 
     </span>
     <span class='ocr_line' id='line_1_6' title="bbox 434 1224 1867 1301; baseline -0.003 0"><span class='ocrx_word' id='word_1_47' title='bbox 434 1230 597 1301; x_wconf 86' lang='lat' dir='ltr'><strong>rendum.</strong></span> <span class='ocrx_word' id='word_1_48' title='bbox 608 1268 653 1283; x_wconf 93' lang='lat'>-</span> <span class='ocrx_word' id='word_1_49' title='bbox 666 1229 703 1297; x_wconf 93' lang='lat' dir='ltr'><strong>lu</strong></span> <span class='ocrx_word' id='word_1_50' title='bbox 716 1230 1033 1300; x_wconf 79' lang='lat' dir='ltr'><strong>consultationibus</strong></span> <span class='ocrx_word' id='word_1_51' title='bbox 1045 1242 1159 1300; x_wconf 90' lang='lat' dir='ltr'><strong>tamen</strong></span> <span class='ocrx_word' id='word_1_52' title='bbox 1174 1229 1306 1300; x_wconf 87' lang='lat' dir='ltr'><strong>domini</strong></span> <span class='ocrx_word' id='word_1_53' title='bbox 1322 1228 1493 1299; x_wconf 91' lang='lat' dir='ltr'><strong>Gnidouis</strong></span> <span class='ocrx_word' id='word_1_54' title='bbox 1511 1228 1665 1298; x_wconf 90' lang='lat' dir='ltr'><strong>Fulcodii</strong></span> <span class='ocrx_word' id='word_1_55' title='bbox 1685 1229 1719 1297; x_wconf 91' lang='lat' dir='ltr'><strong>in</strong></span> <span class='ocrx_word' id='word_1_56' title='bbox 1731 1224 1867 1296; x_wconf 87' lang='lat' dir='ltr'><strong>finein-</strong></span> 
     </span>
     <span class='ocr_line' id='line_1_7' title="bbox 432 1326 1868 1421; baseline -0.003 -23"><span class='ocrx_word' id='word_1_57' title='bbox 432 1328 663 1421; x_wconf 91' lang='lat' dir='ltr'><strong>quisituribus</strong></span> <span class='ocrx_word' id='word_1_58' title='bbox 685 1328 798 1397; x_wconf 87' lang='lat' dir='ltr'><strong>taliter</strong></span> <span class='ocrx_word' id='word_1_59' title='bbox 817 1327 892 1419; x_wconf 88' lang='lat' dir='ltr'><strong>ipse</strong></span> <span class='ocrx_word' id='word_1_60' title='bbox 913 1327 1035 1396; x_wconf 80' lang='lat' dir='ltr'><strong>scribit</strong></span> <span class='ocrx_word' id='word_1_61' title='bbox 1056 1354 1063 1396; x_wconf 94' lang='lat'>:</span> <span class='ocrx_word' id='word_1_62' title='bbox 1088 1328 1125 1396; x_wconf 92' lang='lat' dir='ltr'><strong>ln</strong></span> <span class='ocrx_word' id='word_1_63' title='bbox 1147 1349 1283 1397; x_wconf 88' lang='lat' dir='ltr'><strong>summa</strong></span> <span class='ocrx_word' id='word_1_64' title='bbox 1308 1348 1396 1396; x_wconf 91' lang='lat' dir='ltr'><strong>vero</strong></span> <span class='ocrx_word' id='word_1_65' title='bbox 1412 1326 1756 1409; x_wconf 58' lang='lat' dir='ltr'><strong>,admonendus-vos</strong></span> <span class='ocrx_word' id='word_1_66' title='bbox 1774 1326 1868 1395; x_wconf 89' lang='lat' dir='ltr'><strong>arbi·</strong></span> 
     </span>
     <span class='ocr_line' id='line_1_8' title="bbox 403 1420 1871 1519; baseline -0.002 -23"><span class='ocrx_word' id='word_1_67' title='bbox 403 1439 521 1509; x_wconf 91' lang='lat' dir='ltr'><strong>·tror,</strong></span> <span class='ocrx_word' id='word_1_68' title='bbox 556 1426 722 1519; x_wconf 86' lang='lat' dir='ltr'><strong>quatinus</strong></span> <span class='ocrx_word' id='word_1_69' title='bbox 750 1437 825 1494; x_wconf 90' lang='lat' dir='ltr'><strong>acta</strong></span> <span class='ocrx_word' id='word_1_70' title='bbox 870 1425 1108 1516; x_wconf 88' lang='lat' dir='ltr'><strong>inquisitionis</strong></span> <span class='ocrx_word' id='word_1_71' title='bbox 1145 1425 1348 1516; x_wconf 89' lang='lat' dir='ltr'><strong>diligentius</strong></span> <span class='ocrx_word' id='word_1_72' title='bbox 1385 1423 1581 1511; x_wconf 74' lang='lat' dir='ltr'><strong>evolvatis&#39;3</strong></span> <span class='ocrx_word' id='word_1_73' title='bbox 1622 1435 1656 1492; x_wconf 91' lang='lat' dir='ltr'><strong>et</strong></span> <span class='ocrx_word' id='word_1_74' title='bbox 1693 1423 1724 1492; x_wconf 89' lang='lat' dir='ltr'><strong>si</strong></span> <span class='ocrx_word' id='word_1_75' title='bbox 1761 1420 1871 1494; x_wconf 83' lang='lat' dir='ltr'><strong>testes</strong></span> 
     </span>
     <span class='ocr_line' id='line_1_9' title="bbox 436 1520 1870 1616; baseline -0.003 -23"><span class='ocrx_word' id='word_1_76' title='bbox 436 1523 644 1593; x_wconf 89' lang='lat' dir='ltr'><strong>inveneritis</strong></span> <span class='ocrx_word' id='word_1_77' title='bbox 660 1524 806 1594; x_wconf 90' lang='lat' dir='ltr'><strong>conlnse</strong></span> <span class='ocrx_word' id='word_1_78' title='bbox 826 1522 1033 1616; x_wconf 86' lang='lat' dir='ltr'><strong>deposuisse</strong></span> <span class='ocrx_word' id='word_1_79' title='bbox 1050 1523 1146 1594; x_wconf 88' lang='lat' dir='ltr'><strong>etde</strong></span> <span class='ocrx_word' id='word_1_80' title='bbox 1164 1544 1267 1593; x_wconf 90' lang='lat' dir='ltr'><strong>causa</strong></span> <span class='ocrx_word' id='word_1_81' title='bbox 1288 1522 1440 1593; x_wconf 78' lang='lat' dir='ltr'><strong>sciencie</strong></span> <span class='ocrx_word' id='word_1_82' title='bbox 1460 1521 1576 1591; x_wconf 90' lang='lat' dir='ltr'><strong>miuus</strong></span> <span class='ocrx_word' id='word_1_83' title='bbox 1596 1520 1699 1614; x_wconf 87' lang='lat' dir='ltr'><strong>plene</strong></span> <span class='ocrx_word' id='word_1_84' title='bbox 1719 1520 1870 1611; x_wconf 89' lang='lat' dir='ltr'><strong>requisi·</strong></span> 
     </span>
     <span class='ocr_line' id='line_1_10' title="bbox 433 1619 1874 1713; baseline -0.002 -21"><span class='ocrx_word' id='word_1_85' title='bbox 433 1634 485 1692; x_wconf 91' lang='lat' dir='ltr'><strong>tos</strong></span> <span class='ocrx_word' id='word_1_86' title='bbox 506 1622 628 1713; x_wconf 89' lang='lat' dir='ltr'><strong>luisse,</strong></span> <span class='ocrx_word' id='word_1_87' title='bbox 645 1619 839 1713; x_wconf 77' lang='lat' dir='ltr'><strong>suppleatis</strong></span> <span class='ocrx_word' id='word_1_88' title='bbox 859 1621 1013 1691; x_wconf 92' lang='lat' dir='ltr'><strong>obmissa</strong></span> <span class='ocrx_word' id='word_1_89' title='bbox 1033 1634 1068 1692; x_wconf 89' lang='lat' dir='ltr'><strong>et</strong></span> <span class='ocrx_word' id='word_1_90' title='bbox 1088 1643 1148 1692; x_wconf 92' lang='lat' dir='ltr'><strong>eus</strong></span> <span class='ocrx_word' id='word_1_91' title='bbox 1168 1621 1213 1690; x_wconf 89' lang='lat' dir='ltr'><strong>dc</strong></span> <span class='ocrx_word' id='word_1_92' title='bbox 1232 1641 1337 1691; x_wconf 89' lang='lat' dir='ltr'><strong>causa</strong></span> <span class='ocrx_word' id='word_1_93' title='bbox 1358 1619 1510 1689; x_wconf 90' lang='lat' dir='ltr'><strong>sciencie</strong></span> <span class='ocrx_word' id='word_1_94' title='bbox 1525 1631 1560 1688; x_wconf 91' lang='lat' dir='ltr'><strong>et</strong></span> <span class='ocrx_word' id='word_1_95' title='bbox 1579 1619 1740 1689; x_wconf 84' lang='lat' dir='ltr'><strong>decanea</strong></span> <span class='ocrx_word' id='word_1_96' title='bbox 1762 1639 1874 1689; x_wconf 86' lang='lat' dir='ltr'><strong>cause</strong></span> 
     </span>
     <span class='ocr_line' id='line_1_11' title="bbox 434 1715 1870 1810; baseline -0.001 -22"><span class='ocrx_word' id='word_1_97' title='bbox 434 1719 493 1788; x_wconf 94' lang='lat' dir='ltr'><strong>ubi</strong></span> <span class='ocrx_word' id='word_1_98' title='bbox 515 1719 712 1788; x_wconf 91' lang='lat' dir='ltr'><strong>laciendum</strong></span> <span class='ocrx_word' id='word_1_99' title='bbox 735 1717 912 1787; x_wconf 90' lang='lat' dir='ltr'><strong>videbitur</strong></span> <span class='ocrx_word' id='word_1_100' title='bbox 928 1718 1078 1789; x_wconf 91' lang='lat' dir='ltr'><strong>sollicite</strong></span> <span class='ocrx_word' id='word_1_101' title='bbox 1097 1719 1298 1810; x_wconf 90' lang='lat' dir='ltr'><strong>requiratis,</strong></span> <span class='ocrx_word' id='word_1_102' title='bbox 1318 1715 1500 1809; x_wconf 86' lang='lat' dir='ltr'><strong>quodtieri</strong></span> <span class='ocrx_word' id='word_1_103' title='bbox 1517 1737 1634 1809; x_wconf 91' lang='lat' dir='ltr'><strong>posse,</strong></span> <span class='ocrx_word' id='word_1_104' title='bbox 1650 1715 1784 1785; x_wconf 90' lang='lat' dir='ltr'><strong>scilicet</strong></span> <span class='ocrx_word' id='word_1_105' title='bbox 1806 1719 1870 1786; x_wconf 89' lang='lat' dir='ltr'><strong>ite·</strong></span> 
     </span>
     <span class='ocr_line' id='line_1_12' title="bbox 431 1809 1872 1910; baseline -0.001 -25"><span class='ocrx_word' id='word_1_106' title='bbox 431 1817 499 1887; x_wconf 91' lang='lat' dir='ltr'><strong>rari</strong></span> <span class='ocrx_word' id='word_1_107' title='bbox 514 1817 653 1886; x_wconf 89' lang='lat' dir='ltr'><strong>testium</strong></span> <span class='ocrx_word' id='word_1_108' title='bbox 667 1817 959 1906; x_wconf 79' lang='lat' dir='ltr'><strong>interrogationes</strong></span> <span class='ocrx_word' id='word_1_109' title='bbox 972 1818 1160 1901; x_wconf 89' lang='lat' dir='ltr'><strong>obmissas,</strong></span> <span class='ocrx_word' id='word_1_110' title='bbox 1173 1816 1259 1886; x_wconf 89' lang='lat' dir='ltr'><strong>dicit</strong></span> <span class='ocrx_word' id='word_1_111' title='bbox 1269 1815 1456 1885; x_wconf 90' lang='lat' dir='ltr'><strong>decretalis</strong></span> <span class='ocrx_word' id='word_1_112' title='bbox 1467 1814 1512 1883; x_wconf 91' lang='lat' dir='ltr'><strong>de</strong></span> <span class='ocrx_word' id='word_1_113' title='bbox 1527 1814 1689 1899; x_wconf 91' lang='lat' dir='ltr'><strong>testibus,</strong></span> <span class='ocrx_word' id='word_1_114' title='bbox 1711 1809 1872 1910; x_wconf 60' lang='lat' dir='ltr'><strong>[affer</strong></span> 
     </span>
     <span class='ocr_line' id='line_1_13' title="bbox 431 1911 1867 2006; baseline -0.001 -24"><span class='ocrx_word' id='word_1_115' title='bbox 431 1914 815 1995; x_wconf 62' lang='lat' dir='ltr'><strong>lucs4atconcordatl.</strong></span> <span class='ocrx_word' id='word_1_116' title='bbox 830 1914 866 1983; x_wconf 84' lang='lat' dir='ltr'><strong>ll.</strong></span> <span class='ocrx_word' id='word_1_117' title='bbox 888 1915 1186 2006; x_wconf 87' lang='lat' dir='ltr'><strong>dequestiunibns</strong></span> <span class='ocrx_word' id='word_1_118' title='bbox 1208 1915 1339 2006; x_wconf 91' lang='lat' dir='ltr'><strong>repeti;</strong></span> <span class='ocrx_word' id='word_1_119' title='bbox 1360 1923 1395 1982; x_wconf 91' lang='lat' dir='ltr'><strong>et</strong></span> <span class='ocrx_word' id='word_1_120' title='bbox 1410 1912 1477 1983; x_wconf 89' lang='lat' dir='ltr'><strong>hoc</strong></span> <span class='ocrx_word' id='word_1_121' title='bbox 1492 1912 1571 1982; x_wconf 91' lang='lat' dir='ltr'><strong>dico</strong></span> <span class='ocrx_word' id='word_1_122' title='bbox 1592 1934 1671 1982; x_wconf 92' lang='lat' dir='ltr'><strong>cum</strong></span> <span class='ocrx_word' id='word_1_123' title='bbox 1698 1921 1796 1981; x_wconf 90' lang='lat' dir='ltr'><strong>tanta</strong></span> <span class='ocrx_word' id='word_1_124' title='bbox 1812 1911 1867 1980; x_wconf 90' lang='lat' dir='ltr'><strong>di·</strong></span> 
     </span>
     <span class='ocr_line' id='line_1_14' title="bbox 433 2009 1871 2103; baseline 0 -23"><span class='ocrx_word' id='word_1_125' title='bbox 433 2012 575 2102; x_wconf 89' lang='lat' dir='ltr'><strong>ligentia</strong></span> <span class='ocrx_word' id='word_1_126' title='bbox 592 2012 805 2098; x_wconf 90' lang='lat' dir='ltr'><strong>laciendum,</strong></span> <span class='ocrx_word' id='word_1_127' title='bbox 829 2013 911 2102; x_wconf 93' lang='lat' dir='ltr'><strong>quia</strong></span> <span class='ocrx_word' id='word_1_128' title='bbox 932 2013 1001 2082; x_wconf 88' lang='lat' dir='ltr'><strong>illis</strong></span> <span class='ocrx_word' id='word_1_129' title='bbox 1021 2024 1141 2082; x_wconf 92' lang='lat' dir='ltr'><strong>contra</strong></span> <span class='ocrx_word' id='word_1_130' title='bbox 1161 2033 1250 2103; x_wconf 93' lang='lat' dir='ltr'><strong>quos</strong></span> <span class='ocrx_word' id='word_1_131' title='bbox 1264 2010 1450 2102; x_wconf 91' lang='lat' dir='ltr'><strong>inquiritur</strong></span> <span class='ocrx_word' id='word_1_132' title='bbox 1470 2009 1686 2102; x_wconf 90' lang='lat' dir='ltr'><strong>precluditnr</strong></span> <span class='ocrx_word' id='word_1_133' title='bbox 1702 2030 1760 2079; x_wconf 88' lang='lat' dir='ltr'><strong>vra</strong></span> <span class='ocrx_word' id='word_1_134' title='bbox 1774 2010 1871 2099; x_wconf 84' lang='lat' dir='ltr'><strong>juris</strong></span> 
     </span>
     <span class='ocr_line' id='line_1_15' title="bbox 432 2105 1873 2200; baseline 0 -23"><span class='ocrx_word' id='word_1_135' title='bbox 432 2112 466 2178; x_wconf 91' lang='lat' dir='ltr'><strong>in</strong></span> <span class='ocrx_word' id='word_1_136' title='bbox 486 2109 613 2180; x_wconf 86' lang='lat' dir='ltr'><strong>noticia</strong></span> <span class='ocrx_word' id='word_1_137' title='bbox 636 2109 772 2179; x_wconf 89' lang='lat' dir='ltr'><strong>testium</strong></span> <span class='ocrx_word' id='word_1_138' title='bbox 794 2120 828 2178; x_wconf 92' lang='lat' dir='ltr'><strong>et</strong></span> <span class='ocrx_word' id='word_1_139' title='bbox 849 2110 1038 2181; x_wconf 86' lang='lat' dir='ltr'><strong>reddendis</strong></span> <span class='ocrx_word' id='word_1_140' title='bbox 1055 2109 1389 2200; x_wconf 82' lang='lat' dir='ltr'><strong>interrogationibus</strong></span> <span class='ocrx_word' id='word_1_141' title='bbox 1410 2121 1514 2200; x_wconf 92' lang='lat' dir='ltr'><strong>prout</strong></span> <span class='ocrx_word' id='word_1_142' title='bbox 1534 2109 1567 2176; x_wconf 94' lang='lat' dir='ltr'><strong>in</strong></span> <span class='ocrx_word' id='word_1_143' title='bbox 1587 2109 1664 2197; x_wconf 88' lang='lat' dir='ltr'><strong>jure</strong></span> <span class='ocrx_word' id='word_1_144' title='bbox 1686 2105 1764 2176; x_wconf 89' lang='lat' dir='ltr'><strong>lieri</strong></span> <span class='ocrx_word' id='word_1_145' title='bbox 1788 2129 1873 2177; x_wconf 88' lang='lat' dir='ltr'><strong>con·</strong></span> 
     </span>
     <span class='ocr_line' id='line_1_16' title="bbox 332 2204 1870 2301; baseline -0.002 -25"><span class='ocrx_word' id='word_1_146' title='bbox 332 2231 334 2236; x_wconf 92' lang='lat'><em>·</em></span> <span class='ocrx_word' id='word_1_147' title='bbox 432 2207 567 2293; x_wconf 90' lang='lat' dir='ltr'><strong>suevit;</strong></span> <span class='ocrx_word' id='word_1_148' title='bbox 590 2218 624 2276; x_wconf 91' lang='lat' dir='ltr'><strong>et</strong></span> <span class='ocrx_word' id='word_1_149' title='bbox 644 2219 775 2298; x_wconf 92' lang='lat' dir='ltr'><strong>quanto</strong></span> <span class='ocrx_word' id='word_1_150' title='bbox 796 2207 907 2297; x_wconf 89' lang='lat' dir='ltr'><strong>magis</strong></span> <span class='ocrx_word' id='word_1_151' title='bbox 929 2208 980 2277; x_wconf 90' lang='lat' dir='ltr'><strong>eis</strong></span> <span class='ocrx_word' id='word_1_152' title='bbox 1000 2211 1057 2278; x_wconf 89' lang='lat' dir='ltr'><strong>via</strong></span> <span class='ocrx_word' id='word_1_153' title='bbox 1079 2208 1307 2301; x_wconf 89' lang='lat' dir='ltr'><strong>precluditur‚</strong></span> <span class='ocrx_word' id='word_1_154' title='bbox 1331 2218 1427 2276; x_wconf 93' lang='lat' dir='ltr'><strong>tanto</strong></span> <span class='ocrx_word' id='word_1_155' title='bbox 1447 2205 1647 2275; x_wconf 90' lang='lat' dir='ltr'><strong>sollicitudo</strong></span> <span class='ocrx_word' id='word_1_156' title='bbox 1668 2204 1770 2275; x_wconf 93' lang='lat' dir='ltr'><strong>vobis</strong></span> <span class='ocrx_word' id='word_1_157' title='bbox 1793 2225 1870 2274; x_wconf 89' lang='lat' dir='ltr'><strong>ma-</strong></span> 
     </span>
     <span class='ocr_line' id='line_1_17' title="bbox 429 2302 1873 2396; baseline -0.002 -20"><span class='ocrx_word' id='word_1_158' title='bbox 429 2305 486 2395; x_wconf 91' lang='lat' dir='ltr'><strong>jor</strong></span> <span class='ocrx_word' id='word_1_159' title='bbox 507 2305 689 2390; x_wconf 88' lang='lat' dir='ltr'><strong>incumbit,</strong></span> <span class='ocrx_word' id='word_1_160' title='bbox 712 2304 802 2373; x_wconf 92' lang='lat' dir='ltr'><strong>adeo</strong></span> <span class='ocrx_word' id='word_1_161' title='bbox 822 2305 916 2396; x_wconf 92' lang='lat' dir='ltr'><strong>qnod</strong></span> <span class='ocrx_word' id='word_1_162' title='bbox 939 2305 984 2376; x_wconf 91' lang='lat' dir='ltr'><strong>de</strong></span> <span class='ocrx_word' id='word_1_163' title='bbox 1005 2306 1189 2375; x_wconf 89' lang='lat' dir='ltr'><strong>inimicicia</strong></span> <span class='ocrx_word' id='word_1_164' title='bbox 1214 2306 1351 2374; x_wconf 87' lang='lat' dir='ltr'><strong>testium</strong></span> <span class='ocrx_word' id='word_1_165' title='bbox 1374 2324 1511 2396; x_wconf 88' lang='lat' dir='ltr'><strong>pervus</strong></span> <span class='ocrx_word' id='word_1_166' title='bbox 1529 2303 1665 2373; x_wconf 90' lang='lat' dir='ltr'><strong>debetis</strong></span> <span class='ocrx_word' id='word_1_167' title='bbox 1686 2302 1873 2394; x_wconf 89' lang='lat' dir='ltr'><strong>inquirere</strong></span> 
     </span>
     <span class='ocr_line' id='line_1_18' title="bbox 431 2400 1873 2494; baseline -0.001 -22"><span class='ocrx_word' id='word_1_168' title='bbox 431 2423 510 2472; x_wconf 92' lang='lat' dir='ltr'><strong>cum</strong></span> <span class='ocrx_word' id='word_1_169' title='bbox 533 2424 601 2472; x_wconf 92' lang='lat' dir='ltr'><strong>uon</strong></span> <span class='ocrx_word' id='word_1_170' title='bbox 625 2402 759 2494; x_wconf 86' lang='lat' dir='ltr'><strong>possint</strong></span> <span class='ocrx_word' id='word_1_171' title='bbox 780 2403 838 2470; x_wconf 92' lang='lat' dir='ltr'><strong>alii</strong></span> <span class='ocrx_word' id='word_1_172' title='bbox 867 2403 1042 2486; x_wconf 89' lang='lat' dir='ltr'><strong>divinare,</strong></span> <span class='ocrx_word' id='word_1_173' title='bbox 1068 2414 1103 2472; x_wconf 91' lang='lat' dir='ltr'><strong>et</strong></span> <span class='ocrx_word' id='word_1_174' title='bbox 1123 2404 1191 2472; x_wconf 92' lang='lat' dir='ltr'><strong>uisi</strong></span> <span class='ocrx_word' id='word_1_175' title='bbox 1211 2413 1318 2472; x_wconf 91' lang='lat' dir='ltr'><strong>testes</strong></span> <span class='ocrx_word' id='word_1_176' title='bbox 1342 2402 1444 2494; x_wconf 90' lang='lat' dir='ltr'><strong>plene</strong></span> <span class='ocrx_word' id='word_1_177' title='bbox 1465 2414 1499 2471; x_wconf 92' lang='lat' dir='ltr'><strong>et</strong></span> <span class='ocrx_word' id='word_1_178' title='bbox 1521 2401 1624 2494; x_wconf 90' lang='lat' dir='ltr'><strong>plane</strong></span> <span class='ocrx_word' id='word_1_179' title='bbox 1646 2402 1679 2469; x_wconf 91' lang='lat' dir='ltr'><strong>in</strong></span> <span class='ocrx_word' id='word_1_180' title='bbox 1698 2400 1873 2471; x_wconf 92' lang='lat' dir='ltr'><strong>omnibns</strong></span> 
     </span>
     <span class='ocr_line' id='line_1_19' title="bbox 433 2498 1873 2592; baseline -0.002 -23"><span class='ocrx_word' id='word_1_181' title='bbox 433 2499 743 2581; x_wconf 85' lang='lat' dir='ltr'><strong>concordaverint,</strong></span> <span class='ocrx_word' id='word_1_182' title='bbox 766 2499 891 2568; x_wconf 88' lang='lat' dir='ltr'><strong>melius</strong></span> <span class='ocrx_word' id='word_1_183' title='bbox 909 2512 963 2570; x_wconf 91' lang='lat' dir='ltr'><strong>est</strong></span> <span class='ocrx_word' id='word_1_184' title='bbox 982 2501 1083 2571; x_wconf 91' lang='lat' dir='ltr'><strong>vobis</strong></span> <span class='ocrx_word' id='word_1_185' title='bbox 1102 2502 1345 2592; x_wconf 89' lang='lat' dir='ltr'><strong>purgationem</strong></span> <span class='ocrx_word' id='word_1_186' title='bbox 1364 2498 1533 2586; x_wconf 88' lang='lat' dir='ltr'><strong>indicere,</strong></span> <span class='ocrx_word' id='word_1_187' title='bbox 1552 2499 1606 2569; x_wconf 91' lang='lat' dir='ltr'><strong>vel</strong></span> <span class='ocrx_word' id='word_1_188' title='bbox 1625 2498 1770 2568; x_wconf 89' lang='lat' dir='ltr'><strong>dillerre</strong></span> <span class='ocrx_word' id='word_1_189' title='bbox 1789 2519 1873 2568; x_wconf 89' lang='lat' dir='ltr'><strong>sen-</strong></span> 
     </span>
     <span class='ocr_line' id='line_1_20' title="bbox 434 2596 1874 2690; baseline 0.001 -23"><span class='ocrx_word' id='word_1_190' title='bbox 434 2598 576 2668; x_wconf 88' lang='lat' dir='ltr'><strong>tentiam</strong></span> <span class='ocrx_word' id='word_1_191' title='bbox 598 2619 701 2688; x_wconf 90' lang='lat' dir='ltr'><strong>quam</strong></span> <span class='ocrx_word' id='word_1_192' title='bbox 723 2599 930 2690; x_wconf 91' lang='lat' dir='ltr'><strong>dampnare,</strong></span> <span class='ocrx_word' id='word_1_193' title='bbox 951 2599 1040 2669; x_wconf 90' lang='lat' dir='ltr'><strong>adeo</strong></span> <span class='ocrx_word' id='word_1_194' title='bbox 1059 2599 1141 2690; x_wconf 90' lang='lat' dir='ltr'><strong>quia</strong></span> <span class='ocrx_word' id='word_1_195' title='bbox 1163 2620 1231 2668; x_wconf 94' lang='lat' dir='ltr'><strong>non</strong></span> <span class='ocrx_word' id='word_1_196' title='bbox 1251 2599 1431 2668; x_wconf 90' lang='lat' dir='ltr'><strong>crederem</strong></span> <span class='ocrx_word' id='word_1_197' title='bbox 1444 2596 1612 2666; x_wconf 90' lang='lat' dir='ltr'><strong>tutumad</strong></span> <span class='ocrx_word' id='word_1_198' title='bbox 1635 2617 1757 2667; x_wconf 90' lang='lat' dir='ltr'><strong>vocem</strong></span> <span class='ocrx_word' id='word_1_199' title='bbox 1778 2597 1874 2668; x_wconf 89' lang='lat' dir='ltr'><strong>duu-</strong></span> 
     </span>
     <span class='ocr_line' id='line_1_21' title="bbox 432 2693 1873 2789; baseline 0 -25"><span class='ocrx_word' id='word_1_200' title='bbox 432 2717 510 2765; x_wconf 92' lang='lat' dir='ltr'><strong>rum</strong></span> <span class='ocrx_word' id='word_1_201' title='bbox 530 2696 670 2765; x_wconf 90' lang='lat' dir='ltr'><strong>testium</strong></span> <span class='ocrx_word' id='word_1_202' title='bbox 691 2693 867 2765; x_wconf 90' lang='lat' dir='ltr'><strong>bominem</strong></span> <span class='ocrx_word' id='word_1_203' title='bbox 889 2697 981 2766; x_wconf 92' lang='lat' dir='ltr'><strong>boue</strong></span> <span class='ocrx_word' id='word_1_204' title='bbox 1001 2695 1178 2788; x_wconf 90' lang='lat' dir='ltr'><strong>opinionis</strong></span> <span class='ocrx_word' id='word_1_205' title='bbox 1198 2696 1410 2789; x_wconf 88' lang='lat' dir='ltr'><strong>dampnare,</strong></span> <span class='ocrx_word' id='word_1_206' title='bbox 1433 2695 1514 2764; x_wconf 88' lang='lat' dir='ltr'><strong>licet</strong></span> <span class='ocrx_word' id='word_1_207' title='bbox 1532 2694 1651 2762; x_wconf 81' lang='lat' dir='ltr'><strong>videat</strong></span> <span class='ocrx_word' id='word_1_208' title='bbox 1670 2704 1792 2763; x_wconf 91' lang='lat' dir='ltr'><strong>contra</strong></span> <span class='ocrx_word' id='word_1_209' title='bbox 1811 2694 1873 2784; x_wconf 79' lang='lat' dir='ltr'><strong>Jus</strong></span> 
     </span>
     <span class='ocr_line' id='line_1_22' title="bbox 433 2788 1873 2890; baseline 0 -27"><span class='ocrx_word' id='word_1_210' title='bbox 433 2793 563 2879; x_wconf 87' lang='lat' dir='ltr'><strong>dicere,</strong></span> <span class='ocrx_word' id='word_1_211' title='bbox 576 2793 656 2884; x_wconf 93' lang='lat' dir='ltr'><strong>quia</strong></span> <span class='ocrx_word' id='word_1_212' title='bbox 674 2793 731 2861; x_wconf 94' lang='lat' dir='ltr'><strong>ubi</strong></span> <span class='ocrx_word' id='word_1_213' title='bbox 743 2793 1056 2864; x_wconf 92' lang='lat' dir='ltr'><strong>nnmerustestinm</strong></span> <span class='ocrx_word' id='word_1_214' title='bbox 1070 2788 1346 2890; x_wconf 63' lang='lat' dir='ltr'><strong>[noulexigitnq</strong></span> <span class='ocrx_word' id='word_1_215' title='bbox 1357 2791 1634 2875; x_wconf 87' lang='lat' dir='ltr'><strong>duusulficiuot;</strong></span> <span class='ocrx_word' id='word_1_216' title='bbox 1645 2790 1873 2863; x_wconf 90' lang='lat' dir='ltr'><strong>sethucidco</strong></span> 
     </span>
     <span class='ocr_line' id='line_1_23' title="bbox 432 2889 1874 2982; baseline 0.001 -22"><span class='ocrx_word' id='word_1_217' title='bbox 432 2893 512 2961; x_wconf 87' lang='lat' dir='ltr'><strong>dico</strong></span> <span class='ocrx_word' id='word_1_218' title='bbox 536 2894 618 2982; x_wconf 91' lang='lat' dir='ltr'><strong>qnia</strong></span> <span class='ocrx_word' id='word_1_219' title='bbox 646 2890 735 2959; x_wconf 89' lang='lat' dir='ltr'><strong>duos</strong></span> <span class='ocrx_word' id='word_1_220' title='bbox 760 2893 823 2960; x_wconf 79' lang='lat' dir='ltr'><strong>vix</strong></span> <span class='ocrx_word' id='word_1_221' title='bbox 851 2891 940 2961; x_wconf 91' lang='lat' dir='ltr'><strong>duos</strong></span> <span class='ocrx_word' id='word_1_222' title='bbox 959 2892 1095 2981; x_wconf 91' lang='lat' dir='ltr'><strong>judico,</strong></span> <span class='ocrx_word' id='word_1_223' title='bbox 1126 2913 1168 2960; x_wconf 89' lang='lat' dir='ltr'><strong>eo</strong></span> <span class='ocrx_word' id='word_1_224' title='bbox 1188 2891 1282 2982; x_wconf 92' lang='lat' dir='ltr'><strong>quod</strong></span> <span class='ocrx_word' id='word_1_225' title='bbox 1304 2901 1450 2979; x_wconf 88' lang='lat' dir='ltr'><strong>urgente</strong></span> <span class='ocrx_word' id='word_1_226' title='bbox 1471 2891 1680 2960; x_wconf 89' lang='lat' dir='ltr'><strong>necessitate</strong></span> <span class='ocrx_word' id='word_1_227' title='bbox 1707 2889 1874 2979; x_wconf 89' lang='lat' dir='ltr'><strong>legitime</strong></span> 
     </span>
     <span class='ocr_line' id='line_1_24' title="bbox 433 2983 1871 3086; baseline 0.001 -28"><span class='ocrx_word' id='word_1_228' title='bbox 433 2989 649 3059; x_wconf 83' lang='lat' dir='ltr'><strong>defensionis</strong></span> <span class='ocrx_word' id='word_1_229' title='bbox 668 2988 755 3057; x_wconf 92' lang='lat' dir='ltr'><strong>ordo</strong></span> <span class='ocrx_word' id='word_1_230' title='bbox 777 2999 968 3059; x_wconf 90' lang='lat' dir='ltr'><strong>truncatur.</strong></span> <span class='ocrx_word' id='word_1_231' title='bbox 991 2989 1063 3059; x_wconf 88' lang='lat' dir='ltr'><strong>Hec</strong></span> <span class='ocrx_word' id='word_1_232' title='bbox 1081 2992 1116 3058; x_wconf 94' lang='lat' dir='ltr'><strong>in</strong></span> <span class='ocrx_word' id='word_1_233' title='bbox 1138 2989 1304 3080; x_wconf 91' lang='lat' dir='ltr'><strong>predictis</strong></span> <span class='ocrx_word' id='word_1_234' title='bbox 1325 2983 1365 3083; x_wconf 85' lang='lat' dir='ltr'><strong>[i0</strong></span> <span class='ocrx_word' id='word_1_235' title='bbox 1387 2987 1455 3055; x_wconf 76' lang='grc' dir='ltr'><strong>ιιι)</strong></span> <span class='ocrx_word' id='word_1_236' title='bbox 1475 2985 1507 3086; x_wconf 85' lang='lat' dir='ltr'><strong>c]</strong></span> <span class='ocrx_word' id='word_1_237' title='bbox 1528 2987 1871 3073; x_wconf 87' lang='lat' dir='ltr'><strong>consultationibus.</strong></span> 
     </span>
    </p>

    <p class='ocr_par' dir='ltr' id='par_1_3' title="bbox 433 3084 1877 3374">
     <span class='ocr_line' id='line_1_25' title="bbox 481 3084 1874 3180; baseline 0.001 -25"><span class='ocrx_word' id='word_1_238' title='bbox 481 3085 560 3155; x_wconf 85' lang='lat' dir='ltr'><strong>Alio</strong></span> <span class='ocrx_word' id='word_1_239' title='bbox 580 3096 697 3156; x_wconf 91' lang='lat' dir='ltr'><strong>autem</strong></span> <span class='ocrx_word' id='word_1_240' title='bbox 724 3085 828 3156; x_wconf 92' lang='lat' dir='ltr'><strong>modo</strong></span> <span class='ocrx_word' id='word_1_241' title='bbox 856 3101 972 3178; x_wconf 89' lang='lat' dir='ltr'><strong>posset</strong></span> <span class='ocrx_word' id='word_1_242' title='bbox 997 3088 1287 3180; x_wconf 90' lang='lat' dir='ltr'><strong>impedimentum</strong></span> <span class='ocrx_word' id='word_1_243' title='bbox 1312 3085 1517 3175; x_wconf 90' lang='lat' dir='ltr'><strong>contingere</strong></span> <span class='ocrx_word' id='word_1_244' title='bbox 1548 3107 1594 3155; x_wconf 79' lang='lat' dir='ltr'><strong>ex</strong></span> <span class='ocrx_word' id='word_1_245' title='bbox 1627 3084 1874 3178; x_wconf 88' lang='lat' dir='ltr'><strong>publicatione</strong></span> 
     </span>
     <span class='ocr_line' id='line_1_26' title="bbox 433 3183 1877 3276; baseline 0.001 -23"><span class='ocrx_word' id='word_1_246' title='bbox 433 3185 613 3253; x_wconf 90' lang='lat' dir='ltr'><strong>numinum</strong></span> <span class='ocrx_word' id='word_1_247' title='bbox 632 3184 771 3253; x_wconf 88' lang='lat' dir='ltr'><strong>testium</strong></span> <span class='ocrx_word' id='word_1_248' title='bbox 793 3185 1065 3276; x_wconf 82' lang='lat' dir='ltr'><strong>deponentinm3</strong></span> <span class='ocrx_word' id='word_1_249' title='bbox 1088 3197 1122 3254; x_wconf 88' lang='lat' dir='ltr'><strong>et</strong></span> <span class='ocrx_word' id='word_1_250' title='bbox 1138 3183 1204 3254; x_wconf 92' lang='lat' dir='ltr'><strong>huc</strong></span> <span class='ocrx_word' id='word_1_251' title='bbox 1223 3183 1355 3254; x_wconf 91' lang='lat' dir='ltr'><strong>tollitur</strong></span> <span class='ocrx_word' id='word_1_252' title='bbox 1374 3183 1465 3253; x_wconf 90' lang='lat' dir='ltr'><strong>sicut</strong></span> <span class='ocrx_word' id='word_1_253' title='bbox 1478 3183 1616 3276; x_wconf 91' lang='lat' dir='ltr'><strong>plenius</strong></span> <span class='ocrx_word' id='word_1_254' title='bbox 1639 3190 1799 3252; x_wconf 90' lang='lat' dir='ltr'><strong>notatum</strong></span> <span class='ocrx_word' id='word_1_255' title='bbox 1817 3195 1877 3254; x_wconf 87' lang='lat' dir='ltr'><strong>est</strong></span> 
     </span>
     <span class='ocr_line' id='line_1_27' title="bbox 433 3280 1371 3374; baseline -0.002 -23"><span class='ocrx_word' id='word_1_256' title='bbox 433 3301 538 3373; x_wconf 92' lang='lat' dir='ltr'><strong>supra</strong></span> <span class='ocrx_word' id='word_1_257' title='bbox 561 3307 568 3348; x_wconf 89' lang='lat'>:</span> <span class='ocrx_word' id='word_1_258' title='bbox 588 3281 758 3372; x_wconf 79' lang='lat' dir='ltr'><strong>Septimo,</strong></span> <span class='ocrx_word' id='word_1_259' title='bbox 779 3280 1087 3374; x_wconf 66' lang='lat' dir='ltr'><strong>siinquisltorabus</strong></span> <span class='ocrx_word' id='word_1_260' title='bbox 1106 3280 1285 3366; x_wconf 80' lang='lat' dir='ltr'><strong>uideatur,</strong></span> <span class='ocrx_word' id='word_1_261' title='bbox 1305 3294 1371 3351; x_wconf 89' lang='lat' dir='ltr'><strong>otc.</strong></span> 
     </span>
    </p>

    <p class='ocr_par' dir='ltr' id='par_1_4' title="bbox 430 3376 1878 5133">
     <span class='ocr_line' id='line_1_28' title="bbox 481 3376 1873 3471; baseline 0.001 -24"><span class='ocrx_word' id='word_1_262' title='bbox 481 3377 571 3447; x_wconf 90' lang='lat' dir='ltr'><strong>E-</strong></span> <span class='ocrx_word' id='word_1_263' title='bbox 586 3377 730 3460; x_wconf 87' lang='lat' dir='ltr'><strong>Quinto,</strong></span> <span class='ocrx_word' id='word_1_264' title='bbox 750 3401 795 3448; x_wconf 80' lang='lat' dir='ltr'><strong>ex</strong></span> <span class='ocrx_word' id='word_1_265' title='bbox 811 3376 1006 3449; x_wconf 90' lang='lat' dir='ltr'><strong>delectibus</strong></span> <span class='ocrx_word' id='word_1_266' title='bbox 1025 3379 1314 3470; x_wconf 89' lang='lat' dir='ltr'><strong>contingentibus</strong></span> <span class='ocrx_word' id='word_1_267' title='bbox 1332 3389 1478 3471; x_wconf 90' lang='lat' dir='ltr'><strong>possunt</strong></span> <span class='ocrx_word' id='word_1_268' title='bbox 1492 3378 1697 3469; x_wconf 88' lang='lat' dir='ltr'><strong>contingere</strong></span> <span class='ocrx_word' id='word_1_269' title='bbox 1712 3376 1873 3469; x_wconf 91' lang='lat' dir='ltr'><strong>impedi·</strong></span> 
     </span>
     <span class='ocr_line' id='line_1_29' title="bbox 434 3473 1873 3568; baseline 0 -23"><span class='ocrx_word' id='word_1_270' title='bbox 434 3487 548 3547; x_wconf 89' lang='lat' dir='ltr'><strong>menta</strong></span> <span class='ocrx_word' id='word_1_271' title='bbox 570 3477 807 3568; x_wconf 87' lang='lat' dir='ltr'><strong>multipliciter</strong></span> <span class='ocrx_word' id='word_1_272' title='bbox 830 3502 838 3545; x_wconf 90' lang='lat'>:</span> <span class='ocrx_word' id='word_1_273' title='bbox 863 3498 933 3547; x_wconf 89' lang='lat' dir='ltr'><strong>uno</strong></span> <span class='ocrx_word' id='word_1_274' title='bbox 952 3477 1096 3568; x_wconf 89' lang='lat' dir='ltr'><strong>quidem</strong></span> <span class='ocrx_word' id='word_1_275' title='bbox 1111 3478 1229 3560; x_wconf 90' lang='lat' dir='ltr'><strong>modo,</strong></span> <span class='ocrx_word' id='word_1_276' title='bbox 1252 3498 1298 3547; x_wconf 82' lang='lat' dir='ltr'><strong>cx</strong></span> <span class='ocrx_word' id='word_1_277' title='bbox 1317 3477 1456 3546; x_wconf 91' lang='lat' dir='ltr'><strong>delectu</strong></span> <span class='ocrx_word' id='word_1_278' title='bbox 1474 3476 1648 3546; x_wconf 91' lang='lat' dir='ltr'><strong>sociorum</strong></span> <span class='ocrx_word' id='word_1_279' title='bbox 1662 3473 1779 3565; x_wconf 90' lang='lat' dir='ltr'><strong>;quod</strong></span> <span class='ocrx_word' id='word_1_280' title='bbox 1798 3477 1873 3545; x_wconf 88' lang='lat' dir='ltr'><strong>im·</strong></span> 
     </span>
     <span class='ocr_line' id='line_1_30' title="bbox 431 3573 1877 3668; baseline -0.002 -23"><span class='ocrx_word' id='word_1_281' title='bbox 431 3574 672 3667; x_wconf 90' lang='lat' dir='ltr'><strong>pedimentum</strong></span> <span class='ocrx_word' id='word_1_282' title='bbox 694 3574 839 3655; x_wconf 91' lang='lat' dir='ltr'><strong>tollitur,</strong></span> <span class='ocrx_word' id='word_1_283' title='bbox 861 3574 942 3665; x_wconf 89' lang='lat' dir='ltr'><strong>quia</strong></span> <span class='ocrx_word' id='word_1_284' title='bbox 964 3575 1088 3668; x_wconf 92' lang='lat' dir='ltr'><strong>prelati</strong></span> <span class='ocrx_word' id='word_1_285' title='bbox 1109 3574 1188 3644; x_wconf 92' lang='lat' dir='ltr'><strong>sive</strong></span> <span class='ocrx_word' id='word_1_286' title='bbox 1208 3576 1409 3667; x_wconf 85' lang='lat' dir='ltr'><strong>superiores</strong></span> <span class='ocrx_word' id='word_1_287' title='bbox 1427 3573 1674 3665; x_wconf 89' lang='lat' dir='ltr'><strong>inquisitorum</strong></span> <span class='ocrx_word' id='word_1_288' title='bbox 1699 3584 1877 3643; x_wconf 88' lang='lat' dir='ltr'><strong>tenentur</strong></span> 
     </span>
     <span class='ocr_line' id='line_1_31' title="bbox 430 3668 1876 3764; baseline -0.001 -22"><span class='ocrx_word' id='word_1_289' title='bbox 430 3672 482 3743; x_wconf 87' lang='lat' dir='ltr'><strong>eis</strong></span> <span class='ocrx_word' id='word_1_290' title='bbox 510 3672 595 3741; x_wconf 91' lang='lat' dir='ltr'><strong>dare</strong></span> <span class='ocrx_word' id='word_1_291' title='bbox 622 3672 738 3742; x_wconf 89' lang='lat' dir='ltr'><strong>socios</strong></span> <span class='ocrx_word' id='word_1_292' title='bbox 765 3693 854 3762; x_wconf 93' lang='lat' dir='ltr'><strong>quos</strong></span> <span class='ocrx_word' id='word_1_293' title='bbox 881 3683 915 3741; x_wconf 92' lang='lat' dir='ltr'><strong>et</strong></span> <span class='ocrx_word' id='word_1_294' title='bbox 939 3685 1025 3764; x_wconf 92' lang='lat' dir='ltr'><strong>quot</strong></span> <span class='ocrx_word' id='word_1_295' title='bbox 1056 3683 1191 3764; x_wconf 91' lang='lat' dir='ltr'><strong>petunt.</strong></span> <span class='ocrx_word' id='word_1_296' title='bbox 1218 3673 1267 3741; x_wconf 89' lang='lat' dir='ltr'><strong>De</strong></span> <span class='ocrx_word' id='word_1_297' title='bbox 1293 3670 1360 3742; x_wconf 91' lang='lat' dir='ltr'><strong>hoc</strong></span> <span class='ocrx_word' id='word_1_298' title='bbox 1380 3670 1529 3742; x_wconf 91' lang='lat' dir='ltr'><strong>babetur</strong></span> <span class='ocrx_word' id='word_1_299' title='bbox 1546 3674 1582 3740; x_wconf 93' lang='lat' dir='ltr'><strong>in</strong></span> <span class='ocrx_word' id='word_1_300' title='bbox 1604 3671 1716 3740; x_wconf 90' lang='lat' dir='ltr'><strong>littera</strong></span> <span class='ocrx_word' id='word_1_301' title='bbox 1733 3668 1876 3741; x_wconf 86' lang='lat' dir='ltr'><strong>Urbani</strong></span> 
     </span>
     <span class='ocr_line' id='line_1_32' title="bbox 431 3768 1878 3862; baseline 0.001 -24"><span class='ocrx_word' id='word_1_302' title='bbox 431 3790 520 3862; x_wconf 92' lang='lat' dir='ltr'><strong>pape</strong></span> <span class='ocrx_word' id='word_1_303' title='bbox 542 3769 620 3837; x_wconf 72' lang='lat' dir='ltr'><strong>llllti</strong></span> <span class='ocrx_word' id='word_1_304' title='bbox 640 3780 674 3838; x_wconf 93' lang='lat' dir='ltr'><strong>et</strong></span> <span class='ocrx_word' id='word_1_305' title='bbox 693 3768 879 3839; x_wconf 86' lang='lat' dir='ltr'><strong>Clementis</strong></span> <span class='ocrx_word' id='word_1_306' title='bbox 901 3791 989 3862; x_wconf 89' lang='lat' dir='ltr'><strong>pape</strong></span> <span class='ocrx_word' id='word_1_307' title='bbox 1004 3769 1080 3838; x_wconf 72' lang='lat' dir='ltr'><strong>llllli</strong></span> <span class='ocrx_word' id='word_1_308' title='bbox 1100 3770 1293 3839; x_wconf 90' lang='lat' dir='ltr'><strong>consimilis</strong></span> <span class='ocrx_word' id='word_1_309' title='bbox 1312 3773 1443 3839; x_wconf 88' lang='lat' dir='ltr'><strong>tenuris</strong></span> <span class='ocrx_word' id='word_1_310' title='bbox 1465 3772 1577 3862; x_wconf 93' lang='lat' dir='ltr'><strong>priori</strong></span> <span class='ocrx_word' id='word_1_311' title='bbox 1605 3768 1817 3862; x_wconf 91' lang='lat' dir='ltr'><strong>provinciali</strong></span> <span class='ocrx_word' id='word_1_312' title='bbox 1839 3782 1878 3841; x_wconf 92' lang='lat' dir='ltr'><strong>et</strong></span> 
     </span>
     <span class='ocr_line' id='line_1_33' title="bbox 431 3865 1875 3961; baseline 0.001 -27"><span class='ocrx_word' id='word_1_313' title='bbox 431 3866 606 3959; x_wconf 90' lang='lat' dir='ltr'><strong>prioribus</strong></span> <span class='ocrx_word' id='word_1_314' title='bbox 626 3867 919 3937; x_wconf 87' lang='lat' dir='ltr'><strong>conventualibus</strong></span> <span class='ocrx_word' id='word_1_315' title='bbox 938 3878 974 3936; x_wconf 90' lang='lat' dir='ltr'><strong>et</strong></span> <span class='ocrx_word' id='word_1_316' title='bbox 988 3866 1233 3961; x_wconf 86' lang='lat' dir='ltr'><strong>subprioribus</strong></span> <span class='ocrx_word' id='word_1_317' title='bbox 1249 3867 1282 3935; x_wconf 95' lang='lat' dir='ltr'><strong>iu</strong></span> <span class='ocrx_word' id='word_1_318' title='bbox 1303 3868 1530 3954; x_wconf 90' lang='lat' dir='ltr'><strong>Lombardia;</strong></span> <span class='ocrx_word' id='word_1_319' title='bbox 1553 3867 1651 3953; x_wconf 92' lang='lat' dir='ltr'><strong>item,</strong></span> <span class='ocrx_word' id='word_1_320' title='bbox 1668 3868 1702 3934; x_wconf 93' lang='lat' dir='ltr'><strong>iu</strong></span> <span class='ocrx_word' id='word_1_321' title='bbox 1718 3865 1789 3935; x_wconf 88' lang='lat' dir='ltr'><strong>alia</strong></span> <span class='ocrx_word' id='word_1_322' title='bbox 1809 3867 1875 3936; x_wconf 91' lang='lat' dir='ltr'><strong>lit·</strong></span> 
     </span>
     <span class='ocr_line' id='line_1_34' title="bbox 431 3962 1876 4058; baseline 0.003 -26"><span class='ocrx_word' id='word_1_323' title='bbox 431 3977 503 4034; x_wconf 92' lang='lat' dir='ltr'><strong>tera</strong></span> <span class='ocrx_word' id='word_1_324' title='bbox 522 3964 680 4053; x_wconf 88' lang='lat' dir='ltr'><strong>ejusdem</strong></span> <span class='ocrx_word' id='word_1_325' title='bbox 695 3962 882 4033; x_wconf 87' lang='lat' dir='ltr'><strong>Clementis</strong></span> <span class='ocrx_word' id='word_1_326' title='bbox 896 3984 984 4057; x_wconf 92' lang='lat' dir='ltr'><strong>pape</strong></span> <span class='ocrx_word' id='word_1_327' title='bbox 1004 3964 1196 4036; x_wconf 90' lang='lat' dir='ltr'><strong>consimilis</strong></span> <span class='ocrx_word' id='word_1_328' title='bbox 1215 3968 1345 4035; x_wconf 88' lang='lat' dir='ltr'><strong>tenuris</strong></span> <span class='ocrx_word' id='word_1_329' title='bbox 1363 3965 1469 4058; x_wconf 92' lang='lat' dir='ltr'><strong>priori</strong></span> <span class='ocrx_word' id='word_1_330' title='bbox 1483 3963 1691 4056; x_wconf 87' lang='lat' dir='ltr'><strong>provinciali</strong></span> <span class='ocrx_word' id='word_1_331' title='bbox 1714 3975 1751 4033; x_wconf 93' lang='lat' dir='ltr'><strong>et</strong></span> <span class='ocrx_word' id='word_1_332' title='bbox 1772 3965 1876 4056; x_wconf 88' lang='lat' dir='ltr'><strong>prio·</strong></span> 
     </span>
     <span class='ocr_line' id='line_1_35' title="bbox 432 4060 1876 4155; baseline 0.003 -25"><span class='ocrx_word' id='word_1_333' title='bbox 432 4061 529 4131; x_wconf 90' lang='lat' dir='ltr'><strong>ribus</strong></span> <span class='ocrx_word' id='word_1_334' title='bbox 560 4062 854 4133; x_wconf 90' lang='lat' dir='ltr'><strong>conventualibus</strong></span> <span class='ocrx_word' id='word_1_335' title='bbox 884 4073 920 4132; x_wconf 89' lang='lat' dir='ltr'><strong>et</strong></span> <span class='ocrx_word' id='word_1_336' title='bbox 946 4062 1192 4155; x_wconf 89' lang='lat' dir='ltr'><strong>subprioribus</strong></span> <span class='ocrx_word' id='word_1_337' title='bbox 1212 4063 1247 4131; x_wconf 94' lang='lat' dir='ltr'><strong>in</strong></span> <span class='ocrx_word' id='word_1_338' title='bbox 1279 4083 1387 4153; x_wconf 91' lang='lat' dir='ltr'><strong>regno</strong></span> <span class='ocrx_word' id='word_1_339' title='bbox 1413 4063 1556 4132; x_wconf 87' lang='lat' dir='ltr'><strong>Francia</strong></span> <span class='ocrx_word' id='word_1_340' title='bbox 1579 4088 1587 4130; x_wconf 75' lang='grc' dir='ltr'><strong>ι</strong></span> <span class='ocrx_word' id='word_1_341' title='bbox 1620 4061 1670 4132; x_wconf 93' lang='lat' dir='ltr'><strong>Ne</strong></span> <span class='ocrx_word' id='word_1_342' title='bbox 1689 4060 1876 4134; x_wconf 87' lang='lat' dir='ltr'><strong>catholice</strong></span> 
     </span>
     <span class='ocr_line' id='line_1_36' title="bbox 431 4156 1875 4251; baseline 0.003 -24"><span class='ocrx_word' id='word_1_343' title='bbox 431 4156 513 4229; x_wconf 88' lang='lat' dir='ltr'><strong>fidei</strong></span> <span class='ocrx_word' id='word_1_344' title='bbox 535 4160 734 4251; x_wconf 88' lang='lat' dir='ltr'><strong>negocium,</strong></span> <span class='ocrx_word' id='word_1_345' title='bbox 756 4159 894 4229; x_wconf 89' lang='lat' dir='ltr'><strong>dilectis</strong></span> <span class='ocrx_word' id='word_1_346' title='bbox 909 4156 990 4229; x_wconf 89' lang='lat' dir='ltr'><strong>filiis</strong></span> <span class='ocrx_word' id='word_1_347' title='bbox 1006 4160 1170 4229; x_wconf 88' lang='lat' dir='ltr'><strong>tratribus</strong></span> <span class='ocrx_word' id='word_1_348' title='bbox 1193 4161 1301 4230; x_wconf 86' lang='lat' dir='ltr'><strong>vestri</strong></span> <span class='ocrx_word' id='word_1_349' title='bbox 1321 4159 1456 4230; x_wconf 89' lang='lat' dir='ltr'><strong>ordinis</strong></span> <span class='ocrx_word' id='word_1_350' title='bbox 1475 4160 1564 4229; x_wconf 89' lang='lat' dir='ltr'><strong>iulra</strong></span> <span class='ocrx_word' id='word_1_351' title='bbox 1585 4159 1791 4249; x_wconf 90' lang='lat' dir='ltr'><strong>designatos</strong></span> <span class='ocrx_word' id='word_1_352' title='bbox 1814 4164 1875 4232; x_wconf 86' lang='lat' dir='ltr'><strong>cis</strong></span> 
     </span>
     <span class='ocr_line' id='line_1_37' title="bbox 432 4253 1874 4349; baseline 0.002 -24"><span class='ocrx_word' id='word_1_353' title='bbox 432 4256 560 4326; x_wconf 87' lang='lat' dir='ltr'><strong>limites</strong></span> <span class='ocrx_word' id='word_1_354' title='bbox 586 4257 681 4327; x_wconf 90' lang='lat' dir='ltr'><strong>sedis</strong></span> <span class='ocrx_word' id='word_1_355' title='bbox 701 4256 892 4349; x_wconf 91' lang='lat' dir='ltr'><strong>apostolice</strong></span> <span class='ocrx_word' id='word_1_356' title='bbox 911 4258 1118 4328; x_wconf 89' lang='lat' dir='ltr'><strong>auctoritate</strong></span> <span class='ocrx_word' id='word_1_357' title='bbox 1139 4257 1364 4327; x_wconf 87' lang='lat' dir='ltr'><strong>commissum</strong></span> <span class='ocrx_word' id='word_1_358' title='bbox 1389 4268 1424 4327; x_wconf 91' lang='lat' dir='ltr'><strong>et</strong></span> <span class='ocrx_word' id='word_1_359' title='bbox 1445 4253 1478 4326; x_wconf 91' lang='lat' dir='ltr'><strong>iri</strong></span> <span class='ocrx_word' id='word_1_360' title='bbox 1502 4269 1678 4349; x_wconf 87' lang='lat' dir='ltr'><strong>posterum</strong></span> <span class='ocrx_word' id='word_1_361' title='bbox 1699 4258 1874 4328; x_wconf 92' lang='lat' dir='ltr'><strong>commit·</strong></span> 
     </span>
     <span class='ocr_line' id='line_1_38' title="bbox 433 4353 1874 4448; baseline 0.001 -25"><span class='ocrx_word' id='word_1_362' title='bbox 433 4355 591 4440; x_wconf 87' lang='lat' dir='ltr'><strong>tendum,</strong></span> <span class='ocrx_word' id='word_1_363' title='bbox 610 4375 655 4424; x_wconf 81' lang='lat' dir='ltr'><strong>ex</strong></span> <span class='ocrx_word' id='word_1_364' title='bbox 667 4374 895 4448; x_wconf 90' lang='lat' dir='ltr'><strong>personarum</strong></span> <span class='ocrx_word' id='word_1_365' title='bbox 915 4353 1053 4424; x_wconf 88' lang='lat' dir='ltr'><strong>delectu</strong></span> <span class='ocrx_word' id='word_1_366' title='bbox 1064 4355 1257 4446; x_wconf 91' lang='lat' dir='ltr'><strong>contingat,</strong></span> <span class='ocrx_word' id='word_1_367' title='bbox 1275 4354 1371 4446; x_wconf 92' lang='lat' dir='ltr'><strong>qnod</strong></span> <span class='ocrx_word' id='word_1_368' title='bbox 1388 4355 1499 4440; x_wconf 91' lang='lat' dir='ltr'><strong>absit,</strong></span> <span class='ocrx_word' id='word_1_369' title='bbox 1519 4353 1788 4446; x_wconf 91' lang='lat' dir='ltr'><strong>quomodolibet</strong></span> <span class='ocrx_word' id='word_1_370' title='bbox 1800 4354 1874 4425; x_wconf 86' lang='lat' dir='ltr'><strong>im·</strong></span> 
     </span>
     <span class='ocr_line' id='line_1_39' title="bbox 432 4451 1878 4545; baseline 0.002 -23"><span class='ocrx_word' id='word_1_371' title='bbox 432 4452 577 4545; x_wconf 89' lang='lat' dir='ltr'><strong>pedire,</strong></span> <span class='ocrx_word' id='word_1_372' title='bbox 602 4451 765 4523; x_wconf 90' lang='lat' dir='ltr'><strong>volumus</strong></span> <span class='ocrx_word' id='word_1_373' title='bbox 791 4463 825 4523; x_wconf 90' lang='lat' dir='ltr'><strong>et</strong></span> <span class='ocrx_word' id='word_1_374' title='bbox 853 4452 1066 4544; x_wconf 90' lang='lat' dir='ltr'><strong>presentium</strong></span> <span class='ocrx_word' id='word_1_375' title='bbox 1098 4451 1200 4523; x_wconf 93' lang='lat' dir='ltr'><strong>vubis</strong></span> <span class='ocrx_word' id='word_1_376' title='bbox 1229 4452 1436 4523; x_wconf 88' lang='lat' dir='ltr'><strong>auctoritate</strong></span> <span class='ocrx_word' id='word_1_377' title='bbox 1457 4452 1616 4522; x_wconf 90' lang='lat' dir='ltr'><strong>districte</strong></span> <span class='ocrx_word' id='word_1_378' title='bbox 1635 4451 1878 4544; x_wconf 90' lang='lat' dir='ltr'><strong>precipiendo</strong></span> 
     </span>
     <span class='ocr_line' id='line_1_40' title="bbox 433 4547 1873 4642; baseline 0.002 -24"><span class='ocrx_word' id='word_1_379' title='bbox 433 4552 642 4620; x_wconf 88' lang='lat' dir='ltr'><strong>mandamus</strong></span> <span class='ocrx_word' id='word_1_380' title='bbox 661 4549 828 4641; x_wconf 87' lang='lat' dir='ltr'><strong>quatinus</strong></span> <span class='ocrx_word' id='word_1_381' title='bbox 846 4560 882 4618; x_wconf 91' lang='lat' dir='ltr'><strong>tn</strong></span> <span class='ocrx_word' id='word_1_382' title='bbox 901 4547 971 4637; x_wconf 89' lang='lat' dir='ltr'><strong>fili,</strong></span> <span class='ocrx_word' id='word_1_383' title='bbox 996 4549 1089 4642; x_wconf 92' lang='lat' dir='ltr'><strong>prior</strong></span> <span class='ocrx_word' id='word_1_384' title='bbox 1109 4549 1352 4642; x_wconf 90' lang='lat' dir='ltr'><strong>provincialis,</strong></span> <span class='ocrx_word' id='word_1_385' title='bbox 1374 4549 1522 4640; x_wconf 89' lang='lat' dir='ltr'><strong>singulis</strong></span> <span class='ocrx_word' id='word_1_386' title='bbox 1542 4570 1589 4620; x_wconf 80' lang='lat' dir='ltr'><strong>ex</strong></span> <span class='ocrx_word' id='word_1_387' title='bbox 1608 4549 1776 4642; x_wconf 87' lang='lat' dir='ltr'><strong>predictis</strong></span> <span class='ocrx_word' id='word_1_388' title='bbox 1798 4551 1873 4621; x_wconf 89' lang='lat' dir='ltr'><strong>lra-</strong></span> 
     </span>
     <span class='ocr_line' id='line_1_41' title="bbox 434 4646 1874 4740; baseline 0.003 -26"><span class='ocrx_word' id='word_1_389' title='bbox 434 4648 545 4717; x_wconf 92' lang='lat' dir='ltr'><strong>tribus</strong></span> <span class='ocrx_word' id='word_1_390' title='bbox 565 4648 723 4737; x_wconf 87' lang='lat' dir='ltr'><strong>singulos</strong></span> <span class='ocrx_word' id='word_1_391' title='bbox 742 4648 870 4732; x_wconf 88' lang='lat' dir='ltr'><strong>socios,</strong></span> <span class='ocrx_word' id='word_1_392' title='bbox 893 4647 1017 4717; x_wconf 82' lang='lat' dir='ltr'><strong>fratres</strong></span> <span class='ocrx_word' id='word_1_393' title='bbox 1030 4646 1317 4740; x_wconf 90' lang='lat' dir='ltr'><strong>videlicetipsins</strong></span> <span class='ocrx_word' id='word_1_394' title='bbox 1335 4646 1485 4738; x_wconf 89' lang='lat' dir='ltr'><strong>ordinis,</strong></span> <span class='ocrx_word' id='word_1_395' title='bbox 1497 4647 1666 4740; x_wconf 91' lang='lat' dir='ltr'><strong>providos</strong></span> <span class='ocrx_word' id='word_1_396' title='bbox 1685 4646 1874 4720; x_wconf 87' lang='lat' dir='ltr'><strong>etdiscre-</strong></span> 
     </span>
     <span class='ocr_line' id='line_1_42' title="bbox 433 4743 1877 4836; baseline 0.003 -24"><span class='ocrx_word' id='word_1_397' title='bbox 433 4757 486 4815; x_wconf 89' lang='lat' dir='ltr'><strong>tos</strong></span> <span class='ocrx_word' id='word_1_398' title='bbox 504 4766 545 4814; x_wconf 91' lang='lat' dir='ltr'><strong>ac</strong></span> <span class='ocrx_word' id='word_1_399' title='bbox 564 4744 669 4814; x_wconf 90' lang='lat' dir='ltr'><strong>etiam</strong></span> <span class='ocrx_word' id='word_1_400' title='bbox 691 4744 837 4835; x_wconf 86' lang='lat' dir='ltr'><strong>negocio</strong></span> <span class='ocrx_word' id='word_1_401' title='bbox 853 4755 1088 4835; x_wconf 89' lang='lat' dir='ltr'><strong>congruentes</strong></span> <span class='ocrx_word' id='word_1_402' title='bbox 1108 4743 1302 4836; x_wconf 87' lang='lat' dir='ltr'><strong>dequibus</strong></span> <span class='ocrx_word' id='word_1_403' title='bbox 1324 4744 1374 4814; x_wconf 92' lang='lat' dir='ltr'><strong>bii</strong></span> <span class='ocrx_word' id='word_1_404' title='bbox 1394 4744 1523 4836; x_wconf 92' lang='lat' dir='ltr'><strong>quibus</strong></span> <span class='ocrx_word' id='word_1_405' title='bbox 1544 4744 1713 4835; x_wconf 90' lang='lat' dir='ltr'><strong>assignati</strong></span> <span class='ocrx_word' id='word_1_406' title='bbox 1735 4744 1877 4816; x_wconf 87' lang='lat' dir='ltr'><strong>luerint</strong></span> 
     </span>
     <span class='ocr_line' id='line_1_43' title="bbox 432 4839 1871 4935; baseline 0.001 -25"><span class='ocrx_word' id='word_1_407' title='bbox 432 4845 558 4912; x_wconf 89' lang='lat' dir='ltr'><strong>merito</strong></span> <span class='ocrx_word' id='word_1_408' title='bbox 571 4841 712 4912; x_wconf 90' lang='lat' dir='ltr'><strong>valeant</strong></span> <span class='ocrx_word' id='word_1_409' title='bbox 726 4841 913 4929; x_wconf 90' lang='lat' dir='ltr'><strong>consolari,</strong></span> <span class='ocrx_word' id='word_1_410' title='bbox 928 4841 1066 4911; x_wconf 89' lang='lat' dir='ltr'><strong>sublata</strong></span> <span class='ocrx_word' id='word_1_411' title='bbox 1082 4839 1468 4935; x_wconf 89' lang='lat' dir='ltr'><strong>dillicultatequalibet,</strong></span> <span class='ocrx_word' id='word_1_412' title='bbox 1481 4841 1663 4932; x_wconf 87' lang='lat' dir='ltr'><strong>assignare</strong></span> <span class='ocrx_word' id='word_1_413' title='bbox 1674 4862 1871 4934; x_wconf 71' lang='lat' dir='ltr'><strong>procures,</strong></span> 
     </span>
     <span class='ocr_line' id='line_1_44' title="bbox 432 4938 1871 5032; baseline 0.003 -26"><span class='ocrx_word' id='word_1_414' title='bbox 432 4949 468 5007; x_wconf 93' lang='lat' dir='ltr'><strong>et</strong></span> <span class='ocrx_word' id='word_1_415' title='bbox 487 4938 734 5009; x_wconf 91' lang='lat' dir='ltr'><strong>nichilominus</strong></span> <span class='ocrx_word' id='word_1_416' title='bbox 756 4949 824 5008; x_wconf 90' lang='lat' dir='ltr'><strong>tam</strong></span> <span class='ocrx_word' id='word_1_417' title='bbox 851 4949 885 5007; x_wconf 91' lang='lat' dir='ltr'><strong>tu</strong></span> <span class='ocrx_word' id='word_1_418' title='bbox 905 4960 1009 5030; x_wconf 91' lang='lat' dir='ltr'><strong>quam</strong></span> <span class='ocrx_word' id='word_1_419' title='bbox 1035 4959 1099 5010; x_wconf 92' lang='lat' dir='ltr'><strong>vos</strong></span> <span class='ocrx_word' id='word_1_420' title='bbox 1124 4938 1184 5007; x_wconf 92' lang='lat' dir='ltr'><strong>alii</strong></span> <span class='ocrx_word' id='word_1_421' title='bbox 1214 4939 1372 5032; x_wconf 90' lang='lat' dir='ltr'><strong>priores,</strong></span> <span class='ocrx_word' id='word_1_422' title='bbox 1393 4939 1618 5032; x_wconf 89' lang='lat' dir='ltr'><strong>supperiores</strong></span> <span class='ocrx_word' id='word_1_423' title='bbox 1645 4950 1871 5011; x_wconf 90' lang='lat' dir='ltr'><strong>conventua-</strong></span> 
     </span>
     <span class='ocr_line' id='line_1_45' title="bbox 431 5031 1874 5133; baseline 0.003 -30"><span class='ocrx_word' id='word_1_424' title='bbox 431 5034 485 5106; x_wconf 91' lang='lat' dir='ltr'><strong>les</strong></span> <span class='ocrx_word' id='word_1_425' title='bbox 501 5057 541 5106; x_wconf 89' lang='lat' dir='ltr'><strong>ac</strong></span> <span class='ocrx_word' id='word_1_426' title='bbox 558 5036 693 5124; x_wconf 90' lang='lat' dir='ltr'><strong>vicarii,</strong></span> <span class='ocrx_word' id='word_1_427' title='bbox 714 5035 884 5128; x_wconf 89' lang='lat' dir='ltr'><strong>quociens</strong></span> <span class='ocrx_word' id='word_1_428' title='bbox 902 5036 947 5105; x_wconf 93' lang='lat' dir='ltr'><strong>ab</strong></span> <span class='ocrx_word' id='word_1_429' title='bbox 962 5035 1096 5105; x_wconf 89' lang='lat' dir='ltr'><strong>eisdem</strong></span> <span class='ocrx_word' id='word_1_430' title='bbox 1118 5035 1284 5106; x_wconf 85' lang='lat' dir='ltr'><strong>iratribus</strong></span> <span class='ocrx_word' id='word_1_431' title='bbox 1303 5031 1344 5131; x_wconf 79' lang='lat' dir='ltr'><strong>[l0</strong></span> <span class='ocrx_word' id='word_1_432' title='bbox 1366 5036 1435 5104; x_wconf 78' lang='lat' dir='ltr'><strong>tta</strong></span> <span class='ocrx_word' id='word_1_433' title='bbox 1451 5033 1488 5133; x_wconf 92' lang='lat' dir='ltr'><strong>d]</strong></span> <span class='ocrx_word' id='word_1_434' title='bbox 1510 5037 1640 5130; x_wconf 87' lang='lat' dir='ltr'><strong>quibus</strong></span> <span class='ocrx_word' id='word_1_435' title='bbox 1659 5036 1794 5108; x_wconf 89' lang='lat' dir='ltr'><strong>dictum</strong></span> <span class='ocrx_word' id='word_1_436' title='bbox 1813 5049 1874 5108; x_wconf 89' lang='lat' dir='ltr'><strong>est</strong></span> 
     </span>
    </p>
   </div>
   <div class='ocr_carea' id='block_1_3' title="bbox 0 0 2310 6404">
    <p class='ocr_par' dir='ltr' id='par_1_5' title="bbox 0 0 2310 6404">
     <span class='ocr_line' id='line_1_46' title="bbox 0 0 2310 6404; baseline 0 0"><span class='ocrx_word' id='word_1_437' title='bbox 0 0 2310 6404; x_wconf 95' lang='lat' dir='ltr'><strong> </strong></span> 
     </span>
    </p>
   </div>
  </div>
 </body>
</html>
