4574 6404
1033 646 1153 698 rnnrut
1179 647 1275 698 runs,
1803 640 1864 706 101

443 799 546 872 tionis
565 801 759 871 secundum
780 825 896 890 usum,
920 816 955 874 et
972 827 1127 889 cursum,
1149 827 1190 875 ac
1208 806 1342 892 stilum,
1365 818 1401 876 et
1421 808 1605 900 privilegia
1626 809 1732 882 officii
1756 812 1870 905 inqui—

440 899 591 985 sitionis,
611 920 872 992 percensuram
892 902 1161 973 ecclesiasticam
1180 905 1425 996 procedemus.
1443 905 1513 997 lpsi
1528 928 1670 999 quoque
1689 913 1868 980 temerarii

440 1007 697 1089 contemptores
716 1019 838 1069 cruces
857 1009 892 1069 et
910 999 995 1071 alias
1017 1002 1226 1092 penitentias
1247 1001 1484 1092 penitentibus
1512 1003 1695 1096 impositas
1714 1007 1781 1077 sibi
1804 1029 1868 1100 per

440 1114 503 1166 nos
522 1093 754 1187 imponendus
772 1097 895 1168 merito
916 1108 1081 1190 poterunt
1100 1098 1303 1169 formidare.

638 1352 695 1415 16.
721 1353 855 1417 Forma
870 1355 1056 1417 sentencie
1072 1362 1108 1417 et
1121 1355 1329 1434 penitencie
1345 1356 1662 1421 inmurandorum.

484 1596 521 1664 ln
549 1595 691 1666 nomine
715 1595 853 1665 Domini
878 1597 986 1667 nostri
1010 1597 1116 1667 lhesu
1140 1596 1288 1681 Christi,
1311 1620 1427 1669 amen.
1450 1597 1621 1682 Quoniam
1650 1623 1713 1672 uos
1741 1606 1865 1696 prelati
1974 1579 1977 1585 ⁵

438 1692 662 1785 inquisitores
691 1692 845 1764 heretice
879 1694 1061 1787 pravitatis
1092 1708 1127 1765 et
1159 1697 1390 1767 commissarii
1420 1697 1571 1788 delegati
1604 1700 1681 1770 talis
1710 1702 1867 1793 episcopi
1968 1725 1969 1728 ¹

437 1788 506 1884 (ecl
533 1790 742 1862 vicariorum
771 1804 806 1860 et
833 1791 976 1884 capituli
1006 1793 1083 1862 talis
1107 1793 1272 1876 ecclesie,
1300 1795 1386 1865 sede
1414 1796 1595 1890 vacante),
1624 1810 1794 1888 quantum
1820 1798 1866 1868 ad

437 1909 605 1980 personas
624 1899 660 1958 et
679 1888 724 1958 de
743 1889 901 1982 personis
920 1891 1007 1959 infra
1027 1891 1165 1983 scriptis
1181 1904 1282 1983 prout
1304 1892 1404 1963 nobis
1417 1893 1579 1980 subsunt,
1593 1916 1653 1986 per
1668 1897 1865 1987 inquisitio·

438 2007 515 2055 nem
537 1987 680 2072 factam,
701 2007 764 2056 seu
787 2008 848 2079 per
866 1997 941 2057 acta
961 1988 1199 2078 inquisitionis
1218 1990 1377 2079 ejusdem
1397 1991 1616 2077 invenimus,
1636 2005 1671 2062 et
1696 2015 1757 2087 per
1781 2016 1865 2065 con·

437 2083 608 2155 sessiones
635 2095 770 2154 vestras
799 2085 905 2153 lactas
931 2086 965 2154 in
991 2086 1121 2175 juditio
1147 2086 1302 2178 legitime
1323 2088 1423 2158 nobis
1443 2099 1577 2159 constat
1605 2092 1700 2181 quod
1729 2103 1765 2160 tu
1787 2092 1864 2162 talis

437 2179 476 2249 N.
498 2181 544 2252 de
569 2181 627 2249 tali
654 2181 748 2262 loco,
771 2181 863 2251 lilius
890 2183 987 2269 talis,
1009 2182 1183 2255 habitator
1209 2184 1287 2256 talis
1311 2187 1437 2267 castri,
1459 2187 1537 2256 talis
1563 2188 1743 2280 dyocesis,
1766 2201 1802 2259 et
1829 2200 1864 2258 tu

437 2278 513 2348 talis
536 2278 601 2371 N.,
627 2289 716 2361 etc,
741 2279 1012 2370 (conprimuntur
1036 2282 1183 2352 nominc
1208 2289 1240 2352 et
1262 2284 1473 2375 connumera
1498 2290 1532 2354 et
1556 2283 1631 2356 loca
1659 2293 1694 2357 et
1717 2286 1865 2358 dioceses

435 2375 654 2468 emulorum
675 2377 835 2447 distincte
853 2385 884 2448 et
904 2377 1139 2473 sr'npittatimh
1163 2391 1231 2448 tam
1252 2382 1407 2471 graviter
1426 2394 1461 2452 et
1480 2392 1549 2451 tam
1572 2384 1808 2476 multipliciter
1828 2385 1863 2454 in

435 2474 580 2544 crimine
613 2475 801 2566 dampnato
834 2475 968 2547 heresis
1000 2477 1218 2569 deliquistiS,
1246 2482 1337 2548 sicut
1373 2480 1499 2549 lectum
1534 2492 1569 2550 et
1599 2483 1780 2553 recitatum
1810 2495 1863 2553 est

435 2572 537 2644 vobis
561 2584 596 2642 et
617 2583 771 2642 vestrum
795 2573 940 2643 cuilibet
963 2574 1229 2666 intelligibiliter
1254 2579 1290 2645 in
1315 2578 1472 2668 vulgari,
1501 2578 1632 2650 idcirco
1652 2602 1716 2651 uos
1739 2581 1882 2672 prefati·

435 2670 659 2762 inquisitores
687 2665 727 2766 [l⁰
754 2671 799 2739 55
826 2668 862 2767 d]
897 2692 937 2741 ac
964 2674 1194 2743 commissarii
1220 2673 1371 2766 delegati
1407 2696 1472 2746 vos
1494 2697 1617 2747 omnes
1644 2689 1679 2748 et
1703 2678 1861 2768 singulos

433 2767 563 2838 saniori
585 2780 722 2838 utentes
742 2769 889 2840 consilio
909 2771 1024 2841 redire
1044 2771 1217 2856 volentes,
1235 2784 1339 2864 prout
1357 2774 1528 2858 asseritis,
1545 2775 1590 2843 ad
1606 2775 1759 2846 Ecclesie
1782 2779 1860 2844 uni·

435 2876 558 2951 tutem,
579 2866 738 2957 abjurata
759 2867 920 2958 primitus
942 2890 1003 2961 per
1023 2889 1223 2939 voscorum
1245 2871 1345 2941 nobis
1366 2873 1401 2938 in
1423 2871 1553 2961 juditio
1572 2875 1667 2942 omni
1688 2873 1804 2943 heresi
1824 2885 1861 2942 ot

433 2963 629 3051 credentia,
652 2976 687 3034 et
709 2965 848 3052 lavore,
871 2978 906 3036 et
925 2966 1181 3060 receptatione,
1200 2988 1242 3036 ac
1261 2968 1467 3039 defensione
1487 2968 1720 3042 hereticorum
1740 2971 1858 3061 cujus-

432 3083 582 3154 cumque
599 3073 695 3134 secte
715 3062 922 3155 dampnate,
944 3065 1187 3156 promittentes
1205 3067 1350 3158 insuper
1369 3077 1404 3136 et
1419 3068 1579 3157 jurantes
1598 3069 1643 3138 ad
1660 3078 1781 3139 sancta
1796 3068 1860 3137 Dei

432 3158 621 3252 Evangelia
658 3181 723 3231 vos
757 3159 861 3231 fidem
894 3173 1014 3233 sancte
1045 3161 1200 3233 Romane
1231 3163 1385 3233 Ecclesie
1425 3165 1562 3235 Domini
1591 3166 1698 3238 lhesu
1732 3164 1857 3235 Christi

432 3269 572 3342 tenere,
599 3258 791 3330 defendere
817 3272 852 3330 et
878 3280 1042 3342 servare,
1070 3281 1205 3331 necnon
1231 3263 1394 3353 persequi
1424 3261 1618 3349 hereticos,
1649 3265 1854 3348 credentes,

432 3355 605 3448 lautores,
628 3367 862 3448 receptatores
878 3379 919 3428 ac
936 3358 1139 3428 defensores
1157 3379 1299 3443 eorum,
1316 3362 1359 3428 'ac
1378 3362 1483 3430 etiam
1509 3382 1571 3452 pro
1590 3361 1705 3433 heresi
1724 3363 1857 3453 sugitti·

404 3474 517 3540 roe,
545 3465 580 3524 et
607 3453 772 3546 detegere
800 3476 840 3526 ac
868 3455 1027 3526 revelare
1056 3455 1198 3527 eosdem
1228 3457 1440 3550 ubicumque
1466 3459 1640 3529 sciveritis
1666 3480 1727 3530 eos
1754 3480 1853 3541 esse,

427 3551 585 3640 jurantes
615 3550 760 3644 iusuper
788 3553 968 3646 premissis
998 3554 1162 3624 omnibus
1192 3565 1227 3625 et
1256 3554 1404 3645 singulis
1439 3556 1613 3627 mandatis
1638 3556 1792 3628 Ecclesie
1820 3568 1856 3627 et

430 3650 558 3720 nostris
566 3649 1138 3743 simpliciteretfideliterobedire,
1149 3652 1366 3724 absolvimus
1375 3655 1569 3724 secuudum
1586 3656 1730 3726 formam
1741 3654 1854 3724 Eccle-

429 3746 480 3817 sie
494 3748 540 3818 ab
559 3750 934 3821 excommunicationis
953 3749 1126 3820 sententia
1147 3750 1216 3820 lata
1233 3771 1254 3820 a
1273 3771 1408 3822 canone
1427 3773 1496 3845 qua
1518 3775 1580 3846 pro
1597 3753 1709 3845 culpis
1726 3751 1852 3823 vestris

430 3846 641 3916 tenebamini
666 3848 817 3931 astricti,
839 3848 869 3917 si
892 3859 1007 3917 tamen
1028 3847 1072 3917 de
1091 3847 1197 3918 corde
1218 3850 1311 3920 bono
1328 3859 1363 3920 et
1382 3849 1426 3920 de
1446 3849 1516 3922 lide
1536 3872 1605 3921 non
1626 3847 1703 3921 licta
1725 3849 1769 3919 ad
1789 3848 1852 3918 Ec·

427 3941 533 4013 clesie
559 3944 734 4014 redieritis
764 3946 951 4030 unitatem,
979 3955 1013 4015 et
1040 3945 1195 4035 injuncta
1222 3947 1325 4018 vobis
1353 3950 1516 4019 mandata
1541 3947 1794 4032 servaveritis3
1817 3957 1852 4016 et

426 4039 508 4132 quia
530 4044 567 4111 in
587 4042 695 4112 Deum
717 4056 751 4112 et
767 4054 889 4114 contra
914 4041 1018 4114 fidem
1039 4043 1243 4114 catholicam
1264 4056 1300 4115 et
1317 4061 1472 4117 sanctam
1498 4057 1642 4117 matrem
1662 4045 1852 4115 Ecclesiam

427 4138 593 4229 predictis
613 4140 726 4210 modis
749 4153 879 4212 temere
899 4141 1117 4233 deliquistis,
1140 4162 1204 4212 uos
1233 4144 1358 4236 prelati
1385 4144 1610 4237 inquisitores
1630 4155 1665 4214 et
1683 4144 1849 4213 commis·

425 4235 507 4304 sarii
529 4237 679 4329 delegati
699 4238 864 4310 sedentes
882 4261 946 4333 pro
969 4239 1155 4326 tribunali,
1176 4242 1407 4313 sacrosanctis
1427 4243 1488 4313 Dei
1507 4241 1707 4333 Evangeliis
1728 4242 1851 4334 positis

425 4352 543 4404 coram
565 4335 684 4423 nobis,
708 4349 745 4404 ut
763 4339 808 4408 de
828 4338 929 4407 vultu
947 4337 1010 4407 Dei
1028 4349 1185 4409 nostrum
1211 4339 1357 4431 prodeat
1376 4341 1542 4429 juditium
1572 4351 1607 4409 et
1629 4340 1742 4411 occuli
1769 4359 1850 4411 nos·

428 4431 469 4500 tri
490 4431 635 4504 videant
654 4437 843 4525 equitatem
866 4431 907 4531 [p
927 4436 972 4504 56
992 4431 1042 4532 al,
1064 4437 1108 4507 de
1131 4435 1303 4507 bonorum
1331 4439 1486 4510 virorum
1514 4450 1583 4508 tam
1607 4439 1851 4528 religiosorum

425 4548 530 4619 quam
553 4532 762 4602 secularium
787 4554 827 4603 nc
851 4535 1041 4626 peritorum
1062 4537 1097 4604 in
1119 4544 1268 4625 utroque
1288 4538 1368 4627 jure
1387 4539 1557 4624 consilio,
1580 4559 1643 4610 vos
1664 4557 1786 4608 ornnes
1815 4545 1851 4604 et

424 4625 583 4717 singulos
602 4630 765 4722 superius
784 4633 1003 4718 nominatos,
1025 4635 1061 4701 in
1085 4632 1151 4702 hnc
1175 4631 1231 4701 die
1256 4645 1292 4704 et
1316 4635 1393 4705 loco
1411 4637 1512 4707 vobis
1536 4636 1581 4706 ad
1608 4633 1847 4727 recipiendum

424 4724 652 4817 penitentiam
662 4728 1369 4801 etaudiendumdiffinitivamsententiam
1381 4730 1845 4826 perhemptorieassignatis,

423 4822 468 4902 ad
487 4835 695 4917 perpetuum
716 4828 805 4898 muri
825 4849 1001 4899 carcerem
1015 4829 1059 4899 ad
1079 4827 1254 4919 agendum
1267 4829 1396 4901 ibidem
1408 4853 1471 4924 pro
1481 4831 1677 4902 commissis
1693 4831 1849 4924 peniten-

425 4919 506 4989 tiam
524 4921 712 4994 salutarem
730 4925 764 4994 in
777 4925 844 4995 hiis
856 4926 1079 5019 presentibus
1093 4927 1236 5017 scriptis
1251 4930 1513 5000 sentencialiter
1529 4929 1845 5022 condempnemus,

423 5016 483 5088 uhi
504 5021 604 5111 panis
624 5021 755 5093 doloris
775 5023 810 5092 in
827 5023 944 5094 cibum
965 5035 1000 5096 et
1019 5044 1111 5118 aqua
1128 5023 1365 5103 tribulationis
1383 5027 1419 5097 in
1437 5039 1557 5121 potum
1575 5027 1676 5099 vobis
1696 5035 1850 5101 tantum·
