4574 6404
633 649 680 722 50
922 670 1084 725 Pnsuvrcl
1109 672 1350 740 lNQUlSlTIONlS
1377 673 1540 727 HERETlCE
1565 673 1777 727 Pnnvrvnuls.

635 841 751 902 zatum
782 843 818 903 et
845 852 1056 902 conversum
1084 831 1127 902 ad
1160 829 1264 902 fidem
1288 844 1323 904 et
1350 833 1574 926 postmodum
1603 834 1888 929 rejudaysatum‚
1920 847 1955 906 et
1986 856 2068 906 cum

633 929 759 1000 eodem
789 928 1014 1022 participavit
1033 928 1276 1014 comedendo,
1298 930 1454 1003 bibendo
1479 941 1514 1002 et
1541 932 1575 1000 iu
1595 951 1774 1026 synagoga
1798 953 1861 1002 sen
1887 931 1981 1004 scola
2001 932 2071 1004 lec

634 1026 766 1097 tionem
788 1024 987 1113 audiendo,
1010 1036 1045 1097 et
1071 1027 1159 1097 ritus
1183 1026 1271 1099 alios
1296 1027 1469 1123 judaycos
1486 1027 1730 1114 observando,
1750 1040 1785 1099 et
1806 1029 1852 1100 de
1870 1029 1973 1100 bonis
1992 1030 2069 1102 suis

634 1123 750 1195 eidem
779 1122 1015 1195 ministrando
1034 1122 1094 1214 (in
1117 1123 1179 1193 islo
1208 1124 1279 1197 loco
1305 1125 1434 1218 poterit
1460 1125 1566 1218 calpa
1595 1131 1756 1198 estracto
1778 1125 1840 1197 svb
1862 1127 2069 1220 compendio

632 1219 840 1313 amplicem),
873 1232 909 1290 et
937 1219 1005 1291 alia
1033 1221 1287 1294 committendo
1316 1243 1386 1314 qne
1414 1243 1484 1294 non
1518 1221 1650 1293 debent
1679 1243 1861 1295 remanere
1885 1224 1920 1294 in
1947 1225 2068 1318 aliquo

632 1319 824 1409 impunita;
859 1339 923 1388 neo
955 1318 1076 1407 judeis
1111 1319 1146 1389 in
1181 1316 1385 1411 hujusmodi
1421 1318 1708 1412 delinquentibus
1744 1321 1815 1391 sint
1848 1321 2067 1415 imponende

632 1415 933 1509 peregrinationes
949 1410 990 1511 [ιθ
1008 1412 1055 1486 27
1076 1412 1113 1513 d]
1137 1428 1354 1504 sanctorum,
1377 1416 1434 1487 vel
1451 1437 1574 1487 cruces
1588 1416 1632 1487 ad
1650 1419 1877 1511 portandum,
1899 1430 1961 1489 aut
1974 1420 2067 1511 Jeju-

632 1514 711 1598 nia,
742 1522 779 1583 et
807 1511 1009 1602 hujusmodi
1042 1513 1170 1583 similia
1202 1514 1237 1584 in
1262 1514 1392 1606 quibus
1413 1514 1617 1585 nullatenus
1636 1528 1875 1599 mererentur;
1897 1516 1999 1602 ideo,
2021 1517 2068 1590 de

614 1609 805 1682 bonorum
825 1611 982 1680 virorum
1011 1610 1177 1698 consilio,
1200 1613 1372 1705 prelatum
1389 1611 1538 1702 judeum
1561 1633 1626 1704 pro
1651 1612 1819 1705 predictis
1839 1614 2064 1705 punivimus,

631 1719 665 1779 et
694 1707 809 1778 eidem
839 1707 1071 1800 imposuimus
1099 1709 1135 1777 in
1168 1729 1294 1801 penam
1321 1719 1360 1778 ut
1392 1710 1508 1779 solvat
1540 1723 1680 1780 centum
1715 1709 1823 1781 libras
1842 1710 2066 1784 Turonenscs

632 1804 894 1876 distribuendas
924 1817 959 1875 et
985 1804 1239 1898 expendendas
1267 1806 1302 1875 in
1328 1805 1394 1898 piis
1424 1805 1546 1877 usibus
1569 1827 1633 1877 sen
1661 1808 1829 1899 operibus
1854 1808 1994 1900 pietatis
2018 1809 2066 1880 ad

631 1914 789 1974 nostrum
812 1902 1013 1989 arbitrium,
1033 1904 1078 1973 de
1102 1903 1232 1994 quibus
1255 1924 1288 1973 c.
1316 1902 1416 1973 libris
1441 1903 1487 1973 ad
1511 1903 1716 1974 mandatum
1746 1915 1903 1976 nostrum
1930 1907 2066 1998 integre

630 2000 824 2088 satisfecit3
847 2000 1033 2093 ipsumque
1057 2001 1275 2072 absolvimus
1300 2011 1336 2070 et
1361 2000 1558 2093 quittamus
1581 2003 1627 2071 ab
1653 2001 1815 2094 illisque
1840 2003 1875 2072 in
1899 2002 2066 2096 predictis

630 2098 823 2182 commisit,
845 2097 891 2167 de
915 2098 1045 2190 quibus
1068 2097 1241 2169 duntaxat
1264 2098 1447 2170 consessus
1472 2113 1525 2169 est
1545 2108 1581 2168 et
1601 2099 1807 2190 recognovit
1823 2120 1941 2171 coram
1960 2100 2066 2172 nobis

632 2195 667 2264 in
688 2195 818 2285 juditio
844 2195 1051 2283 veritatem,
1075 2194 1309 2289 precipientes
1329 2195 1445 2266 eidem
1465 2217 1511 2266 ne
1530 2195 1576 2266 de
1595 2207 1714 2268 cetero
1737 2196 1853 2268 simile
1874 2197 2009 2290 aliquid
2030 2198 2065 2269 in

631 2292 750 2385 aliquo
780 2302 989 2385 attemptare
1019 2303 1221 2384 presumat,
1243 2292 1310 2363 sub
1344 2313 1433 2385 pena
1459 2293 1609 2364 carceris
1637 2304 1673 2365 et
1702 2293 1781 2365 aliis
1808 2294 1908 2387 penis
1937 2315 1958 2365 a
1985 2295 2067 2386 jure

630 2390 770 2460 statutis
793 2400 914 2460 contra
937 2389 1017 2460 talia
1038 2390 1228 2479 facientes3
1253 2389 1493 2461 concedentes
1512 2391 1627 2462 eidem
1647 2390 1781 2463 litteras
1803 2391 1920 2484 sigillo
1945 2405 2067 2464 nostro

629 2487 801 2578 sigillatas
820 2486 858 2556 in
878 2487 1116 2558 testimonium
1137 2487 1310 2558 veritatis.
1331 2487 1476 2576 Datum,
1498 2498 1566 2559 etc.

634 2795 692 2860 14.
716 2795 850 2859 Forma
864 2795 911 2859 ad
927 2795 1185 2875 deponendum
1204 2810 1335 2861 cruces
1349 2803 1454 2861 extra
1467 2812 1673 2861 sermonem
1686 2813 1761 2861 non
1776 2796 1996 2878 simpliciter
2010 2804 2067 2864 set

1035 2903 1082 2967 ad
1099 2911 1245 2983 tempus
1260 2919 1304 2968 ex
1318 2903 1443 2984 alique
1456 2904 1520 2984 pie
1537 2919 1661 2968 causa.

680 3172 815 3244 Tenore
844 3176 1062 3266 presentium
1091 3184 1208 3266 pateat
1230 3174 1358 3246 Christi
1382 3172 1546 3246 fidelibus
1566 3176 1742 3246 universis
1761 3173 1858 3266 quod
1877 3194 1942 3246 nos
1960 3174 2067 3247 irater

635 3269 713 3340 talis
727 3270 757 3340 N
761 3324 787 3355 .,
802 3270 880 3341 ord.
894 3269 1013 3356 Pred,
1024 3274 1212 3364 inquisitor
1223 3270 1378 3344 heretice
1392 3274 1588 3365 pravitatis,
1603 3282 1689 3360 etc„
1703 3273 1771 3364 piis
1781 3271 1954 3344 bonorum
1970 3275 2066 3344 viro·
2182 3340 2186 3347 .

633 3389 709 3437 rum
735 3368 897 3463 precibus
917 3368 1077 3439 inclinati
1095 3366 1169 3461 (vel
1187 3369 1237 3440 sic
1256 3395 1268 3439 :
1286 3372 1546 3462 compaoicntes
1568 3371 1743 3441 senectuti
1766 3368 1823 3439 uel
1838 3393 1851 3437 .·
1872 3367 2067 3440 infirmitati

635 3465 715 3535 talis
738 3467 780 3537 N.
805 3467 851 3536 de
875 3465 936 3534 tali
963 3465 1040 3538 looo
1066 3465 1123 3536 ccl
1148 3490 1160 3534 .·
1190 3466 1311 3538 liberis
1338 3468 1415 3558 ejus
1440 3477 1478 3536 ut
1505 3469 1557 3537 eis
1588 3470 1699 3561 possit
1722 3466 1848 3537 melius
1879 3487 1943 3538 seu
1968 3487 2065 3537 com·

633 3563 774 3635 modius
806 3563 998 3634 subvenire
1026 3563 1081 3634 cel
1110 3587 1122 3631 .·
1151 3562 1241 3635 filias
1266 3559 1307 3661 [l⁰
1337 3562 1384 3636 28
1409 3560 1443 3661 a]
1475 3568 1661 3649 maritare,
1689 3562 1797 3634 etsie
1824 3562 1869 3634 dc
1898 3562 2067 3635 similtbus

631 3662 749 3732 causis
780 3683 847 3757 que
876 3660 1037 3752 conprimi
1064 3663 1297 3754 paternella
1326 3661 1520 3752 hocloco),
1552 3662 1635 3733 moti
1669 3661 1799 3731 intuitu
1832 3661 1993 3754 pietatis,
2020 3662 2067 3732 ad

635 3767 773 3853 tempus
797 3759 953 3832 sedimus
979 3758 1093 3830 eidem
1121 3760 1182 3829 teli
1204 3758 1245 3831 N.
1268 3760 1443 3830 licentiam
1470 3779 1539 3829 non
1568 3759 1729 3852 portandi
1754 3778 1876 3829 cruces
1901 3759 1947 3830 de
1974 3757 2067 3831 filtro

632 3877 704 3947 que
733 3857 815 3929 olim
845 3857 987 3926 luerunt
1012 3857 1080 3928 sibi
1108 3878 1169 3949 per
1194 3878 1258 3929 nos
1276 3855 1377 3951 (aal:
1398 3877 1460 3949 per
1487 3856 1593 3927 talem
1621 3852 1881 3950 inquisitorem)
1899 3855 1935 3926 in
1962 3857 2064 3951 peni·

634 3956 779 4026 tentiam
806 3965 842 4026 et
866 3954 1008 4024 nomine
1032 3957 1226 4048 penitentie
1251 3957 1407 4046 injuncte
1431 3964 1467 4026 et
1492 3953 1655 4047 imposile
1680 3956 1724 4025 ad
1752 3953 1963 4046 portandum
1984 3973 2065 4024 cum

633 4047 877 4149 quibus[dam]
907 4052 985 4121 aliis
1016 4052 1121 4123 certis
1152 4053 1354 4146 penitentiis
1383 4052 1580 4140 iaciendis3
1606 4051 1840 4123 concedentes
1873 4050 1989 4122 eidem
2020 4050 2067 4122 de

634 4151 744 4241 gratia
770 4148 914 4244 speciali
938 4147 1034 4242 quod
1058 4149 1136 4220 sine
1161 4150 1328 4242 predictis
1353 4148 1517 4220 crucibus
1542 4150 1682 4219 incedat
1706 4169 1818 4241 usque
1850 4148 1896 4219 ed
1927 4158 2066 4243 tempus

634 4268 705 4339 quo
739 4250 889 4340 primum
923 4266 1120 4318 sermonem
1155 4247 1403 4340 inquisitorum
1437 4249 1473 4316 in
1511 4247 1571 4316 tali
1604 4246 1748 4341 dyocesi
1779 4245 1959 4338 continget
1987 4244 2066 4317 fieri

633 4345 857 4435 generalem,
878 4346 947 4415 nisi
974 4343 1076 4416 nobis
1103 4355 1164 4414 aut
1190 4345 1319 4416 nostris
1344 4345 1379 4413 in
1405 4343 1644 4436 inquisitionis
1668 4342 1783 4415 officio
1802 4342 2066 4415 successoribus

633 4445 725 4512 circa
757 4441 825 4513 boc
855 4441 995 4512 interim
1026 4439 1097 4536 (vel
1116 4467 1127 4509 :
1147 4442 1264 4513 medio
1295 4443 1468 4534 tempore)
1499 4441 1595 4512 alind
1626 4442 1821 4512 videretur.
1842 4439 2065 4531 injunximus

633 4550 751 4609 autem
771 4539 885 4611 eidem
906 4540 973 4610 sub
993 4539 1123 4610 virtute
1141 4560 1161 4610 a
1182 4561 1221 4611 se
1236 4560 1353 4611 coram
1374 4539 1477 4610 nobis
1495 4538 1631 4633 prestiti
1647 4539 1852 4630 juramenti,
1869 4538 1966 4630 quod
1983 4547 2066 4610 tunc

633 4638 677 4707 ad
699 4657 896 4709 sermonem
917 4638 1179 4729 inquisitorum,
1193 4636 1406 4728 ubicumque
1425 4635 1499 4721 fiat,
1516 4636 1746 4730 personaliter
1756 4635 1877 4706 veniat
1891 4656 1970 4706 cum
1986 4656 2066 4706 cru·

633 4734 733 4805 cibus
756 4735 826 4826 iam
848 4734 1054 4828 resumptis,
1075 4737 1231 4827 ipsorum
1252 4734 1455 4805 mandatum
1482 4744 1517 4806 et
1538 4734 1798 4827 beneplacitum
1822 4731 2009 4803 auditurus
2029 4742 2066 4805 et

633 4832 886 4924 completurus,
908 4843 944 4903 et
961 4832 1123 4924 gratiam,
1144 4832 1174 4903 si
1194 4844 1229 4903 et
1248 4853 1352 4925 quam
1371 4831 1439 4902 sibi
1460 4832 1574 4903 lacere
1595 4831 1787 4918 voluerint,
1809 4841 2062 4925 percepturus;

633 4926 740 4998 nichil
768 4931 994 5000 immutantes
1018 4927 1053 4999 iu
1079 4929 1158 5001 aliis
1185 4951 1255 5022 que
1286 4930 1322 5000 in
1347 4928 1473 5000 litteris
1500 4948 1565 5000 sue
1594 4929 1787 5023 penitentie
1814 4928 2063 5017 continentur,

633 5025 868 5097 concedentes
887 5026 1001 5099 eidem
1022 5025 1082 5098 tali
1102 5026 1144 5097 N.
1166 5038 1348 5121 presentes
1368 5026 1520 5116 litteras,
1542 5037 1627 5116 etc,
1650 5035 1688 5096 ut
1706 5047 1826 5119 supra.
