4612 6404
1027 656 1154 722 ouium
1180 657 1277 710 rans.
1799 642 1865 712 tut

435 822 554 883 sancta
572 813 728 882 Romana
747 811 902 884 Ecclesia
923 813 1080 907 predicat
1096 824 1131 884 et
1149 815 1330 899 observat,
1351 822 1388 883 et
1401 814 1436 881 in
1457 833 1497 882 ea
1518 813 1642 884 vivere
1658 827 1693 884 et
1709 818 1816 901 mori;
1835 825 1872 886 et

436 911 603 1003 promitto
626 923 660 981 et
681 909 766 1004 juro
791 932 913 1004 parere
941 911 1114 982 mandatis
1137 911 1296 1004 ejusdem
1322 919 1442 980 sancte
1462 909 1616 981 Ecclesie
1636 912 1693 981 cni
1714 912 1871 1006 presidet

436 1007 471 1076 in
493 1003 647 1102 presenti
668 1009 911 1079 sanctissimus
930 1020 1031 1102 pater
1050 1029 1091 1079 ac
1110 1010 1277 1082 dominus
1301 1009 1343 1078 N.
1367 1029 1456 1102 papa
1477 1007 1575 1095 talis,
1601 1009 1670 1078 sub
1691 1029 1779 1102 pena
1800 1028 1871 1103 que

435 1105 575 1195 dejure
594 1106 744 1177 debetur
757 1107 905 1201 relapsis
921 1109 955 1175 in
971 1106 1127 1177 heresim
1148 1108 1183 1177 in
1198 1107 1329 1198 juditio
1344 1105 1554 1197 abjuratam.
1576 1106 1617 1176 tlt
1644 1118 1724 1199 peto
1743 1129 1870 1179 recon-

435 1204 543 1275 siliari
564 1205 801 1275 ecclesiastice
833 1205 957 1274 unitati
980 1218 1015 1274 et
1041 1205 1274 1277 absolutionis
1296 1202 1507 1274 beneficium
1540 1203 1644 1274 micbi
1665 1206 1822 1298 impendi
1850 1227 1874 1276 a<

435 1303 607 1373 sententia
625 1302 1000 1373 excommunicationis
1015 1305 1082 1372 late
1100 1325 1121 1373 a
1141 1303 1338 1375 canonibus
1350 1312 1470 1373 contra
1490 1302 1620 1373 Grecos
1636 1303 1867 1375 scismaticos

437 1557 494 1623 12.
520 1559 650 1622 Modus
665 1558 861 1636 abjurandi
876 1566 1016 1638 pestem
1038 1566 1075 1621 et
1099 1573 1259 1621 errorem
1279 1557 1555 1633 sortilegiorum
1582 1565 1647 1621 aut
1667 1558 1868 1621 divinatio·

474 1682 564 1730 num
579 1673 615 1728 et
629 1665 906 1730 invocationum
925 1667 1137 1741 demonum,
1155 1665 1312 1728 maxime
1327 1665 1390 1729 nbi
1406 1673 1549 1743 saperet
1566 1665 1724 1728 heresim
1741 1672 1871 1729 contra

475 1773 668 1836 veritatem
683 1789 726 1835 ac
742 1773 916 1852 pietatem
931 1773 1157 1837 sacramenti
1174 1772 1408 1836 Eucharistie
1424 1771 1482 1834 vel
1499 1772 1674 1852 baptismi
1697 1789 1762 1836 seu
1781 1773 1870 1836 alio·

476 1896 556 1944 rum
573 1888 905 1956 sacramentorum,
925 1888 990 1945 ant
1010 1880 1073 1944 ubi
1096 1881 1135 1943 in
1158 1880 1392 1943 invocatione
1413 1880 1610 1942 demonum
1638 1879 1872 1943 exhiberetur

475 1995 540 2051 aut
553 1986 655 2050 fleret
670 1986 892 2051 sacrificium
908 1988 967 2050 vel
982 1987 1185 2050 immolatio
1201 1986 1347 2050 demoni
1358 1993 1423 2050 aut
1437 1985 1579 2065 aliquid
1592 1985 1694 2049 aliud
1710 2002 1872 2050 errorem

474 2109 686 2173 expressum
704 2095 900 2158 continens
913 2102 1043 2158 contra
1059 2092 1177 2156 tidem.

483 2310 555 2402 Ego
578 2311 656 2380 talis
674 2311 716 2381 N.
740 2313 785 2382 de
806 2313 865 2382 tali
884 2311 986 2395 loco,
1007 2311 1087 2380 talis
1104 2310 1288 2404 dyocesis,
1313 2309 1346 2377 in
1367 2308 1498 2399 juditio
1517 2309 1729 2379 constitutus
1749 2330 1868 2380 coram

436 2409 537 2480 vobis
573 2408 615 2480 N.
652 2409 709 2478 tali
749 2411 978 2500 inquisitore,
1006 2409 1130 2499 abjuro
1157 2409 1296 2499 penitus
1323 2428 1463 2478 omnem
1480 2428 1635 2478 errorem
1662 2417 1697 2476 et
1717 2406 1870 2477 heresim

436 2506 661 2579 extollentem
694 2528 733 2577 se
765 2508 938 2577 adversus
978 2504 1082 2576 fidem
1113 2504 1320 2576 catholicam
1357 2504 1498 2575 Domini
1521 2503 1630 2576 lbesn
1669 2503 1795 2574 Christi
1834 2515 1871 2575 et

436 2603 633 2698 specialiter
653 2615 688 2674 et
704 2626 873 2697 expresse
889 2603 1014 2695 abjuro
1031 2624 1171 2675 omnem
1192 2603 1464 2696 baptizationem
1483 2605 1686 2695 ymaginum
1707 2615 1767 2672 aut
1786 2603 1871 2673 alte·

436 2704 507 2773 rius
522 2705 574 2772 rei
594 2702 806 2774 irrationalis
827 2715 861 2772 et
875 2724 1016 2773 omnem
1039 2703 1350 2794 rebaptizationem
1373 2699 1558 2769 hominnm
1579 2703 1644 2769 rite
1663 2711 1698 2770 et
1712 2700 1871 2792 legitime

436 2803 531 2893 prins
540 2801 810 2892 baptizatorum.
825 2800 924 2887 ltem,
941 2801 1192 2892 quodcumque
1200 2797 1420 2889 sortilegium
1435 2820 1499 2868 seu
1513 2796 1723 2868 maleficium
1741 2800 1870 2868 iactum

435 2907 495 2967 aut
513 2897 668 2968 fiendum
687 2920 766 2969 cum
788 2919 888 2969 sacro
908 2909 970 2968 aut
988 2898 1034 2968 de
1053 2919 1154 2969 sacro
1181 2895 1334 2986 Corpore
1352 2893 1497 2983 Christi,
1527 2908 1588 2965 ant
1607 2917 1685 2966 cum
1706 2896 1872 2966 crismate

397 3042 400 3047 -
436 2995 491 3066 vel
510 2997 589 3067 oleo
606 3008 728 3067 sancto
744 3018 807 3067 sen
823 2996 1024 3067 benedicto.
1043 2997 1128 3066 ltem
1145 2990 1185 3091 [l0
1207 2994 1276 3062 tta
1291 2989 1353 3091 dj,
1369 3015 1508 3064 omnem
1530 2993 1786 3065 divinationem
1806 3014 1871 3065 seu

435 3095 693 3165 invocationem
719 3096 925 3182 demonum,
939 3095 1094 3164 maxime
1107 3114 1186 3164 cum
1205 3092 1412 3163 adoratione
1431 3113 1494 3162 seu
1515 3093 1713 3163 reverentia
1730 3092 1783 3162 eis
1799 3071 1872 3163 exi·¹

434 3191 506 3262 bita
526 3192 583 3262 vel
613 3193 814 3275 exibenda,
844 3205 905 3262 ant
924 3214 1004 3263 cum
1027 3192 1191 3280 homagio
1215 3189 1306 3260 lacto
1332 3210 1396 3260 sen
1423 3189 1585 3261 laciendo
1611 3191 1683 3278 eis,
1710 3201 1770 3260 aut
1789 3212 1871 3262 cum

433 3311 657 3382 quocumque
684 3289 859 3362 sacrificio
884 3312 948 3360 sen
984 3290 1228 3361 immolatione
1248 3288 1397 3378 alicujus
1418 3289 1468 3358 rei
1489 3288 1623 3359 eisdem
1646 3310 1707 3382 per
1727 3289 1871 3360 modum

433 3386 593 3458 sacrificii
626 3410 688 3458 sen
724 3388 976 3460 immolationis
1004 3387 1202 3459 ollerendo.
1233 3386 1340 3474 ltem,
1376 3387 1501 3476 abjuro
1526 3396 1637 3457 artem
1663 3399 1698 3457 et
1726 3387 1870 3458 modom

383 3493 386 3501 '
434 3485 582 3556 faciendi
616 3487 799 3579 ymagines
829 3487 873 3556 de
894 3485 1058 3580 plumbo
1087 3507 1151 3556 sen
1178 3486 1223 3555 da
1251 3506 1353 3570 cera,
1386 3506 1448 3554 seu
1480 3486 1525 3555 de
1555 3506 1779 3578 quacumque
1801 3486 1871 3557 alta

435 3585 578 3654 materia
606 3585 650 3654 ad
688 3605 931 3677 quoscumque
968 3585 1115 3654 ellectus
1147 3583 1288 3653 illicitos
1314 3583 1570 3675 procurandos.
1605 3584 1711 3697 item
1745 3584 1871 3674 abjuro

433 3692 542 3751 artem
564 3682 657 3752 illam
679 3702 783 3773 quam
797 3694 925 3754 vocant
943 3682 1060 3752 Sancti
1077 3682 1235 3773 Georgii.
1256 3681 1341 3751 item
1355 3681 1509 3772 ,abjuro
1523 3638 1734 3774 generaliter
1750 3686 1870 3755 omnia

433 3780 611 3871 sortilegia
643 3781 854 3872 dampnata,
879 3781 1033 3851 maxime
1058 3801 1129 3873 que
1147 3780 1357 3850 ordinantur
1375 3780 1420 3850 ad
1454 3802 1696 3894 quoscumque
1722 3782 1869 3854 allectus

435 3879 674 3969 procurandos
697 3877 836 3948 illicitos
853 3892 915 3949 aut
934 3878 1094 3949 nocivos.
1116 3879 1216 3964 Item,
1248 3877 1414 3969 promitto
1440 3890 1476 3948 et
1496 3882 1579 3970 juro
1607 3900 1662 3950 me
1680 3901 1743 3972 pro
1763 3902 1869 3972 posse

434 3996 512 4046 meo
533 3975 721 4069 persequi,
742 3976 908 4068 detegere
935 3998 1000 4047 seu
1027 3976 1186 4047 revelare
1210 3974 1480 4066 inquisitoribus
1509 3990 1571 4047 aut
1595 3977 1759 4069 prelatis,
1789 3978 1868 4048 ubi-

433 4094 583 4166 cumque
613 4085 648 4143 et.
674 4074 969 4166 quandocumque
994 4075 1131 4144 scirem·
1147 4094 1225 4144 esse
1245 4073 1398 4164 aliquem
1422 4074 1478 4143 vel
1498 4074 1635 4167 aliquos
1657 4074 1866 4162 facientem,

434 4171 489 4240 vel
509 4171 675 4241 iacientes
693 4171 847 4262 predicta
864 4173 921 4241 vel
938 4171 1057 4264 aliqua
1080 4173 1332 4264 predictorum.
1351 4171 1435 4241 ltem
1451 4225 1459 4257 ‚
1476 4172 1558 4262 juro
1575 4182 1611 4241 et
1628 4174 1792 4266 promitto
1813 4194 1868 4244 me

433 4288 576 4338 servare
590 4280 624 4338 et
641 4279 760 4338 tencre
780 4266 884 4340 fidem
904 4270 1126 4357 catholicam,
1149 4282 1233 4355 etc,
1253 4269 1344 4338 sicut
1362 4290 1483 4362 supra,
1503 4273 1539 4339 in
1561 4271 1666 4341 modo
1685 4271 1865 4341 communi

433 4366 632 4457 abjurandi.

436 4594 493 4659 13.
515 4596 690 4659 Doctrina
709 4613 773 4659 seu
787 4597 987 4660 instructio
1006 4597 1166 4676 qualiter
1182 4597 1434 4693 attengendum
1454 4597 1497 4658 de
1513 4598 1681 4676 personis
1697 4606 1762 4661 ant
1782 4615 1865 4662 cnm

469 4703 637 4780 personis
652 4704 690 4765 in
701 4703 836 4780 juditio
853 4701 1072 4766 confessatis
1087 4720 1130 4766 ac
1146 4704 1258 4766 etiam
1281 4703 1324 4765 de
1339 4703 1416 4765 illis
1431 4719 1501 4783 qua
1518 4704 1630 4767 citate
1645 4710 1682 4766 et
1697 4712 1866 4783 suspecta

471 4808 605 4872 nolunt
620 4808 786 4872 confiteri
800 4810 986 4888 injudicio
1003 4811 1208 4874 veritatem.

481 5023 667 5118 Postquam
689 5028 817 5118 aliquis
843 5026 1025 5097 confessus
1054 5027 1158 5098 fuerit
1190 5027 1224 5095 in
1245 5027 1376 5116 juditio
1401 5026 1446 5097 de
1470 5027 1666 5099 commissis
1687 5029 1722 5096 in
1750 5028 1865 5100 heresi
