4612 6404
1038 689 1143 744 vatur
1168 687 1266 747 naus.
1823 674 1870 746 25

435 851 527 922 dicte
553 845 770 919 defensionis
800 846 951 938 quedam
982 846 1160 940 proposita
1195 867 1258 941 per
1288 844 1440 917 eundem
1466 847 1552 917 tales
1574 857 1609 917 et
1636 847 1722 919 tales
1745 869 1867 941 parro-

433 948 580 1020 chianos
598 956 753 1026 vestros,
775 954 810 1013 et
828 964 935 1035 super
962 942 1027 1015 bec
1049 944 1191 1036 petierit
1215 964 1234 1013 a
1261 943 1362 1015 nobis
1386 943 1480 1036 ipsos
1506 944 1625 1015 vocari
1653 956 1689 1015 et
1712 945 1809 1015 citari
1832 956 1870 1017 ut

436 1056 564 1131 testes3
589 1041 797 1112 auctoritate
821 1040 1012 1133 apostolica
1035 1063 1105 1133 qua
1129 1040 1308 1132 fungimur
1335 1040 1437 1112 vobi's
1466 1041 1674 1112 mandamus
1701 1043 1868 1135 quatinus

433 1142 568 1229 citetis,
590 1150 755 1231 exparte
775 1149 912 1224 nostra,
932 1139 976 1208 ad
998 1138 1199 1209 instantiam
1219 1148 1255 1209 et
1275 1138 1539 1231 requisitionem
1557 1139 1681 1233 prefati
1702 1140 1780 1210 talis
1799 1142 1865 1213 de-

434 1238 629 1325 fendentis,
664 1236 750 1307 tales
772 1246 807 1305 et
825 1235 912 1305 tales
950 1234 1001 1330 (iu
1020 1237 1085 1308 isto
1101 1236 1173 1308 loeo
1186 1236 1314 1329 poterit
1327 1235 1436 1319 addi,
1454 1237 1487 1306 si
1503 1236 1618 1307 cisum
1636 1236 1770 1330 fuerit,
1788 1238 1866 1311 sic:

433 1339 498 1408 sub
519 1356 609 1429 pena
629 1333 1025 1421 excommunicationis;
1053 1335 1109 1404 cel
1134 1333 1301 1426 dimitti),
1335 1338 1372 1404 ut
1401 1334 1458 1402 tali
1488 1334 1642 1427 dieque
1669 1336 1867 1407 intitulatur

434 1435 511 1505 talis
522 1435 610 1520 ltla.,
627 1431 791 1515 Tholose,
809 1432 843 1499 in
857 1431 964 1502 domo
980 1431 1220 1522 inquisitionis
1237 1433 1342 1522 juxta
1357 1430 1514 1501 Castrum
1528 1432 1770 1519 Narbonense,
1789 1456 1867 1526 per·

432 1531 600 1604 sonaliter
618 1539 844 1622 compareant
863 1550 981 1599 coram
1003 1529 1119 1612 uobis,
1139 1531 1380 1619 juramentum
1399 1530 1587 1620 prestaturi
1609 1551 1706 1602 more
1726 1532 1866 1602 testium

434 1641 468 1701 et
482 1629 571 1699 alias
588 1627 772 1698 veritatem
792 1626 919 1696 dicturi
935 1637 970 1696 et
988 1628 1190 1719 responsuri
1208 1628 1275 1698 sub
1295 1625 1655 1721 prestitojuramento
1669 1650 1777 1721 super
1796 1629 1865 1699 iilis

436 1727 631 1819 dequibus
652 1725 685 1794 in
706 1744 812 1794 causa
828 1723 922 1794 dicte
941 1723 1157 1796 defensionis
1175 1746 1195 1795 a
1219 1726 1321 1796 nobis
1347 1721 1387 1821 [fj
1411 1722 1454 1792 t3
1475 1720 1509 1822 a]
1533 1725 1589 1795 vel
1610 1725 1787 1819 deputatis
1806 1748 1867 1819 per

436 1846 498 1896 nos
518 1825 649 1895 fuerint
670 1821 829 1913 requisiti
857 1843 920 1892 seu
947 1822 1170 1913 interrogati,
1194 1831 1229 1892 et
1256 1821 1455 1913 insignum
1485 1822 1615 1915 recepti
1640 1835 1676 1894 et
1702 1825 1867 1918 completi

436 1944 497 2014 per
515 1942 581 1992 vos
603 1920 757 1991 mandati
779 1919 888 1990 nostri
912 1919 1067 2010 sigillum
1091 1930 1247 1990 vestrum
1269 1920 1494 2012 presentibus
1518 1922 1718 2013 apponatis.
1740 1922 1866 1993 Datum

435 2019 586 2091 Tholose
604 2018 671 2089 sub
690 2016 806 2107 sigillo
830 2026 971 2105 nostro,
993 2028 1061 2087 etc.

435 2270 492 2336 26.
516 2271 650 2336 Forma
663 2272 739 2336 alfa
753 2271 925 2352 specialis
938 2272 979 2335 in
989 2272 1096 2337 modo
1106 2272 1280 2354 loquendi
1295 2273 1342 2336 ad
1360 2273 1553 2338 citandum
1571 2272 1731 2352 aliquem
1748 2274 1865 2356 capel·

471 2382 599 2446 lanum
618 2397 682 2445 seu
699 2382 925 2446 sacerdotem
940 2383 980 2447 in
996 2400 1109 2448 causa
1126 2382 1351 2449 defensionis
1376 2383 1534 2463 alicuius
1557 2383 1721 2448 defuncti
1741 2399 1864 2448 coram

474 2489 706 2570 inquisitore.

484 2707 601 2777 frater
610 2707 688 2777 Ber.
706 2704 891 2789 Guidouis,
906 2704 983 2775 ord.
997 2703 1148 2789 Predic.,
1163 2704 1361 2796 inquisitor,
1374 2719 1459 2788 etc,
1474 2705 1619 2776 domino
1629 2705 1667 2775 P.
1681 2706 1868 2799 capellano

437 2826 497 2876 seu
518 2805 644 2876 rectori
669 2803 747 2874 talis
768 2802 935 2888 ecclesie,
964 2812 1032 2873 etc.
1058 2801 1205 2872 -Cum
1227 2803 1261 2871 in
1282 2822 1387 2872 causa
1407 2802 1622 2873 defensionis
1644 2803 1721 2872 talis
1743 2802 1787 2873 de
1808 2802 1868 2872 tali

438 2903 512 2974 loco
528 2901 684 2973 defuncti
704 2923 774 2993 que
792 2921 909 2970 coram
930 2899 1032 2971 nobis
1046 2900 1210 2984 vertitur,
1231 2900 1308 2970 talis
1325 2899 1418 2969 filius
1433 2900 1700 2992 ejusquondam
1714 2900 1865 2970 etherea

438 3021 528 3070 nunc
547 2999 631 3069 dicti
652 2997 827 3082 defuncti,
850 3018 914 3069 vos
935 2997 1173 3068 nominaverit
1196 2997 1465 3092 producendum
1494 2997 1531 3067 in
1559 3009 1682 3068 testem
1712 2997 1758 3067 ad
1787 3018 1869 3091 pro·

437 3097 588 3168 bandum
609 3098 645 3166 in
665 3116 771 3166 causa
790 3095 882 3166 dicte
899 3095 1114 3167 defensionis
1134 3096 1286 3187 quedam
1309 3096 1487 3189 proposita
1509 3095 1764 3188 pereundam,
1785 3105 1822 3164 et
1847 3116 1867 3166 a

439 3195 536 3266 nobis
557 3195 697 3289 petierit
716 3214 780 3265 vos
800 3192 920 3263 vocari
944 3202 979 3262 et
999 3192 1098 3263 citari
1122 3203 1160 3262 nt
1185 3204 1329 3278 testem,
1351 3193 1562 3264 auctoritate
1580 3193 1772 3286 apostolica
1797 3213 1868 3285 qna

439 3293 631 3384 fungimur,
654 3302 776 3362 tenore
797 3291 1033 3383 presentium,
1057 3311 1121 3361 vos
1141 3291 1290 3361 citamus
1311 3290 1487 3382 vobisque
1506 3290 1715 3361 mandamus
1735 3290 1787 3382 (ia
1805 3289 1870 3360 isio

438 3390 505 3463 loco
518 3391 650 3484 poterit
671 3388 782 3459 addi:
801 3389 868 3458 sub
888 3408 977 3482 pena
996 3388 1171 3459 sententie
1188 3387 1584 3483 excommunicationis)
1601 3389 1647 3460 ad
1668 3387 1869 3458 instantiam

437 3501 471 3559 et
488 3487 752 3580 requisitionem
777 3485 860 3555 dicti
882 3485 959 3555 talis
979 3485 1216 3568 defendentis,
1236 3486 1405 3578 quatinus
1428 3485 1487 3555 tali
1507 3484 1565 3556 die
1582 3507 1652 3577 que
1671 3485 1869 3556 intitulatur

439 3587 514 3656 talis
538 3586 632 3672 ida,
657 3583 825 3670 Tholose,
857 3583 892 3652 in
915 3582 1021 3655 domo
1046 3583 1284 3675 inquisitionis
1306 3584 1409 3674 juxta
1432 3581 1589 3653 Castrum
1615 3583 1865 3671 Narbonense,

440 3683 668 3775 personaliter
687 3681 919 3774 compareatis
947 3701 1064 3752 coram
1090 3681 1193 3751 nobis
1220 3702 1318 3752 more
1347 3680 1445 3751 testis
1469 3682 1708 3771 juramentum
1736 3691 1868 3774 presta·

440 3793 536 3851 turus
557 3791 592 3852 et
611 3780 698 3851 alias
717 3780 783 3850 sub
798 3779 999 3869 juramento
1022 3778 1168 3872 prestito
1188 3780 1376 3849 veritatem
1398 3777 1556 3849 dicturus
1580 3789 1616 3849 et
1635 3798 1868 3869 responsurus
1895 3798 1897 3802 ·

437 3899 543 3972 super
570 3878 638 3948 illis
662 3878 707 3949 de
730 3876 860 3970 quibus
882 3876 918 3945 iu
946 3897 1051 3947 causa
1076 3875 1169 3946 dicte
1197 3876 1458 3947 defensionisa
1483 3876 1585 3948 nobis
1610 3877 1667 3946 vel
1691 3875 1868 3967 deputatis

439 3997 498 4069 per
517 3997 582 4048 nos
602 3970 768 4072 luerit[is]
790 3973 979 4066 requisitus
998 3994 1063 4044 seu
1081 3973 1336 4065 interrogatus,
1354 3985 1389 4044 et
1409 3974 1444 4043 in
1462 3973 1602 4064 signum
1619 3973 1751 4066 recepti
1773 3993 1867 4043 man·

439 4073 509 4144 dati
528 4073 637 4144 nostri
651 4073 805 4164 sigillum
824 4081 980 4143 vestrum
1001 4072 1223 4165 presentibus
1240 4071 1438 4166 apponatis.
1459 4071 1582 4141 Datum
1601 4070 1766 4163 Tholose,
1788 4080 1863 4140 etc.

438 4326 496 4392 27.
513 4330 563 4406 [Ρο
584 4328 618 4392 13
634 4328 665 4408 b]
682 4326 816 4391 Forma
833 4329 992 4393 secunde
1011 4328 1216 4406 citationis,
1233 4328 1265 4392 si
1283 4330 1359 4393 non
1378 4325 1625 4406 comparuerit
1639 4323 1761 4405 prima
1775 4324 1866 4389 vica.

486 4569 605 4641 Frater
621 4570 701 4641 Ber.
722 4569 907 4656 Guidouis,
930 4570 1009 4642 ord.
1030 4569 1150 4655 Pred,
1176 4569 1376 4661 inquisitor,
1396 4579 1481 4662 etc,
1503 4567 1648 4639 domino
1667 4567 1725 4637 tali
1742 4568 1868 4638 rectori

439 4665 516 4737 talis
531 4668 697 4757 ecclesie,
721 4679 789 4739 etc.
802 4708 850 4720 —
864 4666 948 4738 Cum
971 4670 1006 4737 in
1025 4688 1130 4738 causa
1150 4666 1368 4739 defensionis
1387 4666 1467 4736 talis
1485 4665 1640 4735 defuncti
1661 4685 1731 4757 que
1750 4684 1868 4736 coram

439 4765 538 4837 nobis
557 4765 721 4851 vertitur,
741 4765 819 4836 talis
839 4764 932 4836 filius
950 4764 1127 4859 quondam
1147 4776 1183 4835 et
1200 4765 1303 4835 heres
1321 4785 1414 4834 nuuc
1433 4763 1517 4834 dicti
1536 4762 1614 4834 talis
1630 4761 1786 4833 defuncti
1803 4782 1869 4833 vos

438 4863 673 4934 nominaverit
701 4862 965 4956 producendum
996 4864 1032 4932 in
1066 4873 1189 4933 testem
1218 4861 1264 4931 ad
1295 4861 1515 4956 probandum
1546 4861 1582 4931 in
1612 4880 1718 4931 causa
1746 4859 1868 4930 defen·

437 4960 546 5032 sionis
566 4959 723 5054 predicte
742 4961 894 5054 quedam
914 4960 1092 5056 proposita
1112 4982 1175 5052 per
1194 4958 1346 5030 eundem
1368 4959 1486 5046 talem,
1510 4969 1544 5029 ct
1563 4979 1582 5028 a
1603 4957 1706 5030 nobis
1724 4956 1870 5051 pecierit

438 5078 502 5129 vos
524 5058 643 5131 vocari
661 5070 697 5130 et
714 5057 816 5130 citari
837 5069 876 5129 ut
894 5070 1033 5148 testem,
1051 5069 1087 5130 et
1104 5079 1170 5131 vos
1187 5057 1298 5135 semel
1317 5057 1543 5131 citaverimus
1562 5055 1608 5127 ad
1622 5065 1754 5129 certam
1772 5054 1868 5126 diem
