4574 6404
455 628 524 698 rsa
741 643 902 696 enimtea
929 644 1167 709 rnoutstrtonis
1194 643 1356 696 aunarius
1381 642 1594 694 annutritus,

454 803 512 874 die
530 814 566 874 et
581 803 658 874 loco
676 802 896 895 presentibus
915 802 960 872 ad
986 801 1076 872 banc
1097 811 1248 873 nostram
1277 800 1468 871 terendam·
1483 800 1692 871 sententiam
1718 812 1753 872 et
1781 804 1883 895 peni-

452 904 597 971 tentiam
609 899 868 990 „injungendam
891 899 1008 970 eidem
1023 900 1117 969 lratri
1138 899 1179 969 N.
1192 899 1259 988 (cel
1267 897 1479 991 presbitero)
1487 898 1672 989 assignatis
1687 899 1880 994 perhemp-

452 998 543 1069 torie
576 1008 611 1068 et
648 997 802 1088 precise,
835 997 1079 1069 assistentibus
1112 998 1212 1068 nobis
1242 996 1504 1066 venerabilibus
1527 1017 1567 1065 ac
1597 996 1769 1087 religiosis
1789 997 1882 1069 viris

451 1095 639 1166 abbatibus
660 1094 787 1164 talibus
806 1106 840 1165 et
864 1094 991 1165 talibus
1006 1094 1156 1188 aliisque
1176 1094 1347 1186 religiosis
1365 1104 1400 1163 et
1419 1092 1555 1165 clericis
1575 1104 1693 1164 nostre
1714 1094 1881 1188 dyocesis

453 1191 722 1288 (eeprimantur
748 1214 897 1284 persone
924 1192 1122 1287 spectabiles
1142 1192 1182 1262 iu
1206 1190 1270 1262 boc
1294 1188 1390 1284 loco),
1422 1191 1456 1260 in
1490 1191 1640 1262 eundem
1666 1193 1805 1263 fratrem
1834 1193 1879 1265 N.

452 1291 669 1362 sacerdotem
697 1287 767 1385 (cel
788 1291 1036 1382 presbiterum)
1062 1301 1229 1384 perpetue
1253 1289 1482 1381 depositionis
1508 1300 1542 1359 et
1570 1288 1832 1380 degradationis
1862 1311 1884 1361 a

452 1388 660 1459 sacerdotali
679 1388 822 1459 etomni
841 1388 911 1459 alio
924 1389 1062 1472 ordine,
1084 1387 1290 1459 auctoritate
1310 1398 1428 1457 nostra
1448 1385 1625 1457 ordinaria
1647 1384 1719 1479 (eet
1731 1387 1823 1459 scut
1843 1389 1883 1458 in

451 1507 535 1557 cusu
553 1485 716 1578 speciali:
738 1487 943 1557 auctoritate
960 1487 1039 1557 lreti
1058 1485 1247 1579 apostolica
1263 1485 1297 1554 in
1315 1484 1488 1577 hacparte
1504 1505 1545 1554 ac
1564 1484 1712 1578 nostra),
1733 1497 1881 1557 senten·

452 1583 534 1654 tiam
563 1584 707 1654 serimus
734 1585 769 1653 in
799 1584 867 1654 hiis
893 1585 1052 1677 scriptis,
1080 1585 1352 1676 pronunciantes
1379 1582 1627 1653 nichilominus
1655 1583 1768 1674 ipsum
1801 1605 1882 1656 esse

450 1684 568 1751 statim
598 1681 780 1752 actualiter
810 1681 845 1750 in
872 1683 982 1753 lorma
1013 1683 1135 1772 ajuro
1161 1680 1286 1750 tradita
1316 1679 1581 1771 degradandum
1609 1700 1649 1750 ac
1676 1702 1754 1751 cum
1783 1682 1882 1752 omni

450 1778 602 1850 clericali
622 1779 770 1865 honore,
788 1778 910 1850 habitu
930 1791 966 1850 et
983 1780 1168 1872 privilegio
1183 1777 1384 1849 exuendum
1397 1803 1406 1865 ;
1421 1799 1474 1864 ac,
1496 1789 1680 1870 postquam
1694 1780 1883 1872 sicdegra·

451 1876 554 1947 datus
571 1878 695 1965 luerit,
714 1878 758 1947 ad
780 1889 985 1970 perpetuum
1006 1878 1096 1948 muri
1115 1897 1290 1947 carcerem
1310 1876 1354 1946 ad
1369 1874 1544 1966 agendum
1565 1876 1611 1945 ibi
1633 1876 1880 1969 penitentiam,

450 1975 574 2045 eadem
597 1976 803 2047 auctoritate
822 1976 1076 2046 sententialiter
1098 1975 1416 2067 condempnemus,
1432 1975 1467 2042 in
1485 1996 1555 2064 quo
1575 1972 1716 2065 quidem
1737 1995 1883 2047 carcere

452 2066 494 2167 [N
506 2069 552 2140 8l
572 2067 607 2169 b]
629 2075 696 2144 sub
715 2073 866 2144 vinculis
885 2075 1007 2145 ferreis
1023 2074 1057 2143 in
1079 2093 1169 2167 pane
1184 2072 1315 2143 doloris
1334 2083 1371 2143 et
1388 2092 1478 2163 aqua
1493 2074 1655 2164 angustie
1672 2082 1881 2165 perpetuam

448 2182 529 2260 agat
560 2171 786 2263 penitentiam
824 2170 870 2241 de
898 2171 1116 2259 commissis,
1147 2180 1333 2264 portetque
1371 2181 1539 2262 perpetuo
1576 2171 1610 2239 in
1644 2171 1738 2240 omni
1778 2182 1884 2242 veste

448 2287 513 2337 sua
530 2269 702 2360 superiori
723 2270 811 2339 duas
830 2270 1013 2362 ymagines
1033 2290 1096 2339 seu
1113 2268 1243 2359 figuras
1259 2270 1460 2363 ymaginum
1481 2268 1526 2337 de
1538 2267 1631 2340 filtro
1649 2269 1761 2338 crocei
1781 2268 1882 2339 colo-

448 2367 498 2435 ris
517 2378 600 2436 ante
622 2377 742 2460 pectus
772 2377 807 2437 et
831 2368 918 2437 duas
946 2379 1040 2438 retro
1066 2368 1157 2437 inter
1182 2367 1337 2458 spatulas
1363 2366 1617 2456 dependentes,
1644 2386 1731 2457 quas
1760 2367 1879 2438 eidem

448 2463 661 2558 imponimus
680 2466 725 2536 de
746 2466 912 2557 presenti,
932 2466 1008 2535 sine
1028 2465 1157 2556 quibus
1177 2465 1425 2556 apparentibus
1448 2463 1538 2534 intra
1560 2465 1614 2533 vel
1635 2476 1736 2535 extra
1756 2485 1878 2537 carce·

449 2581 522 2632 rem
548 2562 714 2657 deinceps
742 2584 811 2633 oon
832 2563 985 2650 incedat,
1012 2563 1047 2632 io
1077 2563 1353 2633 detestationemw
1370 2561 1530 2632 factionis
1554 2563 1757 2654 ymaginum
1783 2573 1820 2631 et
1843 2576 1882 2634 ut

447 2659 565 2730 sinlei
584 2661 618 2730 in
632 2662 793 2732 velamen
810 2671 844 2732 et
858 2661 1099 2732 contusionem
1116 2660 1316 2732 occulorum
1334 2671 1369 2730 et
1382 2659 1460 2730 aliis
1476 2661 1511 2728 in
1528 2661 1743 2753 exemplum.
1757 2659 1882 2733 Mone-

447 2778 526 2828 mus
546 2771 662 2829 autem
681 2760 794 2851 ipsum
816 2760 958 2829 fratrem
976 2758 1018 2829 N.
1040 2757 1109 2853 (ael
1122 2757 1373 2852 presbiterum)
1386 2757 1509 2842 semel,
1528 2759 1685 2829 secundo
1701 2769 1737 2828 et
1752 2759 1876 2848 tercio,

447 2875 488 2926 ac
510 2856 768 2949 perhemptoria
788 2868 823 2928 et
845 2859 994 2950 precise,
1015 2868 1051 2927 et
1069 2857 1135 2927 sub
1156 2857 1287 2926 virtute
1303 2856 1409 2927 etiam
1426 2856 1618 2946 yuramenti
1636 2877 1753 2927 coram
1776 2858 1881 2928 nobis

447 2974 510 3045 per
533 2977 613 3025 eum
641 2954 775 3048 prestiti
801 2955 866 3024 sibi
896 2953 1107 3047 precipimus
1136 2963 1171 3024 et
1194 2954 1401 3024 mandamus
1430 2954 1526 3045 quod
1557 2954 1601 3024 ad
1628 2954 1758 3025 dictum
1785 2959 1880 3026 muri

448 3070 623 3123 carcerem
643 3052 696 3145 (ic
711 3053 772 3124 boc
786 3051 1096 3145 locoearpm'mctur
1107 3074 1234 3121 neuen
1252 3058 1283 3122 et
1297 3051 1389 3123 locus
1405 3050 1577 3143 carceris)
1593 3051 1880 3144 personisbnjus·

448 3151 545 3219 modi
559 3150 794 3243 culpabilibus
806 3151 1010 3243 deputatum
1022 3151 1099 3221 sine
1117 3150 1285 3221 dilatione
1302 3149 1447 3222 accedat
1464 3161 1549 3220 etse
1568 3150 1724 3220 includat
1743 3150 1778 3218 in
1800 3150 1876 3239 illo,

447 3248 639 3338 predictam
661 3248 791 3320 ibidem
811 3249 1037 3342 penitentiam
1058 3248 1310 3340 completurus.
1325 3246 1428 3329 Quod
1446 3250 1478 3317 si
1495 3248 1540 3317 ad
1560 3268 1734 3319 carcerem
1754 3247 1880 3340 hujus·

389 3339 393 3347 ’
447 3344 543 3415 modi
564 3366 634 3416 non
654 3349 841 3419 accesserit
858 3356 918 3417 aut
937 3368 976 3417 se
996 3366 1066 3417 non
1087 3346 1268 3418 incluserit
1287 3347 1322 3416 in
1343 3348 1488 3433 eodem,
1504 3355 1565 3415 aut
1585 3356 1663 3437 post
1676 3349 1876 3437 ingressum

447 3447 634 3515 temerarie
660 3446 787 3516 exierit
812 3445 1006 3516 abeodem
1037 3444 1093 3515 vel
1117 3444 1203 3514 alias
1228 3445 1492 3537 impenitentem
1520 3465 1559 3514 se
1587 3441 1789 3514 exhibuerit
1811 3466 1877 3515 seu

447 3551 567 3611 contra
586 3542 645 3612 illa
665 3565 735 3634 que
753 3543 930 3633 abjuravit
952 3555 1013 3612 ant
1028 3542 1161 3633 juravit
1188 3542 1374 3613 illorumve
1402 3541 1536 3634 aliquid
1563 3542 1716 3613 scienter
1752 3544 1880 3614 venire

447 3641 713 3733 presumpserit,
729 3661 792 3712 nos
805 3642 919 3734 ipsum
932 3641 1022 3710 ultra
1038 3640 1242 3732 penasalias
1259 3641 1368 3731 ajure
1386 3639 1499 3711 eidem
1518 3641 1666 3710 inflictas
1685 3662 1748 3710 seu
1769 3641 1880 3711 etiam

448 3736 671 3829 inlligeudas,
694 3738 849 3831 predicta
870 3739 1062 3809 monitione
1083 3733 1123 3835 [1⁰
1142 3735 1188 3806 8l
1206 3734 1239 3835 c]
1260 3741 1472 3831 competenti
1497 3739 1688 3830 premissa,
1710 3760 1756 3808 ox
1781 3760 1878 3810 nunc

448 3856 512 3927 pro
532 3846 615 3906 tunc
629 3836 663 3905 iu
685 3835 753 3905 hiis
772 3836 910 3929 scriptis
930 3836 1152 3930 presentibus
1172 3836 1544 3907 excommunicationis
1561 3835 1703 3927 vinculo
1723 3836 1879 3908 innoda-

446 3954 546 4022 mus3
558 3956 626 4027 per
644 3934 787 4005 modum
808 3954 950 4028 quoque
962 3934 1169 4027 premissum
1191 3954 1508 4006 monemusomnes
1527 3946 1562 4022 et
1578 3935 1737 4025 singulos
1756 3936 1879 4025 cujus·

447 4052 598 4123 cumque
618 4032 798 4123 dignitatis
818 4033 965 4124 gradus,
995 4042 1126 4118 status,
1153 4043 1213 4101 aut
1238 4032 1449 4104 conditionis
1478 4031 1651 4119 existant,
1682 4053 1727 4102 ne
1758 4032 1877 4125 ipsum

445 4128 586 4199 fratrem
606 4130 649 4200 N.
671 4129 746 4225 (sec
763 4129 1014 4225 presbiterum)
1029 4129 1074 4201 ad
1094 4128 1295 4219 hujusmodi
1316 4130 1425 4200 nostri
1445 4130 1599 4200 mandati
1625 4133 1878 4221 transgressio·

445 4247 525 4297 uem
547 4227 727 4312 inducere,
740 4238 801 4299 aut
820 4229 934 4322 ipsum
953 4228 1267 4320 transgredientem
1285 4229 1377 4299 idem
1398 4228 1600 4299 mandatum
1616 4230 1769 4298 scienter
1787 4231 1879 4300 reci·

444 4343 542 4416 pere,
562 4345 626 4395 seu
651 4326 683 4397 ei
702 4325 888 4413 auxilium,
916 4327 1100 4397 consilinm
1129 4328 1186 4396 vel
1206 4326 1361 4398 lavorem
1382 4327 1587 4420 impendere
1604 4346 1747 4418 quoquo
1767 4327 1879 4400 modo

443 4434 661 4515 presumant.
690 4424 729 4494 ln
755 4423 835 4495 illos
859 4435 976 4494 autem
1001 4425 1061 4516 qui
1094 4425 1305 4495 contrarium
1334 4424 1498 4508 fecerint,
1529 4423 1619 4493 ultra
1648 4445 1757 4516 penas
1785 4424 1877 4497 alias

443 4525 565 4591 contra
585 4520 671 4593 tales
690 4542 710 4591 a
729 4524 810 4612 jore
829 4533 999 4604 statutas,
1028 4544 1074 4593 ex
1103 4543 1197 4592 nunc
1224 4542 1286 4615 pro
1311 4532 1392 4592 tuuc
1411 4521 1567 4614 predicta
1587 4533 1704 4592 nostra
1725 4540 1873 4616 compe·

444 4618 530 4690 tenti
549 4619 744 4691 monitione
761 4620 930 4711 premissa
951 4621 987 4690 in
1006 4619 1076 4690 biis
1094 4622 1316 4712 presentibus
1336 4620 1476 4713 scriptis
1496 4620 1878 4692 excommunicationis

442 4716 651 4787 sententiam
672 4716 948 4810 promulgamus.
970 4717 1132 4805 Demum,
1151 4717 1220 4789 lata
1238 4718 1274 4788 in
1293 4718 1407 4812 ipsum
1428 4719 1568 4788 fratrem
1587 4717 1629 4788 N.
1652 4717 1721 4807 (vel
1735 4718 1875 4810 presbi-

443 4822 573 4907 terum)
588 4813 792 4906 hujusmodi
811 4816 999 4902 sententia,
1018 4825 1059 4886 ut
1084 4816 1270 4908 prefertur,
1288 4837 1351 4888 nos
1367 4816 1523 4911 prelatus
1540 4816 1747 4909 episcopus,
1764 4815 1871 4886 assis-

442 4910 598 4983 tentibus
618 4913 720 4985 nobis
739 4913 1003 4985 venerabilibus
1022 4933 1063 4984 ac
1080 4912 1241 4985 discretis
1260 4914 1346 4986 viris
1367 4913 1554 4985 abbatibus
1580 4924 1615 4986 et
1639 4914 1815 5004 religiosis
1837 4925 1876 4985 et

441 5006 579 5081 clericis
603 5014 766 5104 superius
783 5011 985 5099 nominatis,
1005 5011 1234 5083 incontinenti
1251 5013 1297 5083 ad
1312 5011 1598 5104 degradationem
1615 5011 1773 5102 ejusdem
1801 5011 1872 5080 lra-
