4612 6404
852 668 979 735 qurum
1005 669 1102 721 raas.
1627 652 1694 722 stt

266 844 404 896 venena
422 819 515 895 nove
537 823 672 896 heresis
688 828 817 919 sparsit
834 827 1028 913 mortifera,
1049 827 1248 919 multosque
1266 826 1383 897 effecit
1400 836 1436 896 et
1452 826 1572 897 iniecit
1589 827 1698 899 disci·

267 922 367 1018 pulos
393 923 447 993 sui
479 924 636 1014 perversi
666 925 841 1016 dogmatis
872 936 1084 1013 sectatores3
1116 925 1176 1017 qui
1207 924 1347 994 tandem
1383 924 1626 1016 deprehensus
1660 926 1697 996 in

265 1041 384 1091 errore
407 1019 542 1092 heresis
570 1031 605 1091 et
632 1021 777 1093 horrore
800 1023 1011 1116 dampnatus
1040 1044 1100 1116 per
1126 1022 1279 1092 Ecclesie
1295 1022 1462 1112 juditium
1483 1033 1518 1092 et
1536 1021 1696 1093 diffiniti-

265 1139 346 1189 vam
372 1119 582 1188 sententiam
602 1119 848 1211 inquisitorum
870 1120 1022 1206 heresis,
1046 1120 1142 1191 velut
1162 1118 1385 1190 heresiarcha
1411 1119 1569 1190 notorius
1590 1121 1696 1191 relio-

268 1230 322 1286 tus
352 1216 501 1286 seculari
522 1216 675 1307 juditio,
698 1218 1006 1289 animadversione
1033 1218 1149 1288 dehita
1170 1217 1312 1311 punitus
1339 1227 1392 1286 est
1416 1228 1451 1286 et
1476 1218 1696 1289 combustus.

266 1314 326 1385 Set
348 1313 490 1406 reliquit
514 1334 634 1384 semen
664 1315 869 1408 pessimum,
899 1337 1019 1386 semen
1041 1337 1214 1407 nequam,
1235 1314 1368 1385 scilicet
1392 1315 1460 1385 sibi
1487 1314 1698 1408 discipulum

268 1433 373 1481 unum
395 1433 440 1483 ex
460 1410 540 1482 filiis
563 1413 763 1499 sceleratis,
787 1414 990 1504 magistrum
1011 1416 1141 1484 erroris
1165 1424 1200 1483 et
1225 1433 1471 1505 perversorum
1494 1413 1698 1503 dogmatum

266 1520 500 1598 assertorem,
522 1532 591 1580 non
621 1510 734 1581 solum
764 1512 972 1582 imitatorem
994 1523 1152 1581 veterum
1181 1523 1235 1581 set
1261 1531 1429 1580 novarum
1456 1509 1619 1579 heresum
1642 1512 1697 1581 in-

267 1618 470 1694 vectorem,
492 1608 680 1700 quemdam
706 1609 888 1679 Dulcinum
917 1610 1075 1690 nomine,
1098 1609 1350 1679 Novarieusem
1376 1609 1532 1698 origine,
1554 1608 1615 1699 qui
1642 1609 1698 1678 sui

267 1705 443 1798 dampnati
457 1706 613 1797 magistri
625 1728 777 1798 sequeus
794 1707 944 1797 vestigia
958 1707 1075 1799 plures
1091 1707 1173 1777 lecit
1187 1704 1255 1777 sibi
1272 1705 1463 1798 discipulos
1480 1716 1515 1775 et
1529 1727 1698 1796 sequaces

266 1825 353 1897 quos
373 1826 457 1875 suos
474 1805 653 1896 apostolos
674 1805 883 1889 nominavit,
906 1804 1054 1875 devians
1073 1826 1133 1874 eos
1154 1804 1199 1873 ab
1220 1804 1354 1872 unitate
1371 1802 1452 1873 fidei
1471 1814 1505 1873 et
1519 1803 1699 1874 abducens

266 1901 310 1973 ab
329 1902 528 1973 ohedientia
548 1903 674 1971 summi
691 1900 866 1995 pontilicis
885 1905 1098 1973 successoris
1118 1903 1210 1972 beati
1232 1901 1324 1970 Petri
1345 1913 1380 1971 et
1398 1902 1520 1971 vicarii
1541 1901 1576 1969 in
1597 1901 1699 1972 terris

265 2000 402 2071 Domini
421 1999 528 2070 Jhesu
545 1998 686 2087 Christi,
708 2022 746 2070 se
767 2001 880 2093 ipsum
902 2001 986 2093 ipsis
1008 1999 1192 2092 preficiens
1213 2002 1248 2067 in
1273 1999 1444 2091 prelatum
1466 2008 1501 2069 et
1521 1999 1615 2091 ipsos
1631 1999 1699 2068 sihi

265 2097 442 2169 subiciens
462 2099 497 2167 iu
518 2097 716 2188 subjectos,
739 2099 842 2169 novis
862 2110 898 2168 et
918 2099 1091 2190 pestiferis
1113 2098 1281 2168 doctrinis
1302 2119 1363 2167 eos
1385 2095 1544 2167 inliciens
1564 2107 1599 2166 et
1622 2117 1699 2167 cor·

267 2217 455 2289 rumpens3
478 2195 538 2307 qui
557 2195 776 2289 multiplicati
797 2206 879 2266 sunt
897 2217 1004 2288 super
1022 2216 1220 2276 numerum
1232 2195 1322 2266 adeo
1339 2194 1433 2286 quod
1455 2194 1548 2264 milia
1566 2192 1700 2263 milium

266 2293 379 2385 ipsum
405 2294 515 2363 secuti
537 2305 620 2363 sunt
644 2294 729 2364 lalsa
751 2295 959 2379 docentem,
984 2315 1074 2364 vana
1104 2296 1385 2386 promittentem,
1411 2292 1637 2362 seducentem
1666 2303 1701 2362 et

267 2389 308 2489 [l0
325 2390 393 2459 l89
410 2388 478 2502 h]
470 2413 505 2460 ιιι
526 2412 681 2462 errorem
703 2391 922 2478 mittentem,
944 2402 1066 2461 contra
1086 2413 1174 2482 quos
1195 2390 1255 2460 diu
1277 2401 1310 2459 et
1332 2391 1477 2459 multum
1502 2390 1697 2461 laboratum

265 2500 318 2560 est
339 2510 403 2581 per
421 2488 648 2580 inquisitores
668 2489 822 2560 heretice
849 2489 1032 2583 pravitatis
1049 2492 1084 2557 iu
1104 2489 1172 2558 illis
1193 2489 1373 2581 partibus,
1395 2509 1499 2559 cruce
1520 2509 1598 2557 cum
1618 2509 1700 2580 pec·

264 2598 420 2658 catorum
443 2585 662 2677 indulgentia
679 2598 799 2657 contra
821 2588 914 2681 ipsos
939 2586 1169 2657 demandato
1197 2585 1390 2676 apostolico
1418 2585 1557 2679 publice
1577 2586 1697 2677 predi-

264 2697 354 2773 cata,
372 2696 407 2754 et
420 2685 506 2755 alias
521 2696 642 2756 contra
662 2706 723 2756 eos
742 2684 897 2755 fidelium
916 2685 1073 2754 exercitu
1089 2684 1255 2754 adunato.
1280 2685 1344 2752 Diu
1358 2704 1500 2775 quoque
1516 2684 1581 2775 ipsi
1597 2686 1699 2753 resti·

267 2795 383 2853 terunt
401 2783 698 2866 rebelleslumini,
722 2784 898 2853 latitantes
917 2803 1009 2852 nunc
1030 2784 1064 2851 in
1087 2781 1277 2864 montibus,
1301 2803 1393 2850 nrrnc
1413 2782 1448 2849 in
1467 2781 1645 2872 speluncis
1665 2792 1701 2851 et

264 2884 426 2952 cavernis
448 2892 539 2950 terre
557 2882 648 2950 sicut
668 2892 795 2952 noctue
823 2894 858 2950 ct
883 2879 943 2948 lilii
965 2882 1188 2951 tenebrarum
1213 2905 1220 2947 :
1243 2879 1455 2970 tandemque
1474 2878 1698 2948 heresiarcha

264 2976 431 3048 Dulcinus
450 3000 529 3048 cum
553 2981 670 3049 multis
697 2979 907 3071 sequacibus
927 2979 1000 3047 suis
1020 2992 1142 3071 captus
1164 2987 1218 3048 est
1241 2979 1276 3046 in
1297 2977 1494 3068 epdomada
1515 2988 1635 3046 sancta
1662 2978 1698 3045 in

265 3074 322 3146 die
333 3077 567 3163 sanctoCeue,
579 3078 646 3146 sub
658 3099 752 3147 anno
764 3077 1201 3147 incarnationisDominice
1215 3074 1379 3145 inchoato
1390 3074 1451 3143 ΜΟ.
1464 3073 1564 3145 CCC0.
1576 3074 1676 3143 Vlll⁰.
1688 3098 1697 3162 3

266 3174 398 3266 fuitque
417 3195 495 3243 cum
523 3175 729 3265 Margarita,
757 3196 824 3245 non
847 3186 915 3244 tam
937 3174 1092 3244 malefica
1118 3195 1221 3266 quarn
1244 3172 1419 3258 heretica,
1441 3185 1604 3244 consorte
1624 3174 1700 3262 ejus

265 3272 300 3340 in
337 3272 471 3342 scelere
494 3284 529 3341 et
564 3293 704 3356 errore,
741 3285 877 3343 etcum
914 3274 1072 3366 pluribus
1098 3273 1176 3342 aliis
1208 3272 1419 3362 sequacibus
1452 3282 1487 3340 et
1519 3270 1701 3362 discipulis

264 3370 337 3439 suis
374 3381 496 3461 captus
531 3383 566 3440 et
602 3370 874 3463 deprehensus3
915 3371 1127 3461 fueruntque
1152 3392 1213 3461 per
1239 3367 1462 3439 diffinitivam
1490 3369 1700 3438 sententiam

264 3476 297 3536 et
346 3468 510 3558 juditium
549 3468 703 3538 Ecclesie
743 3469 889 3558 judicati
938 3478 973 3537 et
1013 3468 1122 3537 relicti
1171 3479 1335 3557 tanquam
1386 3466 1533 3536 heretici
1571 3465 1701 3556 juditio

264 3565 412 3635 seculari
441 3566 750 3636 animadversione
780 3566 897 3636 debita
929 3564 1124 3657 puniendi;
1154 3575 1189 3634 et
1226 3567 1276 3632 sic
1307 3564 1424 3633 traditi
1455 3574 1538 3633 sunt
1568 3564 1698 3633 ultrici·

265 3663 329 3732 bus
361 3662 510 3733 llamrnis
539 3663 695 3755 deputati
723 3676 845 3734 eterno
873 3663 1036 3732 incendio
1062 3662 1323 3732 concremandi.
1351 3661 1426 3731 Nou
1450 3674 1587 3740 tamen,
1613 3662 1699 3752 ipsis

265 3761 452 3848 extinctis,
475 3782 680 3853 perversum
707 3762 834 3852 dogma
863 3763 1017 3852 ipsorum
1044 3760 1184 3852 penitus
1210 3769 1263 3829 est
1281 3762 1499 3844 extinctum,
1522 3779 1586 3829 uec
1607 3758 1700 3848 ipso·

265 3880 338 3926 ram
360 3869 452 3927 secta
475 3859 628 3928 heretica
648 3871 683 3929 et
703 3860 889 3951 dampnata
906 3859 956 3928 sic
975 3858 1107 3927 succidi
1130 3858 1242 3950 potuit
1257 3856 1424 3926 radicitus
1443 3867 1478 3926 et
1492 3856 1595 3926 evelli
1612 3859 1698 3946 quin

265 3958 367 4026 etiam
389 3978 531 4047 germen
560 3968 595 4026 et
625 3958 772 4048 reliquie
793 3967 1034 4042 remanerent;
1057 3977 1103 4025 ex
1127 3978 1198 4046 quo
1228 3967 1392 4046 tanquam
1418 3954 1526 4024 herbe
1547 3954 1700 4045 pessime
1802 3952 1806 3959 ’

265 4054 476 4147 pullulantes
511 4065 546 4123 et
583 4058 821 4145 germinantes
857 4054 1077 4147 multiplicati
1111 4065 1193 4123 sunt
1226 4063 1261 4121 et
1292 4062 1493 4121 creverunt.
1527 4052 1582 4121 llii
1617 4063 1700 4122 sunt

264 4152 413 4221 Pseudo
405 4152 591 4244 apostoli
620 4152 782 4245 discipuli
816 4152 1052 4263 predictorum
1082 4151 1226 4221 Gerardi
1255 4160 1290 4220 et
1317 4149 1475 4231 Dulcini,
1517 4171 1534 4217 a
1570 4149 1699 4242 quihus

263 4250 445 4319 Gerardite
477 4261 511 4320 et
540 4250 713 4319 Dulcinite
746 4251 920 4322 nominari
952 4261 1127 4342 possunt,
1159 4249 1218 4340 qui
1246 4269 1285 4317 se
1311 4249 1398 4319 falso
1425 4248 1547 4317 dicunt
1574 4246 1699 4316 Christi

264 4346 451 4457 Apostolos
474 4358 509 4418 et
529 4368 595 4440 pau
624 4348 744 4417 ertatis
764 4348 967 4439 evangelice
990 4348 1219 4439 professores,
1235 4345 1448 4456 finguntque
1467 4368 1505 4415 se
1526 4344 1699 4437 pauperes

264 4445 387 4537 spiritu
407 4445 627 4538 appellarit
598 4371 639 4541 Γθ
625 4445 726 4514 ⁰t89
744 4441 777 4543 c]
801 4456 836 4515 et
855 4445 1094 4538 apostolorum
1117 4445 1264 4554 vestigia
1287 4443 1434 4527 imitari,
1457 4441 1698 4533 confingentes

264 4543 452 4634 quemdam
472 4544 632 4614 ordinem
652 4545 882 4637 penitentium
897 4544 996 4632 cujus
1011 4542 1161 4611 iratres
1153 4540 1303 4611 invicem
1322 4563 1360 4611 se
1378 4540 1574 4633 appellaut3
1592 4560 1696 4631 quem

263 4651 383 4711 sancta
408 4640 562 4712 Romana
589 4640 742 4712 Ecclesia
768 4642 867 4731 cujus
897 4652 950 4710 est
974 4641 1115 4710 ordines
1137 4637 1367 4724 confirmare,
1392 4659 1461 4708 non
1486 4637 1599 4708 solum
1628 4658 1698 4707 nou

264 4738 490 4831 approbavit,
519 4760 641 4810 verum
673 4740 776 4810 etiam
805 4749 842 4807 ut
870 4751 1000 4808 sectam
1020 4737 1209 4807 hereticam
1231 4736 1518 4826 condempnavit.
1540 4736 1596 4804 llii
1615 4746 1699 4805 sunt

206 4864 211 4873 ·
265 4837 490 4929 penitentiam
510 4837 728 4925 simulantes,
748 4847 782 4907 et
803 4847 967 4927 tanquam
987 4834 1099 4928 spmie
1119 4832 1314 4925 effigiantes
1335 4831 1481 4923 liguram
1503 4833 1697 4925 penitentie

264 4934 384 5005 dicunt
399 4945 434 5005 et
453 4934 633 5006 clamitant
652 4946 689 5004 ut
708 4933 827 5027 sepius
848 4933 882 5001 in
903 4933 1064 5026 compitis
1083 4942 1118 5001 et
1138 4931 1261 5024 plateis
1284 4957 1292 4998 ε
1316 4929 1558 5000 Penitculr'um
1576 4930 1695 5022 cpite,

264 5031 560 5127 appropinquabit
576 5054 731 5126 requam
752 5031 929 5118 celorum,
952 5042 987 5101 et
1005 5029 1180 5100 interdum
1200 5055 1207 5098 :
1232 5028 1355 5119 Salve,
1380 5027 1543 5124 Rapina,
1563 5040 1598 5100 et
1613 5050 1698 5122 que·
