4612 6404
432 1887 536 1948 Torius
554 1907 650 1948 orasis
669 1908 771 1949 niviano
775 1926 1774 1947 .............................
1853 1886 1867 1940 1

1006 2065 1118 2130 PARS
1142 2067 1293 2130 PRIMA.

328 2216 332 2223 ·
434 2201 1206 2259 Darnacrarrsrnsacranra.........=
1234 2240 1776 2258 ................
1853 2205 1868 2259 1

451 2275 478 2330 1.
498 2272 603 2330 Forma
616 2276 781 2330 communis
796 2273 943 2330 citationis
947 2311 1775 2329 ........................
1853 2274 1870 2331 a

450 2345 478 2403 2.
497 2343 602 2400 Forma
616 2345 671 2401 alia
685 2346 820 2418 specialis
834 2344 941 2400 citandi
956 2345 1080 2416 aliquem
1096 2360 1183 2399 cruce
1202 2346 1348 2415 signatum
1363 2346 1413 2416 qui
1428 2343 1535 2400 dicitur
1548 2344 1713 2417 aufugisse.
1730 2381 1740 2400 .
1766 2383 1775 2399 .
1853 2345 1869 2402 3

452 2416 478 2473 3.
497 2415 607 2472 Littera
621 2417 765 2488 generalis
778 2415 815 2471 ad
830 2414 1003 2488 capiendum
1017 2416 1162 2488 perfectos
1176 2416 1320 2471 hereticos
1339 2422 1368 2471 et
1382 2416 1510 2472 famosos
1517 2455 1776 2472 ........
1852 2417 1870 2472 1

452 2487 479 2543 1.
500 2486 605 2543 Forma
623 2489 784 2543 litterarum
797 2486 834 2543 ad
847 2485 1020 2559 capiendum
1034 2488 1158 2558 aliquem
1173 2485 1352 2542 diffamatum
1366 2487 1402 2542 de
1417 2488 1514 2543 heresi
1529 2488 1573 2543 vel
1590 2495 1775 2561 suspectum.
1854 2485 1870 2542 t

453 2559 481 2615 5.
502 2558 606 2615 Forma
621 2559 756 2631 specialis
771 2557 878 2614 citandi
891 2558 1015 2629 aliquem
1025 2573 1111 2613 cruce
1125 2559 1272 2628 signatum
1286 2560 1337 2629 qui
1346 2574 1451 2614 cruces
1466 2574 1524 2614 non
1537 2565 1632 2632 portat
1650 2560 1735 2616 modo
1750 2565 1780 2616 et

541 2630 635 2686 forma
648 2630 757 2701 quibus
772 2628 865 2685 eidem
881 2636 950 2684 sunt
967 2629 1103 2701 imposita
1122 2636 1151 2684 et
1164 2631 1295 2699 injuncte
1301 2670 1775 2687 ..............
1851 2630 1869 2689 6

450 2703 478 2760 6.
498 2699 603 2756 Forma
617 2701 672 2757 alia
686 2700 722 2756 ad
736 2701 893 2772 capiendos
907 2700 1052 2755 hereticos
1067 2716 1120 2755 seu
1135 2699 1297 2756 Valdenses
1303 2739 1776 2759 ..............
1851 2700 1869 2759 6

454 2774 480 2829 7.
502 2771 606 2827 Forma
621 2770 1778 2845 scribendiadcapiendumporsonasperaliquemadhocspecialiterdeputatum.
1853 2774 1869 2830 7

453 2843 479 2900 8.
501 2842 607 2898 Forma
620 2844 675 2898 alia
689 2844 851 2914 generalior
865 2850 894 2898 et
908 2843 1090 2898 communior
1103 2840 1138 2896 ad
1152 2858 1292 2914 personas
1305 2842 1462 2914 culpabiles
1477 2843 1668 2914 capiendas..
1696 2885 1704 2898 .
1732 2887 1739 2900 .
1769 2886 1775 2899 .
1854 2842 1871 2898 7

453 2915 480 2972 9.
502 2914 607 2971 Forma
621 2916 785 2970 communis
799 2914 834 2969 ad
849 2913 995 2970 citandum
1010 2913 1160 2985 fugittivos
1174 2921 1204 2968 et
1216 2930 1268 2970 eos
1281 2915 1330 2986 qui
1345 2913 1554 2970 contumaciter
1568 2931 1600 2970 se
1615 2915 1778 2973 absentant.
1852 2915 1870 2972 8

438 2987 482 3043 10.
504 2985 609 3042 Forma
622 2987 768 3043 citationis
783 2985 911 3043 secunde
929 2991 1029 3042 contra
1047 2985 1198 3056 fugittivos
1214 3001 1266 3057 pro
1281 2986 1377 3041 heresi
1396 2992 1425 3042 et
1443 2986 1472 3040 in
1487 3001 1576 3042 causa
1593 2985 1660 3042 fidei
1674 2996 1779 3046 contu·
1852 3059 1869 3118 ⁹

545 3074 657 3113 maces.

436 3128 479 3183 11.
501 3126 584 3196 Item,
601 3130 692 3184 forma
706 3130 762 3184 alia
779 3128 914 3200 specialis
930 3127 1037 3185 citandi
1051 3129 1181 3185 notorios
1194 3129 1345 3200 fugittivos
1351 3168 1775 3188 .............
1851 3131 1869 3187 9

436 3200 479 3256 rt.
500 3197 605 3254 Forma
625 3200 790 3255 communis
812 3200 956 3255 sententie
978 3201 1286 3256 excommunicationis
1309 3206 1409 3256 contra
1424 3207 1613 3257 contumaces
1637 3203 1667 3257 io
1691 3219 1780 3260 causa

539 3271 607 3325 fidei
621 3278 651 3326 et
665 3287 716 3342 pro
733 3271 827 3325 heresi
842 3271 994 3342 fugittivcs
1000 3309 1453 3328 .............
1487 3317 1488 3321 ,
1518 3311 1775 3330 ........
1835 3273 1869 3330 10

436 3341 478 3398 tt.
501 3340 605 3397 Forma
619 3342 753 3413 specialis
767 3342 875 3397 citandi
890 3343 970 3397 illum
986 3343 1036 3413 qui
1055 3343 1205 3398 temerarie
1219 3343 1353 3415 deposuit
1373 3359 1477 3398 cruces
1492 3345 1607 3399 nomine
1623 3344 1780 3416 penitentie

540 3412 596 3468 sibi
611 3415 762 3484 impositas
777 3419 806 3467 et
820 3413 944 3484 aufugit,
960 3414 1009 3483 qui
1025 3414 1110 3468 etiam
1128 3415 1274 3469 invenitor
1294 3414 1376 3486 plura
1396 3431 1482 3486 quam
1503 3415 1657 3471 confessus
1676 3416 1732 3472 fuit
1749 3418 1777 3473 in

540 3484 636 3539 heresi
650 3484 833 3540 commisisse
840 3522 1773 3542 ...........................
1833 3487 1865 3542 11

436 3555 479 3610 ll.
501 3553 605 3610 Forma
621 3555 890 3610 excommunicandi
912 3560 1112 3610 contumacem
1127 3571 1161 3609 ac
1178 3555 1344 3625 lugittivum
1367 3556 1418 3636 qui
1434 3572 1538 3612 cruces
1552 3556 1608 3612 sibi
1627 3557 1778 3628 impositas

540 3625 678 3697 deposuit
692 3633 720 3681 et
735 3628 840 3681 citatus
856 3625 993 3680 canonice
1009 3642 1065 3680 non
1082 3628 1243 3697 comparuit
1261 3633 1339 3681 certa
1357 3625 1403 3680 dre
1408 3665 1773 3683 ...........
1833 3629 1866 3685 lt

436 3698 479 3753 15.
501 3695 605 3752 Forma
621 3699 766 3753 citationis
780 3696 979 3767 fugittivorum
994 3713 1046 3768 pro
1057 3697 1153 3752 heresi
1167 3697 1202 3751 ad
1213 3697 1388 3752 audiendum
1401 3695 1580 3754 diffinitivam
1594 3701 1776 3771 sententiam,

540 3776 694 3840 postquam
710 3785 761 3839 per
775 3784 882 3824 annum
897 3768 1030 3822 steterint
1045 3769 1286 3822 excommunicati
1301 3769 1397 3822 animo
1413 3769 1551 3838 pertinaci
1556 3809 1772 3827 .......
1833 3771 1865 3827 lt

436 3840 479 3896 16.
500 3838 604 3894 Forma
619 3839 811 3894 denunciandi
825 3839 1105 3894 excommunicatum
1121 3844 1150 3892 et
1164 3838 1193 3893 fu
1216 3839 1329 3893 ittivum
1344 3839 1379 3893 de
1400 3855 1499 3908 muro,
1516 3847 1669 3912 postquam
1685 3842 1779 3899 fuerat

540 3927 591 3982 per
606 3911 778 4034 septentiam
795 3911 966 3975 inmoratus,
983 3925 1094 3964 necnon
1110 3856 1217 3964 citamfi
1231 3911 1326 3982 ipsum
1344 3917 1374 3965 ut
1388 3911 1600 3982 perhemptorie
1615 3921 1778 3985 compareat
1834 3984 1866 4040 ss

539 3988 618 4036 certa
653 3983 680 4036 ie
685 4019 1774 4039 ................................

436 4054 479 4107 17.
502 4051 606 4107 Forma
621 4051 729 4107 citandi
743 4052 867 4122 aliquem
883 4053 933 4123 qui
948 4051 1060 4123 aufugit
1076 4051 1111 4105 de
1129 4067 1210 4106 muro
1226 4053 1255 4106 in
1269 4068 1327 4124 quo
1340 4052 1523 4109 detinebatur
1541 4053 1636 4109 medio
1651 4061 1779 4127 tempore

542 4130 574 4178 ut
591 4124 777 4194 penitentiam
786 4124 990 4194 acciperetpro
999 4123 1165 4178 commissis
1179 4123 1208 4177 io
1224 4122 1299 4178 facto
1310 4123 1423 4178 heresis
1433 4125 1462 4178 in
1472 4125 1580 4195 juditio
1594 4127 1775 4182 confessatis·
1834 4127 1867 4182 15

436 4194 479 4250 ia.
504 4192 607 4248 Forma
625 4193 897 4249 excommunicandi
912 4201 1112 4249 contumacem
1126 4195 1156 4249 in
1172 4210 1260 4249 causa
1275 4194 1340 4250 fidei
1363 4195 1414 4266 qui
1431 4197 1513 4266 prius
1532 4197 1645 4268 aufugit
1661 4196 1697 4252 de
1716 4214 1779 4253 car-

540 4280 607 4320 cere
623 4267 698 4321 muri
711 4265 745 4319 ad
761 4281 848 4335 quem
863 4265 957 4320 fuerat
970 4265 1006 4320 ad
1028 4265 1172 4336 agendum
1195 4266 1382 4337 penitentiam
1398 4267 1607 4323 sententialiter
1622 4266 1779 4350 condemp-

542 4343 641 4399 natus,
668 4337 713 4390 vel
733 4337 783 4406 qui
806 4335 933 4391 nondum
948 4345 1096 4409 receperat
1109 4337 1295 4409 penitentiam
1315 4353 1366 4409 pro
1387 4340 1554 4394 commissis
1576 4339 1605 4394 in
1631 4339 1727 4396 heresi
1749 4355 1779 4394 m

536 4407 643 4479 juditio
657 4406 830 4462 confessatis
836 4446 1770 4465 ...........................
1830 4410 1864 4467 lt

435 4479 477 4535 19.
498 4477 603 4533 Forma
618 4479 810 4534 absolutionis
824 4479 1004 4534 contumacis
1028 4481 1057 4534 in
1080 4495 1168 4535 causa
1187 4479 1265 4545 fidei,
1285 4481 1311 4535 si
1327 4486 1487 4536 revertatur
1512 4485 1540 4535 et
1556 4481 1624 4536 velit
1638 4481 1780 4538 mandatis

539 4549 669 4605 Ecclesia
685 4549 814 4605 obedire.
835 4582 853 4604 .·
876 4589 879 4594 ·
908 4588 1772 4608 .........................
1833 4554 1866 4608 l'l

435 4621 480 4677 tt).
502 4619 606 4676 Forma
621 4621 727 4676 citandi
739 4621 906 4692 fugittirum
922 4621 957 4674 da
967 4637 1050 4676 muro
1065 4629 1094 4675 et
1108 4623 1390 4678 excommunicatum
1399 4639 1451 4695 pro
1460 4625 1635 4680 contumatia
1648 4624 1677 4678 in
1691 4639 1780 4680 causa

539 4692 606 4746 fidoi
630 4694 704 4748 ultra
733 4709 858 4756 annum,
884 4700 916 4746 ut
940 4693 1036 4746 veniat
1059 4691 1233 4748 diffinitivam
1257 4694 1431 4749 sententiam
1454 4696 1621 4763 auditurus,
1647 4696 1780 4766 quamvis

540 4763 648 4819 absens
664 4780 715 4891 per
726 4763 937 4819 contumaciam
951 4779 985 4818 ac
1000 4763 1179 4834 pertinatiam
1195 4770 1264 4819 tunc
1280 4766 1385 4820 existat
1390 4804 1774 4821 ............
1834 4767 1867 4822 17

433 4833 481 4890 ti.
504 4832 607 4890 Forma
622 4854 660 4908 pu
682 4836 787 4891 licendi
801 4836 886 4890 latam
899 4835 1072 4890 sententiam
1085 4834 1261 4890 diffinitivam
1271 4843 1372 4891 contra
1385 4835 1536 4906 fugittivos
1550 4853 1601 4909 pro
1611 4837 1687 4893 facto
1697 4837 1778 4892 here·

546 4908 588 4963 sis
603 4907 632 4961 in
647 4923 735 4962 causa
751 4905 817 4960 fidei
830 4913 1017 4961 contumaces
1023 4943 1273 4960 ........
1305 4951 1307 4955 .
1338 4944 1774 4963 .............
1833 4909 1867 4966 18

437 4975 483 5031 ii.
504 4976 607 5032 Forma
622 4977 729 5033 citandi
752 4976 857 5031 liberos
880 4982 909 5030 et
931 4975 1052 5030 heredes
1072 4992 1106 5029 ac
1119 4975 1259 5031 bonorum
1280 4976 1445 5032 detentores
1464 4978 1587 5050 aliquus
1605 4978 1733 5036 defuncti
1747 4981 1778 5036 in

540 5050 638 5103 heresi
651 5056 751 5104 contra
768 5063 853 5119 quem
868 5046 978 5118 dejure
991 5047 1077 5102 fuerit
1091 5045 1126 5101 ad
1141 5049 1312 5104 sententiam
1327 5047 1542 5120 procedendum
1547 5090 1773 5107 .......
1834 5052 1868 5109 19
