<?xml version="1.0" encoding="UTF-8"?>
<!DOCTYPE html PUBLIC "-//W3C//DTD XHTML 1.0 Transitional//EN"
    "http://www.w3.org/TR/xhtml1/DTD/xhtml1-transitional.dtd">
<html xmlns="http://www.w3.org/1999/xhtml" xml:lang="en" lang="en">
 <head>
  <title>
</title>
<meta http-equiv="Content-Type" content="text/html;charset=utf-8" />
  <meta name='ocr-system' content='tesseract 3.04.00' />
  <meta name='ocr-capabilities' content='ocr_page ocr_carea ocr_par ocr_line ocrx_word'/>
</head>
<body>
  <div class='ocr_page' id='page_1' title='image "./practicainquisi00douagoog_0109.png"; bbox 0 0 4574 6404; ppageno 0'>
   <div class='ocr_carea' id='block_1_1' title="bbox 1019 658 1850 726">
    <p class='ocr_par' dir='ltr' id='par_1_1' title="bbox 1019 658 1850 726">
     <span class='ocr_line' id='line_1_1' title="bbox 1019 658 1850 726; baseline 0.001 -2"><span class='ocrx_word' id='word_1_1' title='bbox 1019 670 1139 724; x_wconf 75' lang='lat' dir='ltr'>ranrtt</span> <span class='ocrx_word' id='word_1_2' title='bbox 1165 669 1263 722; x_wconf 74' lang='lat' dir='ltr'>runs.</span> <span class='ocrx_word' id='word_1_3' title='bbox 1811 658 1850 726; x_wconf 83' lang='lat' dir='ltr'>at</span> 
     </span>
    </p>
   </div>
   <div class='ocr_carea' id='block_1_2' title="bbox 427 959 1859 1133">
    <p class='ocr_par' dir='ltr' id='par_1_2' title="bbox 427 959 1859 1133">
     <span class='ocr_line' id='line_1_2' title="bbox 427 959 1859 1044; baseline 0.001 -16"><span class='ocrx_word' id='word_1_4' title='bbox 427 963 460 1028; x_wconf 86' lang='grc'>,8</span> <span class='ocrx_word' id='word_1_5' title='bbox 482 965 527 1030; x_wconf 91' lang='lat' dir='ltr'>In</span> <span class='ocrx_word' id='word_1_6' title='bbox 546 962 839 1029; x_wconf 78' lang='lat' dir='ltr'>recitandarum</span> <span class='ocrx_word' id='word_1_7' title='bbox 863 961 991 1042; x_wconf 84' lang='lat' dir='ltr'>culpas</span> <span class='ocrx_word' id='word_1_8' title='bbox 1018 960 1176 1042; x_wconf 86' lang='lat' dir='ltr'>dupplex</span> <span class='ocrx_word' id='word_1_9' title='bbox 1197 959 1329 1023; x_wconf 88' lang='lat' dir='ltr'>modus</span> <span class='ocrx_word' id='word_1_10' title='bbox 1354 966 1391 1024; x_wconf 84' lang='lat' dir='ltr'>st</span> <span class='ocrx_word' id='word_1_11' title='bbox 1413 960 1499 1024; x_wconf 88' lang='lat' dir='ltr'>ordo</span> <span class='ocrx_word' id='word_1_12' title='bbox 1524 961 1642 1026; x_wconf 83' lang='lat' dir='ltr'>teneri</span> <span class='ocrx_word' id='word_1_13' title='bbox 1665 964 1800 1044; x_wconf 83' lang='lat' dir='ltr'>poterit</span> <span class='ocrx_word' id='word_1_14' title='bbox 1824 972 1859 1029; x_wconf 91' lang='grc' dir='ltr'><strong>ει</strong></span> 
     </span>
     <span class='ocr_line' id='line_1_3' title="bbox 1062 1067 1214 1133; baseline -0.033 -1"><span class='ocrx_word' id='word_1_15' title='bbox 1062 1067 1214 1133; x_wconf 84' lang='lat' dir='ltr'>serrari.</span> 
     </span>
    </p>
   </div>
   <div class='ocr_carea' id='block_1_3' title="bbox 424 1310 1899 3166">
    <p class='ocr_par' dir='ltr' id='par_1_3' title="bbox 424 1310 1857 2479">
     <span class='ocr_line' id='line_1_4' title="bbox 471 1310 1855 1405; baseline 0.001 -23"><span class='ocrx_word' id='word_1_16' title='bbox 471 1310 568 1383; x_wconf 91' lang='lat' dir='ltr'>Unus</span> <span class='ocrx_word' id='word_1_17' title='bbox 589 1312 715 1384; x_wconf 91' lang='lat' dir='ltr'>modus</span> <span class='ocrx_word' id='word_1_18' title='bbox 737 1323 773 1384; x_wconf 90' lang='lat' dir='ltr'>et</span> <span class='ocrx_word' id='word_1_19' title='bbox 790 1312 879 1384; x_wconf 91' lang='lat' dir='ltr'>urdo</span> <span class='ocrx_word' id='word_1_20' title='bbox 900 1311 1068 1404; x_wconf 88' lang='lat' dir='ltr'>estquod</span> <span class='ocrx_word' id='word_1_21' title='bbox 1088 1312 1201 1404; x_wconf 93' lang='lat' dir='ltr'>primo</span> <span class='ocrx_word' id='word_1_22' title='bbox 1220 1310 1412 1381; x_wconf 77' lang='lat' dir='ltr'>recitentur</span> <span class='ocrx_word' id='word_1_23' title='bbox 1429 1310 1532 1404; x_wconf 90' lang='lat' dir='ltr'>culpe</span> <span class='ocrx_word' id='word_1_24' title='bbox 1551 1311 1690 1383; x_wconf 91' lang='lat' dir='ltr'>illorum</span> <span class='ocrx_word' id='word_1_25' title='bbox 1712 1313 1771 1405; x_wconf 90' lang='lat' dir='ltr'>qui</span> <span class='ocrx_word' id='word_1_26' title='bbox 1792 1313 1855 1385; x_wconf 87' lang='lat' dir='ltr'>da·</span> 
     </span>
     <span class='ocr_line' id='line_1_5' title="bbox 424 1407 1856 1503; baseline 0.001 -23"><span class='ocrx_word' id='word_1_27' title='bbox 424 1409 507 1480; x_wconf 90' lang='lat' dir='ltr'>bant</span> <span class='ocrx_word' id='word_1_28' title='bbox 530 1408 662 1482; x_wconf 88' lang='lat' dir='ltr'>babere</span> <span class='ocrx_word' id='word_1_29' title='bbox 686 1410 840 1482; x_wconf 89' lang='lat' dir='ltr'>minores</span> <span class='ocrx_word' id='word_1_30' title='bbox 860 1409 1071 1503; x_wconf 85' lang='lat' dir='ltr'>penitentias</span> <span class='ocrx_word' id='word_1_31' title='bbox 1091 1407 1317 1496; x_wconf 87' lang='lat' dir='ltr'>arbitrarius,</span> <span class='ocrx_word' id='word_1_32' title='bbox 1339 1408 1430 1478; x_wconf 90' lang='lat' dir='ltr'>sicut</span> <span class='ocrx_word' id='word_1_33' title='bbox 1452 1417 1535 1478; x_wconf 91' lang='lat' dir='ltr'>sunt</span> <span class='ocrx_word' id='word_1_34' title='bbox 1555 1411 1856 1501; x_wconf 80' lang='lat' dir='ltr'>peregrinationes</span> 
     </span>
     <span class='ocr_line' id='line_1_6' title="bbox 425 1506 1856 1599; baseline -0.001 -21"><span class='ocrx_word' id='word_1_35' title='bbox 425 1516 458 1578; x_wconf 86' lang='grc' dir='ltr'><strong>ει</strong></span> <span class='ocrx_word' id='word_1_36' title='bbox 479 1507 702 1580; x_wconf 78' lang='lat' dir='ltr'>visitationes</span> <span class='ocrx_word' id='word_1_37' title='bbox 721 1507 949 1579; x_wconf 88' lang='lat' dir='ltr'>ecclesiarum</span> <span class='ocrx_word' id='word_1_38' title='bbox 969 1516 1119 1591; x_wconf 85' lang='lat' dir='ltr'>tantum,</span> <span class='ocrx_word' id='word_1_39' title='bbox 1135 1517 1197 1577; x_wconf 92' lang='lat' dir='ltr'>aut</span> <span class='ocrx_word' id='word_1_40' title='bbox 1215 1526 1337 1577; x_wconf 87' lang='lat' dir='ltr'>cruces</span> <span class='ocrx_word' id='word_1_41' title='bbox 1355 1516 1390 1576; x_wconf 92' lang='lat' dir='ltr'>et</span> <span class='ocrx_word' id='word_1_42' title='bbox 1409 1506 1709 1599; x_wconf 78' lang='lat' dir='ltr'>peregrinationes</span> <span class='ocrx_word' id='word_1_43' title='bbox 1729 1510 1856 1598; x_wconf 80' lang='lat' dir='ltr'>simul3</span> 
     </span>
     <span class='ocr_line' id='line_1_7' title="bbox 425 1603 1856 1697; baseline 0.001 -22"><span class='ocrx_word' id='word_1_44' title='bbox 425 1614 459 1675; x_wconf 88' lang='lat' dir='ltr'>et</span> <span class='ocrx_word' id='word_1_45' title='bbox 480 1604 716 1697; x_wconf 76' lang='lat' dir='ltr'>subiungatur</span> <span class='ocrx_word' id='word_1_46' title='bbox 736 1605 940 1677; x_wconf 90' lang='lat' dir='ltr'>immediate</span> <span class='ocrx_word' id='word_1_47' title='bbox 964 1603 1156 1696; x_wconf 88' lang='lat' dir='ltr'>penitentia</span> <span class='ocrx_word' id='word_1_48' title='bbox 1176 1604 1396 1675; x_wconf 91' lang='lat' dir='ltr'>eorumdem.</span> <span class='ocrx_word' id='word_1_49' title='bbox 1418 1603 1580 1675; x_wconf 89' lang='lat' dir='ltr'>Secundo</span> <span class='ocrx_word' id='word_1_50' title='bbox 1600 1626 1686 1676; x_wconf 88' lang='lat' dir='ltr'>vero</span> <span class='ocrx_word' id='word_1_51' title='bbox 1705 1607 1856 1678; x_wconf 89' lang='lat' dir='ltr'>reciten-</span> 
     </span>
     <span class='ocr_line' id='line_1_8' title="bbox 426 1701 1854 1796; baseline 0.004 -26"><span class='ocrx_word' id='word_1_52' title='bbox 426 1712 480 1771; x_wconf 86' lang='lat' dir='ltr'>tur</span> <span class='ocrx_word' id='word_1_53' title='bbox 495 1702 598 1796; x_wconf 87' lang='lat' dir='ltr'>culpe</span> <span class='ocrx_word' id='word_1_54' title='bbox 617 1702 755 1774; x_wconf 92' lang='lat' dir='ltr'>illorum</span> <span class='ocrx_word' id='word_1_55' title='bbox 775 1703 938 1775; x_wconf 86' lang='lat' dir='ltr'>vivorum</span> <span class='ocrx_word' id='word_1_56' title='bbox 956 1702 1015 1795; x_wconf 93' lang='lat' dir='ltr'>qui</span> <span class='ocrx_word' id='word_1_57' title='bbox 1033 1701 1408 1788; x_wconf 86' lang='lat' dir='ltr'>luerintimmurandi,</span> <span class='ocrx_word' id='word_1_58' title='bbox 1426 1711 1462 1772; x_wconf 93' lang='lat' dir='ltr'>et</span> <span class='ocrx_word' id='word_1_59' title='bbox 1479 1701 1713 1795; x_wconf 83' lang='lat' dir='ltr'>subjungatur</span> <span class='ocrx_word' id='word_1_60' title='bbox 1733 1703 1854 1776; x_wconf 89' lang='lat' dir='ltr'>imme·</span> 
     </span>
     <span class='ocr_line' id='line_1_9' title="bbox 426 1797 1854 1893; baseline 0.001 -23"><span class='ocrx_word' id='word_1_61' title='bbox 426 1797 517 1870; x_wconf 89' lang='lat' dir='ltr'>diate</span> <span class='ocrx_word' id='word_1_62' title='bbox 544 1801 735 1892; x_wconf 89' lang='lat' dir='ltr'>penitentia</span> <span class='ocrx_word' id='word_1_63' title='bbox 763 1801 983 1873; x_wconf 90' lang='lat' dir='ltr'>eorumdem.</span> <span class='ocrx_word' id='word_1_64' title='bbox 1005 1798 1126 1871; x_wconf 84' lang='lat' dir='ltr'>Tercio</span> <span class='ocrx_word' id='word_1_65' title='bbox 1150 1810 1267 1869; x_wconf 92' lang='lat' dir='ltr'>autem</span> <span class='ocrx_word' id='word_1_66' title='bbox 1295 1799 1485 1869; x_wconf 89' lang='lat' dir='ltr'>recitentur</span> <span class='ocrx_word' id='word_1_67' title='bbox 1504 1799 1605 1893; x_wconf 87' lang='lat' dir='ltr'>culpe</span> <span class='ocrx_word' id='word_1_68' title='bbox 1627 1821 1854 1893; x_wconf 87' lang='lat' dir='ltr'>personarum</span> 
     </span>
     <span class='ocr_line' id='line_1_10' title="bbox 426 1895 1855 1991; baseline 0.003 -25"><span class='ocrx_word' id='word_1_69' title='bbox 426 1895 668 1968; x_wconf 78' lang='lat' dir='ltr'>defunctarum</span> <span class='ocrx_word' id='word_1_70' title='bbox 693 1920 762 1991; x_wconf 90' lang='lat' dir='ltr'>que</span> <span class='ocrx_word' id='word_1_71' title='bbox 787 1912 870 1970; x_wconf 85' lang='lat' dir='ltr'>suut</span> <span class='ocrx_word' id='word_1_72' title='bbox 896 1898 1108 1970; x_wconf 83' lang='lat' dir='ltr'>declarando</span> <span class='ocrx_word' id='word_1_73' title='bbox 1136 1897 1271 1968; x_wconf 92' lang='lat' dir='ltr'>ratione</span> <span class='ocrx_word' id='word_1_74' title='bbox 1299 1897 1471 1968; x_wconf 93' lang='lat' dir='ltr'>bonorum</span> <span class='ocrx_word' id='word_1_75' title='bbox 1501 1898 1595 1982; x_wconf 91' lang='lat' dir='ltr'>lore,</span> <span class='ocrx_word' id='word_1_76' title='bbox 1616 1899 1646 1968; x_wconf 87' lang='lat' dir='ltr'>si</span> <span class='ocrx_word' id='word_1_77' title='bbox 1671 1899 1855 1986; x_wconf 85' lang='lat' dir='ltr'>viverent,</span> 
     </span>
     <span class='ocr_line' id='line_1_11' title="bbox 425 1993 1856 2087; baseline 0.003 -24"><span class='ocrx_word' id='word_1_78' title='bbox 425 1996 654 2083; x_wconf 86' lang='lat' dir='ltr'>inmorande,</span> <span class='ocrx_word' id='word_1_79' title='bbox 689 2009 724 2066; x_wconf 86' lang='grc' dir='ltr'><strong>ει</strong></span> <span class='ocrx_word' id='word_1_80' title='bbox 761 1998 995 2087; x_wconf 80' lang='lat' dir='ltr'>subjungatur</span> <span class='ocrx_word' id='word_1_81' title='bbox 1031 1994 1222 2066; x_wconf 78' lang='lat' dir='ltr'>declaratio</span> <span class='ocrx_word' id='word_1_82' title='bbox 1256 1993 1457 2066; x_wconf 85' lang='lat' dir='ltr'>diffinitiva.</span> <span class='ocrx_word' id='word_1_83' title='bbox 1496 1994 1628 2078; x_wconf 88' lang='lat' dir='ltr'>Quarto</span> <span class='ocrx_word' id='word_1_84' title='bbox 1666 1997 1856 2068; x_wconf 89' lang='lat' dir='ltr'>recitentur</span> 
     </span>
     <span class='ocr_line' id='line_1_12' title="bbox 426 2091 1854 2185; baseline 0.004 -23"><span class='ocrx_word' id='word_1_85' title='bbox 426 2091 527 2185; x_wconf 86' lang='lat' dir='ltr'>culpe</span> <span class='ocrx_word' id='word_1_86' title='bbox 564 2093 810 2166; x_wconf 81' lang='lat' dir='ltr'>detunctorum</span> <span class='ocrx_word' id='word_1_87' title='bbox 845 2095 878 2164; x_wconf 93' lang='lat' dir='ltr'>in</span> <span class='ocrx_word' id='word_1_88' title='bbox 922 2092 1067 2181; x_wconf 88' lang='lat' dir='ltr'>heresi,</span> <span class='ocrx_word' id='word_1_89' title='bbox 1105 2105 1140 2164; x_wconf 91' lang='lat' dir='ltr'>et</span> <span class='ocrx_word' id='word_1_90' title='bbox 1175 2092 1408 2183; x_wconf 79' lang='lat' dir='ltr'>subjungatur</span> <span class='ocrx_word' id='word_1_91' title='bbox 1445 2093 1646 2163; x_wconf 87' lang='lat' dir='ltr'>immediate</span> <span class='ocrx_word' id='word_1_92' title='bbox 1679 2096 1854 2167; x_wconf 90' lang='lat' dir='ltr'>sententia</span> 
     </span>
     <span class='ocr_line' id='line_1_13' title="bbox 426 2190 1857 2284; baseline 0.003 -24"><span class='ocrx_word' id='word_1_93' title='bbox 426 2191 643 2262; x_wconf 86' lang='lat' dir='ltr'>eorumdem.</span> <span class='ocrx_word' id='word_1_94' title='bbox 658 2191 789 2275; x_wconf 90' lang='lat' dir='ltr'>Quinto</span> <span class='ocrx_word' id='word_1_95' title='bbox 805 2192 1105 2284; x_wconf 89' lang='lat' dir='ltr'>recitenturculpe</span> <span class='ocrx_word' id='word_1_96' title='bbox 1117 2190 1348 2283; x_wconf 90' lang='lat' dir='ltr'>relapsurum‚</span> <span class='ocrx_word' id='word_1_97' title='bbox 1362 2191 1641 2282; x_wconf 77' lang='lat' dir='ltr'>etsubjungatur</span> <span class='ocrx_word' id='word_1_98' title='bbox 1654 2191 1857 2265; x_wconf 88' lang='lat' dir='ltr'>immediate</span> 
     </span>
     <span class='ocr_line' id='line_1_14' title="bbox 425 2287 1856 2382; baseline 0.003 -25"><span class='ocrx_word' id='word_1_99' title='bbox 425 2291 596 2359; x_wconf 88' lang='lat' dir='ltr'>sententia</span> <span class='ocrx_word' id='word_1_100' title='bbox 617 2290 836 2362; x_wconf 90' lang='lat' dir='ltr'>eorumdem.</span> <span class='ocrx_word' id='word_1_101' title='bbox 859 2290 966 2361; x_wconf 81' lang='lat' dir='ltr'>Sexto</span> <span class='ocrx_word' id='word_1_102' title='bbox 987 2287 1089 2382; x_wconf 93' lang='lat' dir='ltr'>culpe</span> <span class='ocrx_word' id='word_1_103' title='bbox 1114 2302 1149 2359; x_wconf 91' lang='grc' dir='ltr'><strong>ει</strong></span> <span class='ocrx_word' id='word_1_104' title='bbox 1177 2309 1361 2381; x_wconf 88' lang='lat' dir='ltr'>processus</span> <span class='ocrx_word' id='word_1_105' title='bbox 1385 2287 1620 2360; x_wconf 90' lang='lat' dir='ltr'>hereticorum</span> <span class='ocrx_word' id='word_1_106' title='bbox 1647 2291 1708 2381; x_wconf 93' lang='lat' dir='ltr'>qui</span> <span class='ocrx_word' id='word_1_107' title='bbox 1732 2291 1856 2362; x_wconf 86' lang='lat' dir='ltr'>nolunt</span> 
     </span>
     <span class='ocr_line' id='line_1_15' title="bbox 429 2383 1852 2479; baseline 0.001 -23"><span class='ocrx_word' id='word_1_108' title='bbox 429 2386 598 2456; x_wconf 73' lang='lat' dir='ltr'>conserti.</span> <span class='ocrx_word' id='word_1_109' title='bbox 619 2387 661 2458; x_wconf 86' lang='grc' dir='ltr'>Ει</span> <span class='ocrx_word' id='word_1_110' title='bbox 679 2388 729 2457; x_wconf 91' lang='lat' dir='ltr'>sic</span> <span class='ocrx_word' id='word_1_111' title='bbox 758 2388 802 2458; x_wconf 93' lang='lat' dir='ltr'>de</span> <span class='ocrx_word' id='word_1_112' title='bbox 822 2387 970 2479; x_wconf 80' lang='lat' dir='ltr'>singulis</span> <span class='ocrx_word' id='word_1_113' title='bbox 989 2387 1067 2457; x_wconf 91' lang='lat' dir='ltr'>aliis</span> <span class='ocrx_word' id='word_1_114' title='bbox 1086 2385 1131 2456; x_wconf 89' lang='lat' dir='ltr'>de</span> <span class='ocrx_word' id='word_1_115' title='bbox 1150 2386 1280 2479; x_wconf 89' lang='lat' dir='ltr'>quibus</span> <span class='ocrx_word' id='word_1_116' title='bbox 1300 2383 1478 2477; x_wconf 82' lang='lat' dir='ltr'>agendum</span> <span class='ocrx_word' id='word_1_117' title='bbox 1499 2386 1605 2457; x_wconf 88' lang='lat' dir='ltr'>luerit</span> <span class='ocrx_word' id='word_1_118' title='bbox 1623 2387 1659 2457; x_wconf 92' lang='lat' dir='ltr'>iu</span> <span class='ocrx_word' id='word_1_119' title='bbox 1676 2408 1852 2460; x_wconf 89' lang='lat' dir='ltr'>sermone.</span> 
     </span>
    </p>

    <p class='ocr_par' dir='ltr' id='par_1_4' title="bbox 426 2480 1855 2674">
     <span class='ocr_line' id='line_1_16' title="bbox 473 2480 1855 2582; baseline 0.004 -29"><span class='ocrx_word' id='word_1_120' title='bbox 473 2482 515 2553; x_wconf 85' lang='lat' dir='ltr'>Et</span> <span class='ocrx_word' id='word_1_121' title='bbox 537 2484 603 2554; x_wconf 87' lang='lat' dir='ltr'>iste</span> <span class='ocrx_word' id='word_1_122' title='bbox 627 2487 751 2557; x_wconf 90' lang='lat' dir='ltr'>modus</span> <span class='ocrx_word' id='word_1_123' title='bbox 774 2496 810 2556; x_wconf 92' lang='lat' dir='ltr'>et</span> <span class='ocrx_word' id='word_1_124' title='bbox 828 2486 915 2557; x_wconf 92' lang='lat' dir='ltr'>ordo</span> <span class='ocrx_word' id='word_1_125' title='bbox 938 2480 978 2582; x_wconf 77' lang='grc' dir='ltr'>[ι0</span> <span class='ocrx_word' id='word_1_126' title='bbox 996 2485 1041 2553; x_wconf 87' lang='grc'>50</span> <span class='ocrx_word' id='word_1_127' title='bbox 1057 2480 1090 2582; x_wconf 90' lang='lat' dir='ltr'>c]</span> <span class='ocrx_word' id='word_1_128' title='bbox 1111 2487 1365 2555; x_wconf 87' lang='lat' dir='ltr'>convenienter</span> <span class='ocrx_word' id='word_1_129' title='bbox 1382 2484 1518 2554; x_wconf 87' lang='lat' dir='ltr'>servari</span> <span class='ocrx_word' id='word_1_130' title='bbox 1543 2485 1684 2578; x_wconf 89' lang='lat' dir='ltr'>poterit,</span> <span class='ocrx_word' id='word_1_131' title='bbox 1711 2487 1855 2579; x_wconf 92' lang='lat' dir='ltr'>quando</span> 
     </span>
     <span class='ocr_line' id='line_1_17' title="bbox 426 2581 1742 2674; baseline 0.001 -23"><span class='ocrx_word' id='word_1_132' title='bbox 426 2600 575 2673; x_wconf 89' lang='lat' dir='ltr'>persone</span> <span class='ocrx_word' id='word_1_133' title='bbox 592 2604 703 2674; x_wconf 88' lang='lat' dir='ltr'>pauce</span> <span class='ocrx_word' id='word_1_134' title='bbox 722 2604 870 2655; x_wconf 92' lang='lat' dir='ltr'>numero</span> <span class='ocrx_word' id='word_1_135' title='bbox 886 2583 1015 2654; x_wconf 87' lang='lat' dir='ltr'>luerint</span> <span class='ocrx_word' id='word_1_136' title='bbox 1032 2583 1077 2653; x_wconf 91' lang='lat' dir='ltr'>de</span> <span class='ocrx_word' id='word_1_137' title='bbox 1096 2582 1225 2674; x_wconf 92' lang='lat' dir='ltr'>quibus</span> <span class='ocrx_word' id='word_1_138' title='bbox 1240 2582 1416 2672; x_wconf 81' lang='lat' dir='ltr'>agendum</span> <span class='ocrx_word' id='word_1_139' title='bbox 1432 2592 1487 2653; x_wconf 89' lang='lat' dir='ltr'>est</span> <span class='ocrx_word' id='word_1_140' title='bbox 1506 2581 1542 2651; x_wconf 93' lang='lat' dir='ltr'>in</span> <span class='ocrx_word' id='word_1_141' title='bbox 1565 2604 1742 2656; x_wconf 90' lang='lat' dir='ltr'>sermone.</span> 
     </span>
    </p>

    <p class='ocr_par' dir='ltr' id='par_1_5' title="bbox 424 2678 1899 3166">
     <span class='ocr_line' id='line_1_18' title="bbox 472 2678 1858 2773; baseline 0.005 -25"><span class='ocrx_word' id='word_1_142' title='bbox 472 2678 655 2750; x_wconf 90' lang='lat' dir='ltr'>Secundus</span> <span class='ocrx_word' id='word_1_143' title='bbox 675 2683 802 2752; x_wconf 89' lang='lat' dir='ltr'>modus</span> <span class='ocrx_word' id='word_1_144' title='bbox 817 2693 852 2752; x_wconf 93' lang='grc' dir='ltr'><strong>ει</strong></span> <span class='ocrx_word' id='word_1_145' title='bbox 869 2681 957 2753; x_wconf 91' lang='lat' dir='ltr'>ordo</span> <span class='ocrx_word' id='word_1_146' title='bbox 975 2679 1144 2751; x_wconf 89' lang='lat' dir='ltr'>recitandi</span> <span class='ocrx_word' id='word_1_147' title='bbox 1169 2680 1290 2773; x_wconf 89' lang='lat' dir='ltr'>cuipas</span> <span class='ocrx_word' id='word_1_148' title='bbox 1310 2692 1364 2750; x_wconf 90' lang='grc' dir='ltr'>εει</span> <span class='ocrx_word' id='word_1_149' title='bbox 1387 2691 1424 2751; x_wconf 91' lang='lat' dir='ltr'>ut</span> <span class='ocrx_word' id='word_1_150' title='bbox 1445 2680 1513 2751; x_wconf 87' lang='lat' dir='ltr'>sub</span> <span class='ocrx_word' id='word_1_151' title='bbox 1539 2702 1609 2753; x_wconf 90' lang='lat' dir='ltr'>uno</span> <span class='ocrx_word' id='word_1_152' title='bbox 1633 2694 1799 2754; x_wconf 83' lang='lat' dir='ltr'>contextu</span> <span class='ocrx_word' id='word_1_153' title='bbox 1822 2694 1858 2755; x_wconf 91' lang='lat' dir='ltr'>et</span> 
     </span>
     <span class='ocr_line' id='line_1_19' title="bbox 425 2776 1858 2872; baseline 0.004 -26"><span class='ocrx_word' id='word_1_154' title='bbox 425 2776 549 2848; x_wconf 89' lang='lat' dir='ltr'>ordine</span> <span class='ocrx_word' id='word_1_155' title='bbox 567 2779 670 2872; x_wconf 89' lang='lat' dir='ltr'>culpe</span> <span class='ocrx_word' id='word_1_156' title='bbox 689 2779 847 2849; x_wconf 95' lang='lat' dir='ltr'>omnium</span> <span class='ocrx_word' id='word_1_157' title='bbox 867 2779 1071 2865; x_wconf 86' lang='lat' dir='ltr'>recitentur,</span> <span class='ocrx_word' id='word_1_158' title='bbox 1092 2789 1128 2849; x_wconf 92' lang='lat' dir='ltr'>et</span> <span class='ocrx_word' id='word_1_159' title='bbox 1152 2778 1374 2870; x_wconf 90' lang='lat' dir='ltr'>postmodum</span> <span class='ocrx_word' id='word_1_160' title='bbox 1396 2778 1463 2849; x_wconf 87' lang='lat' dir='ltr'>sub</span> <span class='ocrx_word' id='word_1_161' title='bbox 1488 2780 1611 2849; x_wconf 91' lang='lat' dir='ltr'>eodem</span> <span class='ocrx_word' id='word_1_162' title='bbox 1633 2790 1801 2851; x_wconf 83' lang='lat' dir='ltr'>contextu</span> <span class='ocrx_word' id='word_1_163' title='bbox 1821 2793 1858 2852; x_wconf 93' lang='grc' dir='ltr'><strong>ει</strong></span> 
     </span>
     <span class='ocr_line' id='line_1_20' title="bbox 424 2872 1899 2971; baseline 0.002 -27"><span class='ocrx_word' id='word_1_164' title='bbox 424 2872 548 2945; x_wconf 90' lang='lat' dir='ltr'>ordine</span> <span class='ocrx_word' id='word_1_165' title='bbox 564 2876 756 2967; x_wconf 90' lang='lat' dir='ltr'>penitentie</span> <span class='ocrx_word' id='word_1_166' title='bbox 772 2890 806 2947; x_wconf 90' lang='lat' dir='ltr'>ct</span> <span class='ocrx_word' id='word_1_167' title='bbox 825 2877 998 2946; x_wconf 91' lang='lat' dir='ltr'>sententie</span> <span class='ocrx_word' id='word_1_168' title='bbox 1018 2888 1121 2968; x_wconf 91' lang='lat' dir='ltr'>prout</span> <span class='ocrx_word' id='word_1_169' title='bbox 1140 2877 1288 2946; x_wconf 85' lang='lat' dir='ltr'>formate</span> <span class='ocrx_word' id='word_1_170' title='bbox 1305 2887 1340 2946; x_wconf 93' lang='lat' dir='ltr'>et</span> <span class='ocrx_word' id='word_1_171' title='bbox 1363 2876 1492 2969; x_wconf 89' lang='lat' dir='ltr'>scripte</span> <span class='ocrx_word' id='word_1_172' title='bbox 1511 2889 1594 2947; x_wconf 88' lang='lat' dir='ltr'>sunt</span> <span class='ocrx_word' id='word_1_173' title='bbox 1613 2877 1775 2967; x_wconf 83' lang='lat' dir='ltr'>legantur</span> <span class='ocrx_word' id='word_1_174' title='bbox 1795 2900 1858 2971; x_wconf 93' lang='lat' dir='ltr'>per</span> <span class='ocrx_word' id='word_1_175' title='bbox 1897 2893 1899 2898; x_wconf 87' lang='grc'><strong><em>·</em></strong></span> 
     </span>
     <span class='ocr_line' id='line_1_21' title="bbox 424 2971 1858 3068; baseline 0.003 -27"><span class='ocrx_word' id='word_1_176' title='bbox 424 2971 665 3064; x_wconf 86' lang='lat' dir='ltr'>inquisitorem</span> <span class='ocrx_word' id='word_1_177' title='bbox 688 2973 847 3046; x_wconf 91' lang='lat' dir='ltr'>sedendo</span> <span class='ocrx_word' id='word_1_178' title='bbox 872 2976 906 3043; x_wconf 90' lang='lat' dir='ltr'>in</span> <span class='ocrx_word' id='word_1_179' title='bbox 931 2974 1038 3045; x_wconf 93' lang='lat' dir='ltr'>latinu</span> <span class='ocrx_word' id='word_1_180' title='bbox 1065 2974 1198 3067; x_wconf 91' lang='lat' dir='ltr'>primo,</span> <span class='ocrx_word' id='word_1_181' title='bbox 1222 2983 1257 3043; x_wconf 92' lang='lat' dir='ltr'>et</span> <span class='ocrx_word' id='word_1_182' title='bbox 1283 2973 1423 3045; x_wconf 92' lang='lat' dir='ltr'>tandem</span> <span class='ocrx_word' id='word_1_183' title='bbox 1447 2996 1508 3067; x_wconf 90' lang='lat' dir='ltr'>per</span> <span class='ocrx_word' id='word_1_184' title='bbox 1531 2974 1776 3068; x_wconf 89' lang='lat' dir='ltr'>inquisitorem</span> <span class='ocrx_word' id='word_1_185' title='bbox 1799 2976 1858 3046; x_wconf 87' lang='lat' dir='ltr'>vel</span> 
     </span>
     <span class='ocr_line' id='line_1_22' title="bbox 424 3069 1860 3166; baseline 0.004 -28"><span class='ocrx_word' id='word_1_186' title='bbox 424 3069 598 3140; x_wconf 88' lang='lat' dir='ltr'>notarium</span> <span class='ocrx_word' id='word_1_187' title='bbox 621 3073 675 3143; x_wconf 88' lang='lat' dir='ltr'>vel</span> <span class='ocrx_word' id='word_1_188' title='bbox 695 3094 756 3166; x_wconf 91' lang='lat' dir='ltr'>per</span> <span class='ocrx_word' id='word_1_189' title='bbox 771 3072 923 3164; x_wconf 89' lang='lat' dir='ltr'>aliquem</span> <span class='ocrx_word' id='word_1_190' title='bbox 942 3072 1048 3140; x_wconf 91' lang='lat' dir='ltr'>alium</span> <span class='ocrx_word' id='word_1_191' title='bbox 1073 3070 1118 3141; x_wconf 91' lang='lat' dir='ltr'>ad</span> <span class='ocrx_word' id='word_1_192' title='bbox 1139 3071 1205 3142; x_wconf 90' lang='lat' dir='ltr'>buc</span> <span class='ocrx_word' id='word_1_193' title='bbox 1231 3071 1407 3165; x_wconf 74' lang='lat' dir='ltr'>ydoneum</span> <span class='ocrx_word' id='word_1_194' title='bbox 1430 3072 1463 3140; x_wconf 93' lang='lat' dir='ltr'>in</span> <span class='ocrx_word' id='word_1_195' title='bbox 1484 3071 1622 3165; x_wconf 74' lang='lat' dir='ltr'>vulgari</span> <span class='ocrx_word' id='word_1_196' title='bbox 1646 3072 1802 3145; x_wconf 90' lang='lat' dir='ltr'>breviter</span> <span class='ocrx_word' id='word_1_197' title='bbox 1823 3086 1860 3144; x_wconf 92' lang='lat' dir='ltr'>et</span> 
     </span>
    </p>
   </div>
   <div class='ocr_carea' id='block_1_4' title="bbox 424 3167 1859 3850">
    <p class='ocr_par' dir='ltr' id='par_1_6' title="bbox 424 3167 1856 3361">
     <span class='ocr_line' id='line_1_23' title="bbox 424 3167 1856 3264; baseline 0.003 -27"><span class='ocrx_word' id='word_1_198' title='bbox 424 3167 490 3238; x_wconf 87' lang='lat' dir='ltr'>sub</span> <span class='ocrx_word' id='word_1_199' title='bbox 509 3169 720 3263; x_wconf 90' lang='lat' dir='ltr'>compendio</span> <span class='ocrx_word' id='word_1_200' title='bbox 739 3180 976 3264; x_wconf 87' lang='lat' dir='ltr'>exponantur,</span> <span class='ocrx_word' id='word_1_201' title='bbox 996 3171 1043 3239; x_wconf 94' lang='lat' dir='ltr'>ita</span> <span class='ocrx_word' id='word_1_202' title='bbox 1065 3178 1180 3240; x_wconf 91' lang='lat' dir='ltr'>tamen</span> <span class='ocrx_word' id='word_1_203' title='bbox 1206 3168 1301 3261; x_wconf 90' lang='lat' dir='ltr'>quod</span> <span class='ocrx_word' id='word_1_204' title='bbox 1326 3169 1478 3262; x_wconf 79' lang='lat' dir='ltr'>periente</span> <span class='ocrx_word' id='word_1_205' title='bbox 1497 3169 1627 3264; x_wconf 89' lang='lat' dir='ltr'>percipi</span> <span class='ocrx_word' id='word_1_206' title='bbox 1655 3183 1690 3241; x_wconf 91' lang='grc' dir='ltr'><strong>ει</strong></span> <span class='ocrx_word' id='word_1_207' title='bbox 1709 3171 1856 3263; x_wconf 77' lang='lat' dir='ltr'>intelligi</span> 
     </span>
     <span class='ocr_line' id='line_1_24' title="bbox 425 3264 975 3361; baseline 0 -22"><span class='ocrx_word' id='word_1_208' title='bbox 425 3264 567 3339; x_wconf 87' lang='lat' dir='ltr'>valeant</span> <span class='ocrx_word' id='word_1_209' title='bbox 586 3269 631 3338; x_wconf 91' lang='lat' dir='ltr'>ab</span> <span class='ocrx_word' id='word_1_210' title='bbox 646 3268 779 3338; x_wconf 89' lang='lat' dir='ltr'>eisdem</span> <span class='ocrx_word' id='word_1_211' title='bbox 802 3268 975 3361; x_wconf 89' lang='lat' dir='ltr'>personis.</span> 
     </span>
    </p>

    <p class='ocr_par' dir='ltr' id='par_1_7' title="bbox 425 3364 1859 3850">
     <span class='ocr_line' id='line_1_25' title="bbox 471 3364 1855 3458; baseline 0.001 -22"><span class='ocrx_word' id='word_1_212' title='bbox 471 3364 513 3436; x_wconf 85' lang='lat' dir='ltr'>Et</span> <span class='ocrx_word' id='word_1_213' title='bbox 534 3367 601 3438; x_wconf 89' lang='lat' dir='ltr'>iste</span> <span class='ocrx_word' id='word_1_214' title='bbox 621 3367 746 3437; x_wconf 91' lang='lat' dir='ltr'>modus</span> <span class='ocrx_word' id='word_1_215' title='bbox 768 3378 804 3436; x_wconf 91' lang='lat' dir='ltr'>et</span> <span class='ocrx_word' id='word_1_216' title='bbox 829 3365 917 3436; x_wconf 94' lang='lat' dir='ltr'>ordo</span> <span class='ocrx_word' id='word_1_217' title='bbox 946 3365 1080 3436; x_wconf 87' lang='lat' dir='ltr'>servari</span> <span class='ocrx_word' id='word_1_218' title='bbox 1106 3365 1235 3457; x_wconf 91' lang='lat' dir='ltr'>poterit</span> <span class='ocrx_word' id='word_1_219' title='bbox 1258 3375 1294 3435; x_wconf 90' lang='lat' dir='ltr'>et</span> <span class='ocrx_word' id='word_1_220' title='bbox 1320 3364 1464 3436; x_wconf 89' lang='lat' dir='ltr'>debebit</span> <span class='ocrx_word' id='word_1_221' title='bbox 1481 3365 1624 3457; x_wconf 88' lang='lat' dir='ltr'>quando</span> <span class='ocrx_word' id='word_1_222' title='bbox 1649 3379 1702 3438; x_wconf 88' lang='lat' dir='ltr'>est</span> <span class='ocrx_word' id='word_1_223' title='bbox 1730 3389 1855 3458; x_wconf 81' lang='lat' dir='ltr'>magna</span> 
     </span>
     <span class='ocr_line' id='line_1_26' title="bbox 426 3462 1856 3557; baseline 0.002 -24"><span class='ocrx_word' id='word_1_224' title='bbox 426 3463 614 3535; x_wconf 89' lang='lat' dir='ltr'>multitudo</span> <span class='ocrx_word' id='word_1_225' title='bbox 632 3484 860 3557; x_wconf 91' lang='lat' dir='ltr'>personarum</span> <span class='ocrx_word' id='word_1_226' title='bbox 884 3463 929 3534; x_wconf 93' lang='lat' dir='ltr'>de</span> <span class='ocrx_word' id='word_1_227' title='bbox 944 3463 1073 3555; x_wconf 89' lang='lat' dir='ltr'>quibus</span> <span class='ocrx_word' id='word_1_228' title='bbox 1094 3462 1273 3553; x_wconf 82' lang='lat' dir='ltr'>agendum</span> <span class='ocrx_word' id='word_1_229' title='bbox 1296 3476 1362 3548; x_wconf 90' lang='lat' dir='ltr'>est,</span> <span class='ocrx_word' id='word_1_230' title='bbox 1382 3463 1427 3533; x_wconf 91' lang='lat' dir='ltr'>ad</span> <span class='ocrx_word' id='word_1_231' title='bbox 1444 3462 1511 3533; x_wconf 91' lang='lat' dir='ltr'>hoc</span> <span class='ocrx_word' id='word_1_232' title='bbox 1527 3476 1566 3534; x_wconf 91' lang='lat' dir='ltr'>ut</span> <span class='ocrx_word' id='word_1_233' title='bbox 1582 3464 1691 3534; x_wconf 89' lang='lat' dir='ltr'>cicius</span> <span class='ocrx_word' id='word_1_234' title='bbox 1709 3464 1766 3534; x_wconf 89' lang='lat' dir='ltr'>illa</span> <span class='ocrx_word' id='word_1_235' title='bbox 1787 3487 1856 3557; x_wconf 90' lang='lat' dir='ltr'>que</span> 
     </span>
     <span class='ocr_line' id='line_1_27' title="bbox 425 3560 1858 3654; baseline 0.001 -23"><span class='ocrx_word' id='word_1_236' title='bbox 425 3561 559 3652; x_wconf 76' lang='lat' dir='ltr'>agenda</span> <span class='ocrx_word' id='word_1_237' title='bbox 582 3562 710 3632; x_wconf 88' lang='lat' dir='ltr'>luerint</span> <span class='ocrx_word' id='word_1_238' title='bbox 724 3561 867 3631; x_wconf 84' lang='lat' dir='ltr'>valeant</span> <span class='ocrx_word' id='word_1_239' title='bbox 884 3561 1058 3653; x_wconf 79' lang='lat' dir='ltr'>expediri,</span> <span class='ocrx_word' id='word_1_240' title='bbox 1074 3561 1156 3653; x_wconf 93' lang='lat' dir='ltr'>quia</span> <span class='ocrx_word' id='word_1_241' title='bbox 1169 3571 1306 3652; x_wconf 88' lang='lat' dir='ltr'>tempus</span> <span class='ocrx_word' id='word_1_242' title='bbox 1330 3582 1393 3654; x_wconf 90' lang='lat' dir='ltr'>per</span> <span class='ocrx_word' id='word_1_243' title='bbox 1412 3560 1596 3630; x_wconf 75' lang='lat' dir='ltr'>intervalia</span> <span class='ocrx_word' id='word_1_244' title='bbox 1618 3562 1746 3632; x_wconf 83' lang='lat' dir='ltr'>labitur</span> <span class='ocrx_word' id='word_1_245' title='bbox 1766 3563 1858 3633; x_wconf 89' lang='lat' dir='ltr'>inter</span> 
     </span>
     <span class='ocr_line' id='line_1_28' title="bbox 426 3656 1859 3752; baseline 0.002 -24"><span class='ocrx_word' id='word_1_246' title='bbox 426 3678 542 3730; x_wconf 89' lang='lat' dir='ltr'>moras</span> <span class='ocrx_word' id='word_1_247' title='bbox 568 3681 638 3752; x_wconf 91' lang='lat' dir='ltr'>que</span> <span class='ocrx_word' id='word_1_248' title='bbox 664 3656 754 3727; x_wconf 86' lang='lat' dir='ltr'>liunt</span> <span class='ocrx_word' id='word_1_249' title='bbox 779 3659 814 3727; x_wconf 95' lang='lat' dir='ltr'>in</span> <span class='ocrx_word' id='word_1_250' title='bbox 839 3659 950 3751; x_wconf 91' lang='lat' dir='ltr'>primu</span> <span class='ocrx_word' id='word_1_251' title='bbox 979 3657 1083 3729; x_wconf 92' lang='lat' dir='ltr'>modo</span> <span class='ocrx_word' id='word_1_252' title='bbox 1107 3657 1292 3748; x_wconf 89' lang='lat' dir='ltr'>recitandi,</span> <span class='ocrx_word' id='word_1_253' title='bbox 1317 3659 1409 3730; x_wconf 86' lang='lat' dir='ltr'>sicut</span> <span class='ocrx_word' id='word_1_254' title='bbox 1440 3658 1485 3729; x_wconf 92' lang='lat' dir='ltr'>de</span> <span class='ocrx_word' id='word_1_255' title='bbox 1511 3669 1660 3751; x_wconf 89' lang='lat' dir='ltr'>utroque</span> <span class='ocrx_word' id='word_1_256' title='bbox 1678 3660 1783 3732; x_wconf 91' lang='lat' dir='ltr'>modo</span> <span class='ocrx_word' id='word_1_257' title='bbox 1803 3681 1859 3730; x_wconf 91' lang='lat' dir='ltr'>re·</span> 
     </span>
     <span class='ocr_line' id='line_1_29' title="bbox 431 3767 913 3850; baseline -0.002 -24"><span class='ocrx_word' id='word_1_258' title='bbox 431 3767 567 3848; x_wconf 87' lang='lat' dir='ltr'>partum</span> <span class='ocrx_word' id='word_1_259' title='bbox 587 3768 641 3827; x_wconf 89' lang='lat' dir='ltr'>est</span> <span class='ocrx_word' id='word_1_260' title='bbox 660 3767 695 3827; x_wconf 94' lang='lat' dir='ltr'>et</span> <span class='ocrx_word' id='word_1_261' title='bbox 715 3767 913 3850; x_wconf 85' lang='lat' dir='ltr'>expertum.</span> 
     </span>
    </p>
   </div>
   <div class='ocr_carea' id='block_1_5' title="bbox 429 4009 1857 4199">
    <p class='ocr_par' dir='ltr' id='par_1_8' title="bbox 429 4009 1857 4199">
     <span class='ocr_line' id='line_1_30' title="bbox 429 4009 1857 4092; baseline 0.002 -20"><span class='ocrx_word' id='word_1_262' title='bbox 429 4009 459 4072; x_wconf 78' lang='lat'>0.</span> <span class='ocrx_word' id='word_1_263' title='bbox 484 4009 615 4075; x_wconf 84' lang='lat' dir='ltr'>Modus</span> <span class='ocrx_word' id='word_1_264' title='bbox 630 4020 753 4076; x_wconf 86' lang='lat' dir='ltr'>autem</span> <span class='ocrx_word' id='word_1_265' title='bbox 768 4011 948 4076; x_wconf 87' lang='lat' dir='ltr'>recitandi</span> <span class='ocrx_word' id='word_1_266' title='bbox 963 4010 1092 4092; x_wconf 89' lang='lat' dir='ltr'>culpas</span> <span class='ocrx_word' id='word_1_267' title='bbox 1104 4011 1309 4075; x_wconf 84' lang='lat' dir='ltr'>viventium</span> <span class='ocrx_word' id='word_1_268' title='bbox 1322 4017 1358 4074; x_wconf 85' lang='lat' dir='ltr'>et</span> <span class='ocrx_word' id='word_1_269' title='bbox 1372 4012 1600 4090; x_wconf 87' lang='lat' dir='ltr'>presentium</span> <span class='ocrx_word' id='word_1_270' title='bbox 1615 4026 1857 4091; x_wconf 80' lang='lat' dir='ltr'>personarum</span> 
     </span>
     <span class='ocr_line' id='line_1_31' title="bbox 957 4118 1305 4199; baseline -0.003 -17"><span class='ocrx_word' id='word_1_271' title='bbox 957 4120 1093 4199; x_wconf 85' lang='lat' dir='ltr'>poterit</span> <span class='ocrx_word' id='word_1_272' title='bbox 1110 4134 1189 4183; x_wconf 83' lang='lat' dir='ltr'>esse</span> <span class='ocrx_word' id='word_1_273' title='bbox 1207 4118 1305 4182; x_wconf 81' lang='lat' dir='ltr'>talis.</span> 
     </span>
    </p>
   </div>
   <div class='ocr_carea' id='block_1_6' title="bbox 424 4361 1861 5140">
    <p class='ocr_par' dir='ltr' id='par_1_9' title="bbox 425 4361 1861 4851">
     <span class='ocr_line' id='line_1_32' title="bbox 473 4361 1858 4455; baseline 0.002 -25"><span class='ocrx_word' id='word_1_274' title='bbox 473 4361 564 4433; x_wconf 87' lang='lat' dir='ltr'>Talis</span> <span class='ocrx_word' id='word_1_275' title='bbox 585 4363 629 4433; x_wconf 94' lang='lat' dir='ltr'>de</span> <span class='ocrx_word' id='word_1_276' title='bbox 651 4362 709 4433; x_wconf 87' lang='lat' dir='ltr'>tali</span> <span class='ocrx_word' id='word_1_277' title='bbox 732 4362 820 4447; x_wconf 86' lang='lat' dir='ltr'>locu,</span> <span class='ocrx_word' id='word_1_278' title='bbox 847 4361 939 4431; x_wconf 87' lang='lat' dir='ltr'>filius</span> <span class='ocrx_word' id='word_1_279' title='bbox 968 4361 1059 4437; x_wconf 83' lang='lat' dir='ltr'>talis,</span> <span class='ocrx_word' id='word_1_280' title='bbox 1088 4363 1178 4432; x_wconf 91' lang='lat' dir='ltr'>sicut</span> <span class='ocrx_word' id='word_1_281' title='bbox 1209 4362 1362 4453; x_wconf 81' lang='lat' dir='ltr'>legitime</span> <span class='ocrx_word' id='word_1_282' title='bbox 1382 4362 1483 4432; x_wconf 90' lang='lat' dir='ltr'>nobis</span> <span class='ocrx_word' id='word_1_283' title='bbox 1506 4372 1726 4454; x_wconf 88' lang='lat' dir='ltr'>coustatper</span> <span class='ocrx_word' id='word_1_284' title='bbox 1749 4364 1858 4455; x_wconf 89' lang='lat' dir='ltr'>ipsius</span> 
     </span>
     <span class='ocr_line' id='line_1_33' title="bbox 427 4459 1861 4552; baseline 0 -22"><span class='ocrx_word' id='word_1_285' title='bbox 427 4461 679 4532; x_wconf 84' lang='lat' dir='ltr'>contessionem</span> <span class='ocrx_word' id='word_1_286' title='bbox 708 4462 830 4530; x_wconf 86' lang='lat' dir='ltr'>lectam</span> <span class='ocrx_word' id='word_1_287' title='bbox 862 4461 896 4528; x_wconf 93' lang='lat' dir='ltr'>in</span> <span class='ocrx_word' id='word_1_288' title='bbox 924 4459 1075 4550; x_wconf 82' lang='lat' dir='ltr'>juditio,</span> <span class='ocrx_word' id='word_1_289' title='bbox 1105 4480 1198 4529; x_wconf 91' lang='lat' dir='ltr'>anno</span> <span class='ocrx_word' id='word_1_290' title='bbox 1218 4472 1253 4529; x_wconf 92' lang='grc' dir='ltr'><strong>ει</strong></span> <span class='ocrx_word' id='word_1_291' title='bbox 1279 4459 1337 4529; x_wconf 91' lang='lat' dir='ltr'>die</span> <span class='ocrx_word' id='word_1_292' title='bbox 1370 4459 1428 4528; x_wconf 90' lang='lat' dir='ltr'>tali</span> <span class='ocrx_word' id='word_1_293' title='bbox 1461 4459 1706 4552; x_wconf 71' lang='lat' dir='ltr'>(conprimuntur</span> <span class='ocrx_word' id='word_1_294' title='bbox 1731 4459 1805 4530; x_wconf 81' lang='lat' dir='ltr'>dies</span> <span class='ocrx_word' id='word_1_295' title='bbox 1829 4467 1861 4530; x_wconf 83' lang='lat' dir='ltr'>el</span> 
     </span>
     <span class='ocr_line' id='line_1_34' title="bbox 426 4555 1860 4653; baseline 0 -25"><span class='ocrx_word' id='word_1_296' title='bbox 426 4579 539 4629; x_wconf 83' lang='lat' dir='ltr'>annus</span> <span class='ocrx_word' id='word_1_297' title='bbox 565 4557 789 4651; x_wconf 79' lang='lat' dir='ltr'>confessionis</span> <span class='ocrx_word' id='word_1_298' title='bbox 805 4556 927 4649; x_wconf 82' lang='lat' dir='ltr'>facte),</span> <span class='ocrx_word' id='word_1_299' title='bbox 949 4557 1029 4627; x_wconf 91' lang='lat' dir='ltr'>lecit</span> <span class='ocrx_word' id='word_1_300' title='bbox 1055 4556 1121 4627; x_wconf 86' lang='lat' dir='ltr'>boc</span> <span class='ocrx_word' id='word_1_301' title='bbox 1146 4568 1181 4626; x_wconf 90' lang='lat' dir='ltr'>et</span> <span class='ocrx_word' id='word_1_302' title='bbox 1201 4556 1267 4628; x_wconf 93' lang='lat' dir='ltr'>buc</span> <span class='ocrx_word' id='word_1_303' title='bbox 1282 4555 1538 4649; x_wconf 79' lang='lat' dir='ltr'>(ercprimulur</span> <span class='ocrx_word' id='word_1_304' title='bbox 1565 4557 1670 4653; x_wconf 83' lang='lat' dir='ltr'>culpo</span> <span class='ocrx_word' id='word_1_305' title='bbox 1692 4562 1860 4628; x_wconf 76' lang='lat' dir='ltr'>extructa</span> 
     </span>
     <span class='ocr_line' id='line_1_35' title="bbox 425 4653 1858 4749; baseline -0.001 -23"><span class='ocrx_word' id='word_1_306' title='bbox 425 4655 467 4726; x_wconf 85' lang='lat' dir='ltr'>de</span> <span class='ocrx_word' id='word_1_307' title='bbox 486 4676 551 4728; x_wconf 84' lang='lat' dir='ltr'>con</span> <span class='ocrx_word' id='word_1_308' title='bbox 571 4656 701 4726; x_wconf 82' lang='lat' dir='ltr'>essioue</span> <span class='ocrx_word' id='word_1_309' title='bbox 717 4654 870 4725; x_wconf 76' lang='lat' dir='ltr'>brenu&#39;tcr</span> <span class='ocrx_word' id='word_1_310' title='bbox 888 4653 993 4724; x_wconf 81' lang='lat' dir='ltr'>elsub</span> <span class='ocrx_word' id='word_1_311' title='bbox 1004 4653 1208 4747; x_wconf 82' lang='lat' dir='ltr'>compendio</span> <span class='ocrx_word' id='word_1_312' title='bbox 1218 4653 1417 4745; x_wconf 83' lang='lat' dir='ltr'>ordinata),</span> <span class='ocrx_word' id='word_1_313' title='bbox 1435 4665 1470 4724; x_wconf 91' lang='lat' dir='ltr'>et</span> <span class='ocrx_word' id='word_1_314' title='bbox 1487 4654 1537 4724; x_wconf 91' lang='lat' dir='ltr'>sic</span> <span class='ocrx_word' id='word_1_315' title='bbox 1557 4655 1602 4725; x_wconf 90' lang='lat' dir='ltr'>de</span> <span class='ocrx_word' id='word_1_316' title='bbox 1620 4654 1767 4747; x_wconf 81' lang='lat' dir='ltr'>singulis</span> <span class='ocrx_word' id='word_1_317' title='bbox 1779 4676 1858 4749; x_wconf 92' lang='lat' dir='ltr'>per-</span> 
     </span>
     <span class='ocr_line' id='line_1_36' title="bbox 425 4749 817 4851; baseline 0 -27"><span class='ocrx_word' id='word_1_318' title='bbox 425 4755 520 4825; x_wconf 90' lang='lat' dir='ltr'>sonis</span> <span class='ocrx_word' id='word_1_319' title='bbox 560 4755 585 4821; x_wconf 91' lang='lat' dir='ltr'>l⁰</span> <span class='ocrx_word' id='word_1_320' title='bbox 605 4754 649 4821; x_wconf 84' lang='lat'>50</span> <span class='ocrx_word' id='word_1_321' title='bbox 667 4749 704 4851; x_wconf 87' lang='lat' dir='ltr'>d]</span> <span class='ocrx_word' id='word_1_322' title='bbox 725 4753 817 4824; x_wconf 76' lang='lat' dir='ltr'>aliie.</span> 
     </span>
    </p>

    <p class='ocr_par' dir='ltr' id='par_1_10' title="bbox 424 4849 1859 5140">
     <span class='ocr_line' id='line_1_37' title="bbox 473 4849 1859 4942; baseline 0.002 -22"><span class='ocrx_word' id='word_1_323' title='bbox 473 4851 597 4922; x_wconf 86' lang='lat' dir='ltr'>Modus</span> <span class='ocrx_word' id='word_1_324' title='bbox 621 4853 725 4921; x_wconf 91' lang='lat' dir='ltr'>etiam</span> <span class='ocrx_word' id='word_1_325' title='bbox 754 4850 921 4920; x_wconf 90' lang='lat' dir='ltr'>recitandi</span> <span class='ocrx_word' id='word_1_326' title='bbox 946 4851 1066 4942; x_wconf 90' lang='lat' dir='ltr'>culpas</span> <span class='ocrx_word' id='word_1_327' title='bbox 1093 4850 1337 4922; x_wconf 82' lang='lat' dir='ltr'>defunctorum</span> <span class='ocrx_word' id='word_1_328' title='bbox 1361 4850 1436 4942; x_wconf 88' lang='lat' dir='ltr'>qui,</span> <span class='ocrx_word' id='word_1_329' title='bbox 1466 4849 1550 4919; x_wconf 93' lang='lat' dir='ltr'>dum</span> <span class='ocrx_word' id='word_1_330' title='bbox 1574 4851 1755 4936; x_wconf 89' lang='lat' dir='ltr'>viverent,</span> <span class='ocrx_word' id='word_1_331' title='bbox 1782 4852 1859 4923; x_wconf 86' lang='lat' dir='ltr'>lue·</span> 
     </span>
     <span class='ocr_line' id='line_1_38' title="bbox 427 4948 1858 5042; baseline 0.003 -26"><span class='ocrx_word' id='word_1_332' title='bbox 427 4960 507 5017; x_wconf 93' lang='lat' dir='ltr'>runt</span> <span class='ocrx_word' id='word_1_333' title='bbox 527 4951 678 5021; x_wconf 82' lang='lat' dir='ltr'>confessi</span> <span class='ocrx_word' id='word_1_334' title='bbox 699 4951 734 5019; x_wconf 92' lang='lat' dir='ltr'>ln</span> <span class='ocrx_word' id='word_1_335' title='bbox 750 4948 893 5040; x_wconf 90' lang='lat' dir='ltr'>juditio,</span> <span class='ocrx_word' id='word_1_336' title='bbox 913 4961 949 5019; x_wconf 87' lang='lat' dir='ltr'>et</span> <span class='ocrx_word' id='word_1_337' title='bbox 967 4959 1106 5042; x_wconf 89' lang='lat' dir='ltr'>propter</span> <span class='ocrx_word' id='word_1_338' title='bbox 1124 4948 1181 5017; x_wconf 93' lang='lat' dir='ltr'>illa</span> <span class='ocrx_word' id='word_1_339' title='bbox 1203 4969 1272 5040; x_wconf 89' lang='lat' dir='ltr'>que</span> <span class='ocrx_word' id='word_1_340' title='bbox 1291 4949 1442 5019; x_wconf 85' lang='lat' dir='ltr'>contessi</span> <span class='ocrx_word' id='word_1_341' title='bbox 1466 4949 1609 5020; x_wconf 90' lang='lat' dir='ltr'>luerunt</span> <span class='ocrx_word' id='word_1_342' title='bbox 1627 4970 1665 5019; x_wconf 87' lang='lat' dir='ltr'>se</span> <span class='ocrx_word' id='word_1_343' title='bbox 1685 4949 1720 5018; x_wconf 92' lang='lat' dir='ltr'>in</span> <span class='ocrx_word' id='word_1_344' title='bbox 1742 4948 1858 5020; x_wconf 87' lang='lat' dir='ltr'>heresi</span> 
     </span>
     <span class='ocr_line' id='line_1_39' title="bbox 424 5045 1855 5140; baseline 0.001 -24"><span class='ocrx_word' id='word_1_345' title='bbox 424 5047 641 5118; x_wconf 91' lang='lat' dir='ltr'>commisisse</span> <span class='ocrx_word' id='word_1_346' title='bbox 660 5059 742 5117; x_wconf 91' lang='lat' dir='ltr'>sunt</span> <span class='ocrx_word' id='word_1_347' title='bbox 769 5045 969 5117; x_wconf 89' lang='lat' dir='ltr'>declarandi</span> <span class='ocrx_word' id='word_1_348' title='bbox 996 5048 1069 5117; x_wconf 87' lang='lat' dir='ltr'>lore</span> <span class='ocrx_word' id='word_1_349' title='bbox 1097 5045 1312 5133; x_wconf 89' lang='lat' dir='ltr'>inmurandi,</span> <span class='ocrx_word' id='word_1_350' title='bbox 1340 5046 1369 5116; x_wconf 89' lang='lat' dir='ltr'>si</span> <span class='ocrx_word' id='word_1_351' title='bbox 1398 5046 1573 5132; x_wconf 86' lang='lat' dir='ltr'>viverent,</span> <span class='ocrx_word' id='word_1_352' title='bbox 1599 5059 1741 5140; x_wconf 91' lang='lat' dir='ltr'>propter</span> <span class='ocrx_word' id='word_1_353' title='bbox 1763 5045 1855 5119; x_wconf 91' lang='lat' dir='ltr'>bona</span> 
     </span>
    </p>
   </div>
   <div class='ocr_carea' id='block_1_7' title="bbox 0 0 2292 6404">
    <p class='ocr_par' dir='ltr' id='par_1_11' title="bbox 0 0 2292 6404">
     <span class='ocr_line' id='line_1_40' title="bbox 0 0 2292 6404; baseline 0 0"><span class='ocrx_word' id='word_1_354' title='bbox 0 0 2292 6404; x_wconf 95' lang='lat' dir='ltr'> </span> 
     </span>
    </p>
   </div>
  </div>
 </body>
</html>
