4574 6404
435 651 505 721 510
722 665 885 719 nnxcrrcx
912 664 1153 731 rupursmxorus
1180 665 1342 718 6666666
1368 665 1579 717 nnxvlrxrxs.

435 849 500 921 pro
533 826 738 900 consulibus
766 847 828 897 seu
865 825 1106 896 consimilibus
1138 824 1353 911 habeantur,
1383 844 1577 915 eorumque
1602 827 1796 897 sententias
1822 849 1871 898 ex

437 938 519 996 tunc
539 924 762 997 deceruimus
779 923 940 1009 inutiles,
964 923 1078 993 irritas
1098 924 1153 1014 (1)
1173 934 1208 993 61
1227 924 1364 994 inanes.

484 1023 518 1092 Si
539 1043 626 1093 vero
644 1021 808 1093 dominus
825 1022 1048 1113 temporalis,
1069 1021 1258 1112 requisitus
1273 1033 1308 1090 et
1327 1020 1480 1090 monitus
1500 1019 1544 1088 ab
1564 1019 1716 1092 Ecclesia
1736 1034 1869 1094 terram

434 1141 533 1192 suam
563 1140 712 1214 purgare
734 1119 929 1210 neglexerit
948 1118 992 1187 ab
1013 1117 1165 1188 heretica
1195 1121 1386 1210 pravitate,
1412 1128 1490 1211 post
1513 1138 1644 1186 annum
1665 1140 1683 1187 a
1706 1135 1870 1215 tempore

434 1218 639 1289 monitionis
664 1216 842 1309 clapsum,
874 1228 1000 1287 terram
1032 1216 1140 1308 ipsius
1167 1214 1222 1309 (2)
1248 1216 1459 1308 exponimus
1483 1214 1664 1285 catholicis
1690 1240 1872 1312 occupan-

434 1317 529 1399 dam,
550 1316 609 1407 qui
631 1335 723 1398 eam,
740 1316 983 1385 exterminatis
1001 1313 1184 1400 hereticis,
1204 1314 1339 1405 absque
1361 1314 1428 1382 ulla
1448 1313 1727 1386 contradictione
1750 1318 1866 1409 possi-

434 1414 561 1500 deant,
585 1413 674 1483 etin
695 1410 777 1481 fidei
798 1414 949 1505 puritate
970 1406 1011 1506 [p
1033 1410 1101 1479 166
1122 1407 1159 1508 d]
1184 1424 1417 1496 conservent,
1446 1414 1546 1484 salvo
1561 1415 1642 1503 jure
1667 1414 1873 1507 temporalis

434 1511 589 1599 domini,
612 1510 805 1580 dummodo
824 1531 929 1601 super
951 1509 1016 1578 hoc
1037 1511 1169 1578 nullum
1193 1520 1323 1602 prestet
1347 1510 1566 1581 obstaculum
1591 1532 1706 1602 neque
1723 1513 1871 1603 aliquod

436 1608 726 1701 impedimentum
756 1621 928 1700 apponat,
958 1607 1081 1677 eadem
1113 1606 1360 1678 nichilominus
1393 1609 1469 1699 lege
1492 1621 1632 1678 servata
1660 1621 1778 1679 contra
1807 1631 1872 1681 eos

433 1711 495 1799 qui
514 1728 582 1776 non
604 1705 736 1775 habent
752 1706 914 1775 dominos
933 1704 1157 1798 principales.

481 1803 671 1874 Credentes
692 1814 871 1896 preterea,
892 1813 1140 1893 receptatores,
1158 1806 1380 1887 defensores,
1398 1815 1432 1873 et
1453 1805 1606 1874 fautores
1627 1804 1865 1877 hereticorum

434 1902 637 1981 bannimus,
659 1913 866 1987 statuentes,
889 1912 926 1969 ut
945 1903 976 1969 si
996 1898 1064 1991 (3),
1088 1912 1269 1992 postquam
1291 1901 1440 1992 quilibet
1460 1905 1578 1971 talium
1602 1903 1705 1971 fuerit
1724 1924 1869 1974 excom·

434 1998 672 2070 municatione
702 2011 865 2084 notatus,
893 1998 1095 2068 satisfacere
1122 2000 1371 2090 contempserit
1400 2001 1488 2069 infra
1519 2020 1674 2084 annunt,
1706 2021 1751 2070 ex
1783 2011 1869 2072 tunc

433 2099 510 2189 ipso
532 2099 615 2186 juro
641 2097 687 2166 sit
711 2097 822 2166 factus
848 2095 1005 2178 infamis,
1035 2106 1069 2165 et
1096 2095 1140 2165 ad
1165 2097 1302 2188 publica
1322 2095 1436 2167 officia
1459 2118 1521 2167 seu
1547 2097 1715 2184 consilia,
1739 2097 1796 2169 vel
1822 2099 1869 2169 ad

431 2195 569 2286 aliquos
589 2193 772 2285 eligendos
792 2193 917 2284 hujus,
938 2213 1002 2262 nec
1021 2193 1065 2262 ad
1086 2195 1324 2265 testimonium
1345 2195 1562 2264 admittatur.

482 2293 533 2362 Sit
559 2293 663 2362 etiam
690 2291 917 2377 intestabilis,
943 2304 982 2360 ut
1009 2311 1073 2360 nec
1100 2293 1298 2363 testamenti
1327 2292 1472 2362 liberam
1502 2291 1629 2362 haheat
1654 2294 1868 2381 factionem,

433 2412 499 2460 nec
519 2390 563 2459 ad
586 2389 790 2461 hereditatis
810 2389 1068 2460 successionem
1089 2391 1244 2460 accedat.
1267 2389 1390 2459 Nullus
1410 2391 1442 2459 ei
1470 2401 1628 2484 preterea
1648 2413 1755 2486 super
1775 2415 1868 2486 quo·

432 2509 585 2578 cumque
605 2490 772 2577 negocio,
794 2499 850 2557 set
869 2487 943 2580 ipse
961 2485 1039 2557 aliis
1062 2488 1276 2581 respondere
1295 2499 1454 2579 cogatur.
1477 2487 1577 2570 Quod
1599 2489 1628 2558 si
1640 2492 1755 2580 judex
1776 2490 1870 2576 exti-

433 2586 533 2668 terit,
564 2585 640 2674 ejus
667 2585 840 2655 sententia
864 2585 993 2654 nullam
1021 2585 1178 2656 obtineat
1203 2583 1426 2669 firmitatem,
1460 2608 1525 2655 nec
1554 2607 1660 2657 cause
1683 2587 1803 2681 alique
1819 2588 1868 2659 ad

431 2685 507 2773 ejus
533 2684 748 2753 audientiam
776 2684 1015 2774 perferantur3
1054 2683 1083 2752 si
1123 2684 1227 2754 fuerit
1262 2685 1477 2768 advocatus,
1516 2684 1592 2773 ejus
1627 2687 1863 2777 patrocinium

431 2782 632 2851 nullatenus
665 2781 901 2868 admittatur;
935 2782 964 2850 si
993 2779 1155 2866 tabellio,
1185 2782 1415 2851 instrumenta
1447 2779 1493 2874 (l)
1520 2782 1678 2852 conlecta
1706 2806 1768 2877 per
1788 2805 1865 2855 ma·

433 2901 515 2948 num
537 2880 635 2969 ejus,
658 2879 789 2948 nullius
806 2879 946 2971 penitus
965 2878 1036 2947 sint
1057 2879 1237 2949 momenti.

479 2977 661 3046 Adicimus
685 2979 849 3067 insuper,
874 2975 968 3068 quod
993 2975 1166 3046 hereticus
1190 2999 1250 3067 per
1274 2975 1466 3047 hereticum
1488 2979 1651 3049 convinci
1671 2979 1804 3071 possit,
1827 2990 1865 3052 et

429 3076 524 3166 quod
549 3073 675 3145 domus
699 3071 994 3159 Patharenorum,
1018 3083 1294 3167 receptatorum,
1321 3087 1355 3144 et
1376 3068 1417 3169 [p
1440 3074 1507 3142 167
1524 3072 1558 3173 a]
1578 3077 1807 3147 defensorum
1826 3089 1864 3149 et

429 3173 628 3257 fautorum,
653 3173 730 3240 sive
758 3169 816 3240 uhi
836 3172 1144 3258 docuerint,.sive
1170 3172 1228 3240 uhi
1251 3172 1329 3242 aliis
1350 3192 1474 3242 manus
1495 3173 1748 3265 imposuerint,
1777 3175 1866 3246 des·

429 3280 591 3339 truantur
606 3268 702 3339 nullo
719 3278 875 3362 tempore
895 3268 1125 3340 restituendo:
1141 3269 1235 3340 [latis
1253 3269 1384 3355 Padus,
1397 3270 1505 3340 XXll·
1520 3271 1701 3355 febroarii,
1720 3272 1798 3342 ΧΠ·
1813 3274 1866 3344 in·

430 3366 595 3437 dictione.

476 3465 550 3534 Rex
571 3484 692 3555 regum
712 3474 949 3557 apostatantes
967 3485 987 3534 a
1007 3462 1077 3535 lide
1096 3464 1269 3536 catholica
1290 3465 1429 3558 penitus
1455 3486 1682 3552 execramus,
1704 3468 1865 3561 insequi·

426 3583 505 3632 mur
533 3561 745 3658 ultionibus,
767 3563 870 3633 bonis
895 3562 968 3632 suis
991 3565 1137 3633 omnino
1156 3563 1372 3655 spoliamus3
1395 3576 1429 3634 et
1459 3576 1533 3633 uta
1560 3564 1784 3656 professione
1803 3567 1864 3637 vel

424 3660 498 3729 vita
514 3659 762 3751 naufragantes
778 3659 914 3751 legibus
928 3659 1164 3746 cohartamus,
1181 3660 1423 3731 successiones
1440 3660 1607 3747 tollimus,
1625 3663 1670 3731 ab
1688 3665 1740 3732 eis
1755 3685 1866 3734 omne

419 3759 479 3848 jus
496 3757 691 3847 legitimum
704 3758 922 3828 abdicemus.
942 3758 1037 3827 Datis
1050 3757 1198 3839 Parusii,
1212 3759 1255 3826 ll⁰
1269 3758 1430 3829 kalendis
1447 3759 1665 3846 novembris,
1684 3760 1866 3852 pontifics-

424 3866 481 3925 tus
502 3858 613 3925 nostri
633 3875 726 3926 anno
745 3856 878 3948 primo,
900 3854 968 3925 suh
987 3876 1080 3926 auno
1100 3856 1281 3926 Dominice
1301 3856 1550 3926 iucarnationis
1570 3857 1631 3926 M0.
1649 3857 1725 3927 CC0.
1742 3859 1861 3930 va0.

603 4109 661 4171 17.
685 4109 827 4174 Littera
841 4109 1039 4173 Clementis
1054 4126 1146 4190 pape
1162 4109 1263 4174 ΙΙΙΙ11
1286 4129 1292 4173 :
1310 4111 1368 4175 Ao
1383 4112 1602 4192 extirpanda
1619 4113 1675 4194 (5).

473 4349 634 4448 Clemens
659 4338 851 4444 Episcopus
875 4373 1000 4423 servus
1022 4374 1206 4425 servorum
1227 4354 1307 4445 Dei,
1335 4355 1472 4426 dilectis
1492 4355 1594 4444 filiis,
1618 4361 1861 4450 potestatibus

457 4661 494 4728 (1)
511 4662 610 4715 Irritus
629 4659 703 4716 n’est
717 4677 769 4733 pas
783 4661 857 4716 dans
873 4661 965 4717 Pertz.

461 4757 496 4827 t‘tl
513 4761 618 4829 Ipsam,
635 4758 707 4814 dans
722 4758 818 4819 Pertz.

456 4855 492 4927 (3)
507 4856 538 4912 Sl
552 4859 631 4926 quis,
648 4856 720 4913 daus
735 4856 831 4914 Pertz.

457 4953 494 5020 11)
508 4956 575 5022 Ejus
591 4959 790 5013 instrumenta.
815 4958 884 5011 lbid.

456 5051 493 5118 (5)
509 5049 549 5105 Ce
564 5052 629 5107 titre
646 5051 720 5108 n’est
734 5069 786 5123 pos
801 5053 874 5110 daus
888 5054 914 5110 le
932 5057 1100 5112 manuscrit.

1039 5712 1349 5992 ‘X
