4574 6404
936 702 1055 753 renrrn
1082 704 1178 754 naue.
1339 712 1342 717 ·
1525 714 1528 719 ·
1706 687 1772 754 157

340 863 430 931 iatur
451 872 486 931 et
505 860 549 929 ab
569 860 734 931 omnibns
758 861 961 953 presbiteris
985 873 1019 932 ct
1036 861 1279 956 dyachonibus
1300 862 1441 952 cligitur
1468 863 1502 931 in
1525 863 1713 951 majorem3
1740 874 1775 933 et

340 960 431 1029 sacta
451 957 622 1030 eiectione
642 959 808 1029 concordi
829 970 865 1029 et
881 959 1041 1030 oratione
1060 960 1237 1030 communi
1254 970 1289 1030 et
1309 969 1533 1052 peccatorum
1553 960 1775 1032 confessione

340 1057 476 1151 privata
497 1076 536 1124 ac
561 1056 691 1127 deinde
714 1056 852 1149 publica
879 1079 947 1128 uon
969 1058 1111 1149 quidem
1134 1058 1167 1126 in
1193 1058 1311 1150 specie
1337 1066 1391 1126 set
1410 1057 1445 1125 in
1465 1078 1595 1147 genere
1615 1069 1774 1150 peccato·

341 1176 435 1234 rum,
458 1154 599 1224 demum
617 1154 648 1224 si
667 1154 794 1246 aliquis
810 1156 924 1243 major
946 1160 1037 1225 inter
1057 1177 1117 1226 eos
1138 1156 1242 1224 suerit
1258 1155 1303 1223 ibi
1325 1175 1488 1247 presens,
1505 1153 1661 1247 alioquin
1680 1178 1776 1248 pres·

339 1252 430 1322 biter
443 1252 571 1342 aliquis
585 1273 631 1321 ex
647 1252 795 1334 eisdem,
811 1254 945 1324 orando
959 1265 994 1322 et
1007 1253 1157 1323 dicendo
1170 1308 1177 1321 .
1192 1251 1311 1322 Pater
1320 1257 1453 1339 noster,
1475 1253 1623 1344 imponit
1634 1273 1773 1323 manum

340 1371 446 1442 snper
470 1362 575 1442 caput
596 1350 719 1435 eiecti,
748 1362 786 1419 ut
804 1350 952 1442 accipiat
976 1351 1141 1443 Spiritum
1161 1351 1349 1436 Sanctum,
1382 1360 1417 1418 et
1442 1361 1519 1441 post
1544 1371 1624 1418 eum
1652 1372 1775 1421 omnes

339 1448 396 1516 aiii
422 1461 490 1515 tam
520 1448 702 1540 presbiteri
729 1468 837 1539 quam
863 1448 1037 1540 dyachoni
1068 1450 1252 1540 imponunt
1277 1469 1384 1540 super
1411 1457 1516 1540 caput
1546 1449 1622 1536 ejus
1649 1469 1775 1519 manus

340 1565 422 1614 suas
444 1565 507 1637 per
525 1545 684 1616 ordinem
709 1544 932 1635 singihatim,
955 1556 990 1615 et
1008 1546 1058 1615 sic
1077 1547 1154 1616 sine
1170 1546 1289 1637 aliqua
1307 1545 1375 1614 aha
1395 1545 1504 1615 forma
1525 1545 1714 1639 verborum
1736 1560 1771 1618 et

341 1642 474 1733 absque
495 1643 682 1713 traditione
697 1645 950 1735 cujuscumque
971 1645 1034 1728 rei,
1057 1655 1093 1713 et
1110 1644 1186 1713 sine
1208 1643 1372 1713 unctione
1389 1663 1625 1734 quecumque,
1648 1655 1683 1713 et
1697 1646 1775 1716 siue

342 1740 504 1830 insigniis
527 1739 803 1833 pontificalibus,
826 1763 887 1833 per
913 1740 1022 1811 seiam
1046 1745 1241 1812 orationem
1263 1752 1297 1810 et
1317 1747 1483 1810 manuum
1515 1741 1773 1832 impositionem

339 1837 433 1930 apud
451 1858 511 1908 eos
532 1839 718 1931 episcopus
739 1840 936 1909 ordinatur.

386 1934 443 2006 Ad
465 1937 565 2024 cujus
587 1948 793 2028 potestatem
814 1936 989 2026 pertinere
1009 1935 1131 2006 dicunt
1157 1948 1373 2007 sacramenta
1396 1938 1588 2028 penitentie
1615 1950 1650 2008 et
1677 1939 1774 2008 ordi-

341 2033 393 2101 nis
420 2044 455 2103 et
484 2032 695 2103 eucharistie
716 2034 936 2113 ministrare,
960 2056 1096 2105 necnon
1121 2033 1350 2125 Evangeiium
1380 2035 1592 2126 ubicumque
1621 2036 1776 2106 voluerit

342 2129 536 2223 predicare,
556 2142 591 2199 et
607 2143 813 2223 potestatem
831 2132 1033 2222 predicandi
1052 2132 1279 2224 Evangeiium
1297 2145 1331 2202 et
1348 2133 1588 2205 contessiones
1603 2134 1773 2204 audiendi

341 2227 544 2319 presbiteris
564 2229 662 2300 dare.
685 2230 785 2322 hem,
808 2229 921 2298 dictus
948 2231 1059 2319 major
1079 2241 1193 2322 potest
1221 2229 1406 2300 absolvere
1426 2251 1685 2321 quemcumque
1706 2232 1774 2301 sibi

341 2323 562 2395 confitentem
584 2328 628 2396 ab
648 2327 812 2397 omnibus
834 2331 983 2418 peccatis
1004 2328 1071 2398 sibi
1091 2329 1279 2410 confessis,
1306 2327 1576 2419 qualiacumque
1596 2329 1667 2397 sint
1692 2350 1773 2422 pec-

341 2434 429 2492 cata.
453 2423 550 2506 item,
574 2435 688 2516 potest
710 2427 886 2494 remittere
908 2437 1013 2496 totam
1035 2448 1159 2517 penam
1181 2426 1336 2495 debitam
1358 2427 1523 2516 peccatis,
1546 2425 1602 2495 vel
1623 2440 1772 2518 partem,

341 2519 421 2590 licet
439 2524 673 2591 communiter
692 2522 758 2592 hoc
779 2544 848 2592 non
876 2520 947 2591 fiat.
974 2522 1124 2605 Quando
1144 2535 1261 2592 autem
1281 2523 1472 2593 absoivita
1495 2525 1666 2616 peccatis,
1690 2524 1775 2595 dicit

342 2617 412 2687 ita:
433 2618 525 2688 Deus
549 2630 582 2689 te
599 2621 761 2690 absolvat
777 2620 822 2689 ab
841 2621 1006 2690 omnibns
1027 2623 1177 2713 peccatis
1197 2624 1284 2698 tuis,
1306 2633 1341 2690 et
1360 2641 1426 2712 ego
1444 2621 1589 2712 injungo
1607 2616 1648 2716 [i0
1670 2623 1716 2690 75
1735 2620 1772 2719 d]

342 2714 402 2784 tibi
423 2716 668 2787 contritionem
689 2719 733 2786 de
762 2719 912 2810 peccatis
936 2718 1004 2787 tuis
1026 2721 1201 2811 usquead
1231 2730 1397 2803 mortem,
1420 2730 1456 2789 et
1481 2719 1583 2788 tatem
1614 2722 1774 2811 peniten-

344 2813 422 2882 tiam
447 2814 663 2901 faciendam,
688 2826 769 2908 puta
790 2817 988 2902 orationes,
1011 2817 1067 2887 vel
1085 2818 1238 2907 jejunia,
1265 2817 1321 2885 vei
1345 2828 1544 2908 utrumque.

391 2909 490 2981 Ordo
504 2911 759 3003 presbiteratus
775 2911 842 3006 (t).
860 2955 907 2965 -
923 2913 1097 2985 Presbiter
1112 2926 1228 2984 autem
1245 2914 1338 3007 apud
1359 2935 1419 2984 eos
1440 2916 1556 2984 taliter
1575 2915 1771 2986 ordinatur.

338 3006 524 3101 Postquam
565 3015 657 3081 enim
695 3012 827 3082 electus
856 3012 961 3083 suerit
992 3015 1028 3081 in
1065 3013 1317 3104 presbiterum,
1354 3016 1523 3104 premissa
1554 3015 1714 3084 oratione
1741 3028 1776 3084 et

342 3113 561 3196 peccatorum
597 3110 844 3195 consessione,
880 3109 990 3199 major
1017 3110 1171 3203 ipsorum
1202 3110 1350 3202 imponit
1377 3131 1500 3180 manus
1529 3130 1636 3201 super
1667 3124 1774 3204 caput

341 3203 524 3294 presbiteri
546 3206 755 3295 ordinandi,
778 3219 813 3276 et
839 3218 917 3298 post
941 3229 1021 3276 eum
1046 3208 1104 3277 alii
1134 3207 1318 3300 presbiteri
1340 3206 1387 3275 ibi
1409 3217 1607 3301 presentes,
1631 3218 1669 3276 ut
1688 3210 1775 3280 acci·

340 3300 411 3391 piat
429 3300 595 3394 Spiritum
615 3305 792 3375 Sanctum.
816 3304 852 3372 in
873 3305 1096 3397 impositione
1116 3327 1201 3376 vero
1225 3325 1391 3374 manuum
1411 3326 1431 3374 a
1452 3305 1575 3395 maj0ri
1595 3307 1774 3377 confertur

341 3398 440 3470 ordo.

386 3496 442 3566 Ad
464 3511 668 3591 potestatem
688 3511 805 3571 autem
827 3501 1010 3593 presbiteri
1036 3501 1151 3572 taliter
1177 3501 1329 3572 ordinati
1357 3501 1508 3593 pertinet
1531 3502 1772 3574 confessiones

343 3607 562 3684 peccatorum
586 3599 724 3679 audire,
749 3622 816 3669 nou
840 3610 955 3669 tamen
978 3610 1092 3691 potest
1115 3620 1224 3692 penas
1245 3611 1468 3691 peccatorum
1493 3603 1688 3682 remittere,
1710 3623 1774 3672 nec

342 3702 455 3782 potest
479 3695 676 3783 celebrare;
699 3708 812 3789 potest
833 3710 948 3766 tamen
978 3697 1142 3767 ordinare
1169 3699 1336 3787 maj0rem
1364 3717 1426 3766 seu
1449 3697 1651 3788 majoratam
1679 3698 1773 3789 ipso·

343 3811 416 3860 rum
438 3793 472 3861 in
492 3814 535 3863 eo
555 3815 637 3863 casu
658 3796 782 3885 inquo
803 3816 925 3865 omnes
945 3793 1003 3863 alii
1025 3805 1144 3865 essent
1164 3794 1318 3882 mortui,
1340 3793 1422 3885 quia
1447 3794 1571 3865 dicunt
1592 3795 1687 3887 quod
1711 3817 1773 3887 per

343 3885 407 3958 boc
432 3890 513 3980 quia
538 3890 714 3984 dyachoni
746 3903 781 3961 et
812 3892 996 3984 presbiteri
1026 3902 1109 3961 suut
1140 3892 1174 3961 in
1212 3902 1305 3961 statu
1338 3912 1458 3961 eorum
1489 3892 1621 3984 inquo
1654 3894 1771 3963 omnia

343 3997 483 4074 propter
501 3987 675 4058 Christum
698 3989 928 4081 reliquerunt,
950 4000 1033 4059 sunt
1053 3989 1188 4060 ordinis
1208 4001 1243 4059 et
1261 3988 1393 4080 gradus
1413 3990 1670 4081 apostolorum.

391 4080 489 4156 Ordo
500 4085 744 4177 dynehonntns
761 4085 825 4181 (2).
839 4125 886 4139 ·-
897 4087 1108 4180 Dyachonus
1123 4108 1210 4158 vero
1225 4087 1340 4157 taliter
1355 4088 1551 4158 ordinatur.
1567 4087 1669 4158 Facta
1685 4088 1774 4158 eiec-

345 4179 436 4252 tione
446 4192 481 4253 et
491 4187 648 4254 oratione
663 4196 828 4278 utsupra,
838 4185 1584 4278 etconfessionepeccatorum,soiusmajor,
1596 4184 1748 4257 dicendo
1762 4211 1769 4254 :

343 4275 457 4349 Peter
473 4287 601 4362 noster,
624 4283 772 4375 imponit
789 4303 912 4351 manus
927 4304 1033 4375 super
1052 4294 1157 4376 caput
1176 4282 1353 4377 dyachoni
1372 4282 1563 4353 ordinandi
1575 4283 1774 4377 utaccipiat

343 4373 505 4468 Spiritum
526 4379 714 4468 Sanctum,
744 4391 779 4451 et
806 4380 910 4450 nichil
935 4381 1030 4449 aliud
1059 4379 1097 4449 fit
1124 4380 1216 4450 circa
1245 4402 1347 4468 eum3
1380 4392 1415 4450 et
1445 4379 1561 4450 taliter
1588 4381 1773 4451 ordinatus

344 4470 545 4567 dyacbonus
573 4476 723 4548 eificitur
743 4478 787 4549 de
813 4500 934 4549 eorum
963 4488 1056 4548 statu
1086 4500 1164 4548 cum
1195 4489 1277 4548 voto
1304 4476 1400 4568 quod
1425 4477 1507 4548 facit
1534 4478 1770 4571 paupertatis,

343 4575 509 4644 castitatis
529 4589 563 4646 et
582 4576 803 4666 obedientie,
828 4597 892 4646 nec
914 4586 995 4646 ante
1013 4579 1250 4669 receptionem
1270 4574 1354 4644 dicti
1376 4569 1416 4672 [h
1434 4573 1480 4642 76
1500 4571 1534 4671 a]
1556 4576 1693 4647 ordinis
1709 4574 1773 4644 ali·

343 4669 419 4757 quis
447 4684 500 4740 est
528 4675 701 4763 periectos
726 4674 760 4743 in
787 4696 907 4744 eorum
935 4685 1047 4758 statu,
1076 4684 1130 4743 set
1156 4672 1214 4742 aiii
1242 4673 1302 4764 qui
1329 4692 1398 4743 non
1424 4684 1507 4743 sunt
1531 4673 1682 4744 ordinati
1708 4693 1773 4744 vo·

374 5007 411 5074 (l)
429 5006 471 5061 En
487 5022 595 5078 mar-gc.

374 5103 410 5170 (¹2)
428 5102 470 5158 En
487 5121 592 5174 nrnrge.
