4574 6404
947 687 1067 738 ranrm
1095 686 1191 738 rans.
1718 668 1785 737 tta

349 842 490 912 cederet
510 862 641 932 eosque
656 842 860 932 abjuraret,
876 844 970 936 quod
985 844 1123 937 penitus
1145 844 1258 914 lacere
1278 844 1475 920 recusavit,
1467 843 1653 932 quamvis
1668 841 1783 913 eidem

350 950 527 1010 ostensum
551 938 658 1009 luerit
679 952 714 1011 et
734 940 952 1011 declaratum
974 964 1036 1034 per
1056 963 1119 1012 nos
1137 940 1231 1033 quod
1252 962 1350 1010 error
1371 949 1445 1008 erat
1465 949 1499 1009 ct
1519 938 1654 1009 heresis
1673 940 1785 1010 deue-

350 1056 431 1128 gare
450 1048 486 1107 et
505 1037 718 1107 subtrahere
737 1038 965 1135 pertinaciter
985 1050 1210 1132 potestatem
1213 1059 1351 1108 summo
1371 1034 1540 1129 pontifici,
1563 1036 1694 1108 vicario
1714 1038 1784 1107 Do·

352 1134 434 1203 mini
463 1134 569 1205 Jhesu
595 1133 744 1220 Christi,
782 1115 925 1207 tollendi
957 1137 1117 1207 Fratrum
1137 1136 1309 1207 Minorum
1336 1147 1371 1204 et
1399 1155 1657 1226 quemcumque
1676 1135 1783 1205 alium

350 1232 509 1302 ordinem
522 1233 567 1302 dc
580 1233 697 1304 medio
714 1233 901 1318 ordinum,
921 1246 957 1305 et
976 1234 1179 1305 declarandi
1196 1256 1237 1303 ac
1251 1233 1504 1325 interpretandi
1522 1233 1676 1322 regulam
1688 1232 1784 1302 Beati

350 1328 542 1413 Francisci,
564 1345 599 1399 et
618 1352 878 1424 quamcumque
907 1332 1035 1416 aliam,
1058 1354 1103 1403 ex
1125 1330 1347 1425 plenitudine
1369 1329 1560 1422 apostolice
1581 1331 1781 1421 potestatts;
1871 1343 1874 1350 '

349 1425 444 1512 item,
465 1439 632 1498 tenereet
651 1428 779 1500 docere
800 1430 1023 1522 pertinaciter
1039 1431 1134 1522 quod
1157 1429 1281 1521 regula
1296 1426 1393 1498 Beati
1412 1427 1599 1512 Francisci,
1619 1439 1679 1496 aut
1698 1449 1784 1519 que·

348 1544 497 1616 cumque
514 1526 594 1608 alia,
612 1525 658 1596 sit
672 1526 808 1619 equalis
824 1539 884 1597 aut
898 1528 990 1619 paris
1005 1528 1195 1618 dignitatis
1214 1547 1295 1596 curn
1310 1524 1503 1615 Evangelio
1523 1523 1659 1594 Domini
1676 1524 1782 1595 Jhesu

351 1581 763 1694 Christiabsuidumest
771 1625 951 1718 ‚impium
981 1636 1086 1717 atque
1115 1646 1322 1707 erroneum,
1345 1622 1509 1718 quoniam
1527 1623 1644 1734 ipsum
1669 1621 1782 1692 Evan-

350 1720 480 1810 getium
505 1734 624 1791 sancta
647 1722 857 1792 universalis
884 1743 925 1793 nc
943 1723 1097 1794 Romana
1116 1722 1268 1792 Ecclesia
1298 1725 1438 1813 propter
1467 1719 1780 1789 eminentissimam

350 1819 402 1887 sui
428 1820 670 1889 auctoritatem
701 1841 766 1890 uec
804 1830 914 1890 mutat
942 1842 1005 1891 uec
1035 1821 1178 1912 corrigit
1203 1841 1267 1889 uec
1286 1817 1484 1903 confirmat,
1505 1830 1559 1887 set
1576 1830 1778 1898 veneratur,

351 1915 495 2008 suscipit
519 1927 554 1985 et
579 1918 794 1989 suavissimo
826 1918 920 1987 illius
942 1919 1029 2010 jugo
1060 1929 1218 2011 prompte
1244 1915 1452 1987 obediencie
1477 1915 1564 1986 colla
1592 1915 1777 1985 submittit.

350 2011 480 2104 Regule
500 2034 585 2083 vero
605 2015 762 2106 predicte
780 2018 896 2086 omnis
921 2028 1023 2086 tenor
1048 2026 1083 2085 et
1102 2015 1203 2106 vigor
1222 2015 1272 2084 sic
1291 2034 1310 2083 a
1329 2033 1472 2083 romane
1493 2013 1588 2083 sedis
1609 2023 1780 2105 potestate

350 2121 466 2180 manat
488 2105 528 2206 [N
548 2111 594 2179 79
614 2109 664 2210 a]‚
688 2127 726 2183 ut
747 2114 841 2183 nulla
862 2114 908 2183 sit
927 2115 1006 2204 ejus
1025 2115 1292 2204 auctoritasque
1309 2111 1353 2181 ab
1376 2110 1594 2202 indulgentia
1614 2132 1676 2179 seu
1695 2131 1779 2180 con·

350 2205 546 2279 firmatione
565 2213 661 2280 sedis
678 2211 869 2303 apostolice
889 2232 959 2282 non
986 2212 1160 2281 decurrat.
1188 2212 1262 2280 Non
1288 2220 1342 2280 est
1364 2208 1472 2299 igitur
1488 2208 1583 2278 Beati
1603 2207 1779 2278 Francisci

351 2305 469 2397 regula
491 2305 582 2375 idem
611 2309 706 2398 quod
733 2320 891 2379 sanctum
919 2308 1168 2400 Evangelium,
1198 2319 1252 2378 set
1282 2319 1334 2377 est
1354 2306 1506 2398 quedam
1524 2304 1686 2398 specialis
1707 2309 1779 2375 vite

350 2403 534 2474 laudabilis
562 2417 593 2474 et
621 2408 763 2497 egregia
790 2407 900 2478 lorma
920 2429 939 2475 a
961 2407 1115 2478 romanis
1140 2403 1364 2498 pontificibus
1383 2405 1576 2497 approbata
1598 2414 1632 2472 et
1652 2402 1779 2473 contir-

351 2512 454 2587 mata,
477 2503 633 2594 ipsorum
656 2504 899 2591 declarationi,
922 2505 1108 2574 mutationi
1128 2517 1163 2573 et
1181 2502 1383 2575 omnimode
1404 2501 1624 2595 dispositioni
1645 2501 1779 2593 simpli·

350 2599 433 2668 citer
451 2610 486 2669 et
505 2600 665 2671 absolute
684 2603 866 2692 subjecta,
889 2625 959 2696 que
980 2613 1138 2672 sanctum
1159 2600 1387 2692 Evangelium
1409 2599 1589 2670 observari
1611 2598 1777 2691 precipit,

350 2697 439 2767 sicut
454 2696 486 2765 in
509 2697 581 2791 ipsa
597 2700 716 2790 regula
731 2701 913 2770 invenitur
928 2721 1150 2793 expressum.
1164 2699 1356 2769 Erroneam
1378 2710 1430 2768 est
1451 2698 1568 2789 itaque
1587 2696 1776 2787 predictam

350 2795 503 2885 regulam
524 2808 583 2864 aut
603 2818 861 2889 quamcumque
888 2797 991 2867 aliam
1020 2798 1146 2867 Christi
1170 2795 1362 2886 Evangelio
1389 2815 1563 2887 coequare
1588 2804 1623 2862 et
1648 2796 1779 2864 sentire

349 2893 440 2982 quod
462 2892 575 2963 tacere
594 2907 716 2965 contra
737 2896 927 2988 predictam
950 2897 1107 2986 regulam
1129 2893 1362 2975 declarando,
1385 2893 1575 2977 mutand0‚
1595 2904 1655 2959 aut
1674 2891 1776 2973 alias,

349 2988 392 3058 sit
411 2989 525 3060 lacere
541 3003 661 3061 contra
681 2992 785 3064 fidem
803 2993 1076 3084 etEvangelium
1088 2991 1225 3062 Domini
1243 2991 1348 3061 Jhesu
1366 2991 1505 3061 Christi.
1528 2989 1626 3074 item,
1650 2990 1779 3080 periec-

351 3086 476 3157 tionem
493 3090 698 3178 evangelice
719 3091 814 3176 vite,
833 3112 903 3182 que
927 3094 962 3160 in
982 3090 1154 3183 preceptis
1175 3089 1364 3159 Dominicis
1383 3086 1617 3181 adimplendis
1640 3097 1675 3156 et
1694 3107 1777 3157 con-

348 3183 432 3254 siliis
453 3187 668 3277 evangelicis
687 3188 920 3259 observandis
946 3188 1141 3260 consistere
1169 3186 1380 3268 dinoscitur,
1403 3206 1561 3256 asserere
1586 3184 1778 3256 consistere

349 3281 380 3351 in
407 3281 662 3376 cujuscumque
691 3286 832 3356 habitus
861 3285 1052 3379 corporalis
1079 3283 1276 3353 humilitate
1306 3305 1367 3353 seu
1401 3284 1537 3352 vilitate
1565 3294 1618 3351 est
1642 3283 1777 3354 vanilo-

348 3400 452 3471 quum
472 3392 508 3449 et
523 3402 708 3452 erroneum
722 3384 919 3454 manifeste.
937 3384 1038 3468 ltam,
1057 3383 1307 3473 dogmatizare,
1326 3382 1470 3451 credere
1486 3393 1521 3450 et
1542 3392 1662 3449 tenere
1681 3382 1776 3471 quod

348 3497 433 3570 papa
456 3498 634 3567 romanus,
658 3482 811 3552 vicarius
830 3480 968 3551 Domini
988 3481 1094 3551 Jhesu
1114 3478 1253 3564 Christi,
1268 3500 1336 3549 non
1360 3476 1662 3572 possitprecipere
1680 3478 1775 3568 quod

347 3571 451 3666 hujus
468 3574 607 3646 habitus
629 3600 697 3650 uon
717 3590 901 3672 portentur
916 3590 951 3649 et
968 3579 1034 3649 sibi
1054 3576 1257 3670 precipieuti
1277 3588 1441 3670 tanquam
1460 3576 1526 3644 hnc
1540 3586 1634 3644 esset
1655 3587 1775 3645 contra

347 3668 450 3743 fidem
470 3685 506 3742 et
528 3673 757 3767 Evangelinm
780 3671 979 3747 nullatenus
999 3676 1044 3746 sit
1068 3673 1321 3755 obediendum,
1345 3688 1399 3745 est
1418 3673 1563 3744 rebellio
1588 3683 1622 3741 et
1642 3672 1776 3744 heresis
1874 3712 1877 3719 ·

346 3770 518 3841 extollens
537 3793 576 3842 se
594 3786 714 3844 contra
735 3786 856 3845 sancte
875 3774 1030 3845 Ecclesie
1050 3773 1300 3882 principatum.
1318 3773 1503 3842 Dominum
1529 3790 1614 3839 vero
1633 3769 1773 3840 ihesum

345 3865 518 3939 Christum
536 3872 775 3961 pendentem
767 3895 800 3941 tn
820 3894 924 3942 cruce
940 3894 1003 3964 pro
1020 3870 1163 3940 humani
1183 3871 1321 3960 generis
1337 3870 1478 3940 salute
1470 3891 1504 3937 tu
1526 3864 1631 3964 [1⁰79
1652 3863 1687 3963 h]
1709 3889 1775 3940 suo

346 3984 445 4036 sacro
464 3966 573 4037 latere
599 3970 800 4040 lanceatum
824 3991 893 4040 uon
908 3971 981 4060 jam
1005 3984 1086 4038 tuuc
1102 3968 1223 4038 vivum
1245 3978 1300 4039 set
1318 3980 1494 4039 mortuum
1513 3986 1609 4036 sacra
1630 3975 1776 4036 testatur

346 4061 437 4133 beati
461 4063 630 4136 Iohannis
649 4067 830 4159 Evangelii
851 4068 1059 4154 auctoritas3
1081 4079 1116 4136 et
1133 4065 1228 4135 hoc
1220 4088 1332 4160 ipsum
1350 4068 1401 4137 sic
1418 4086 1495 4136 esse
1516 4062 1721 4146 tenendum,
1741 4079 1777 4136 et

345 4161 581 4241 credendum,
609 4177 644 4235 et
664 4186 732 4236 nou
756 4165 880 4252 aliter,
910 4164 1120 4236 Viennensis
1145 4164 1281 4235 consilii
1307 4165 1495 4235 auctoritas
1521 4159 1707 4247 diffinivit,
1739 4177 1775 4233 ut

345 4260 476 4331 nullius
496 4260 663 4356 deinceps
683 4264 860 4333 temeritas
875 4264 1088 4333 contrarium
1112 4274 1289 4354 presumat
1303 4264 1447 4332 credere
1463 4272 1524 4330 aut
1539 4260 1684 4335 sentire.
1704 4260 1774 4332 Nos

346 4364 451 4453 igitur
472 4360 598 4452 prelati
617 4361 693 4430 talis
712 4361 754 4432 N
778 4374 813 4431 et
834 4361 911 4432 talis
930 4361 971 4430 N
964 4416 995 4445 .,
1018 4363 1100 4453 quia
1123 4371 1200 4452 post
1218 4361 1378 4430 salubres
1397 4358 1635 4429 exortationes
1653 4358 1774 4430 induc-

347 4462 529 4549 tionesque
549 4459 684 4529 ratione
700 4459 822 4551 plenas
844 4479 1103 4570 processusque
1116 4456 1288 4548 juridicos
1305 4459 1458 4551 prelatus
1477 4456 1555 4526 talis
1573 4456 1648 4524 N
1640 4480 1674 4525 in
1696 4478 1774 4548 pro-

346 4556 491 4627 tundum
514 4557 686 4626 malorum
706 4557 952 4627 descendeus
944 4580 979 4625 m
1002 4538 1236 4649 predictorum
1255 4576 1413 4626 errorum
1435 4576 1475 4624 ac
1495 4554 1669 4645 dogmatis
1690 4575 1770 4645 pra-

346 4655 454 4725 vitate
488 4655 644 4747 persistit
676 4655 795 4724 animo
838 4654 1027 4740 indurato,
1067 4652 1282 4744 eosdemque
1325 4673 1461 4723 errores
1506 4652 1698 4744 procaciter
1733 4672 1773 4722 ac

345 4752 571 4846 pertinaciter
599 4751 780 4837 defendit,
812 4752 1018 4843 eisdemque
1048 4750 1212 4821 inherens
1241 4751 1328 4820 mori
1362 4753 1397 4818 in
1427 4749 1513 4842 ipsis
1540 4762 1576 4820 et
1602 4771 1664 4842 pro
1688 4749 1773 4842 ipsis

345 4853 465 4943 pocius
486 4849 584 4940 eligit
604 4871 710 4941 quam
731 4849 891 4921 converti
911 4861 947 4920 et
966 4846 1140 4920 redrrcad
1156 4848 1427 4919 ecclesiasticam
1445 4847 1636 4932 unitatem,
1651 4847 1773 4919 habito

344 4969 449 5041 super
468 4948 649 5041 premissis
668 4947 820 5041 plurium
835 4947 1007 5018 bonorum
1023 4967 1063 5016 ac
1079 4946 1271 5039 peritorum
1294 4947 1448 5016 virorum
1470 4946 1504 5014 in
1527 4959 1675 5037 utroque
1691 4946 1772 5036 jure

346 5057 481 5116 maturo
501 5045 648 5116 consilio
668 5057 704 5115 et
720 5055 890 5130 tractatu,
911 5044 1035 5115 Christi
1065 5047 1207 5115 nomine
1230 5044 1413 5131 invocato,
1436 5043 1606 5114 habentes
1631 5065 1692 5136 pre
1710 5065 1770 5115 oc·
