4574 6404
426 639 491 706 tto
712 650 873 703 rnncrrcn
900 651 1139 716 ineursrrronrs
1167 653 1328 706 nnnnrrcn
1353 653 1563 705 nnnvrrnrrs.

424 829 499 901 tur;
523 835 592 905 que
612 811 728 883 omnia
756 811 861 903 impia
885 822 1028 882 suntet
1052 813 1242 883 christiane
1260 812 1341 883 fidei
1364 814 1516 883 inimica.
1542 813 1627 896 Quis
1647 816 1762 900 enim,
1786 813 1853 884 nisi

422 913 598 983 hereticus
620 921 654 979 et
673 909 814 1001 proprio
835 908 965 999 juditio
991 911 1292 1008 condempnatus,
1315 923 1465 1003 quatuor
1487 910 1687 1001 Evangeliis
1706 910 1751 980 ab
1772 914 1853 980 uni·

422 1010 549 1081 versali
571 1004 611 1105 [p
631 1007 677 1074 80
697 1001 729 1102 c]
755 1005 908 1076 Ecclesia
939 1017 1033 1077 tanta
1063 1010 1291 1080 veneratione
1314 1008 1486 1102 susceptis
1508 1008 1602 1078 aliud
1629 1008 1853 1099 evangelium

421 1109 549 1178 audeat
570 1106 769 1196 agregare‘?
787 1102 945 1175 Profecto
964 1107 1024 1197 qui
1045 1106 1110 1177 hoc
1127 1107 1257 1177 laciunt
1272 1106 1394 1176 duram
1414 1128 1476 1177 seu
1494 1109 1623 1197 justam
1642 1106 1854 1176 sententiam

422 1217 542 1275 eterne
563 1201 825 1294 dampnationis
848 1202 1052 1290 incurrunt;
1079 1204 1182 1274 simili
1207 1204 1334 1275 etenim
1360 1207 1505 1274 cecitate
1533 1204 1687 1297 percussi
1717 1205 1857 1274 fuerant

423 1303 552 1395 quibus
573 1299 757 1393 apostolus
778 1299 1140 1392 increpandodicebat
1157 1328 1164 1369 :
1183 1303 1301 1387 Miror,
1323 1302 1418 1392 quod
1439 1305 1490 1371 sic
1510 1312 1578 1371 tam
1594 1303 1663 1371 cito
1680 1302 1857 1371 transferi·

423 1400 561 1469 miniab
579 1420 636 1482 eo,
658 1397 718 1489 qni
741 1418 805 1467 vos
820 1398 1007 1467 vocavitin
1028 1399 1308 1490 gratiamChristi
1330 1400 1364 1469 in
1383 1400 1479 1469 aliud
1497 1399 1736 1490 evangelium,
1758 1399 1857 1490 quod

423 1520 492 1568 non
515 1509 568 1566 est
591 1496 701 1579 aliud,
729 1495 795 1563 nisi
822 1495 893 1564 sint
912 1496 1019 1587 aliqui
1044 1500 1190 1588 quivos
1214 1498 1424 1569 conturbant
1443 1508 1478 1567 et
1503 1497 1628 1568 volunt
1646 1497 1857 1567 subvertere

422 1594 643 1686 evangelium
666 1593 803 1662 Christi.
826 1592 893 1662 Sed
917 1594 998 1663 licet
1017 1615 1081 1664 nos
1103 1607 1164 1665 aut
1182 1596 1328 1687 angelus
1346 1595 1391 1664 de
1409 1595 1486 1665 celo
1507 1593 1726 1685 evangelizet
1751 1594 1856 1665 vobis

423 1706 643 1787 preterquam
655 1692 938 1782 evangelizamus
958 1692 1074 1780 vobis,
1085 1693 1271 1763 anathema
1286 1692 1409 1786 sitll).
1424 1692 1457 1760 Si
1467 1691 1608 1777 Paulus,
1626 1713 1689 1761 vas
1709 1692 1855 1763 electio-

422 1793 477 1861 nis
499 1795 532 1859 in
551 1811 621 1882 quo
639 1789 794 1859 Christus
815 1789 983 1881 loquitur,
1006 1811 1071 1860 nec
1094 1790 1220 1881 angelo
1243 1793 1288 1862 de
1307 1791 1383 1860 celo
1403 1811 1468 1860 nec
1492 1790 1557 1858 sibi
1582 1789 1679 1859 aliud
1698 1810 1854 1881 evange·

422 1890 506 1957 lium
529 1887 832 1958 introducentibus
851 1887 1066 1957 credendum
1085 1890 1223 1976 asserit,
1243 1885 1394 1985 y[m]mo
1415 1899 1449 1958 ct
1467 1909 1506 1957 se
1523 1900 1557 1957 et
1576 1887 1739 1978 angelum
1757 1887 1856 1957 aliud

423 1985 705 2076 evangelizantes
733 1983 918 2055 anathema
941 1986 1049 2068 dicit,
1071 2007 1140 2077 qua
1167 1990 1364 2057 temeritate
1391 1985 1510 2056 talium
1538 1986 1724 2077 impiorum
1751 1985 1855 2055 turba

423 2085 518 2154 aliud
539 2084 758 2174 evangelium
780 2083 996 2154 introducit?
1017 2084 1119 2167 Quod
1140 2085 1168 2154 si
1189 2085 1426 2177 predictorum
1449 2084 1627 2154 temeritas
1647 2083 1692 2153 ob
1710 2082 1746 2151 id
1769 2104 1852 2175 pre-

423 2182 550 2251 dictam
573 2180 727 2272 regulam
753 2179 880 2250 Christi
899 2180 1129 2271 Evangelium
1151 2204 1229 2253 esse
1248 2180 1416 2274 confingit
1439 2182 1539 2274 quasi
1567 2182 1641 2274 ipsa
1661 2178 1780 2271 regula
1802 2181 1856 2250 sic

423 2292 581 2350 sanctum
602 2279 831 2370 Evangelinm
860 2279 1137 2350 substantialiter
1156 2283 1334 2351 contineat
1360 2293 1398 2349 ut
1416 2279 1599 2350 amborum
1620 2300 1681 2371 par
1699 2278 1744 2348 sit
1768 2298 1854 2347 auc·

426 2378 545 2447 toritas
565 2389 599 2446 et
619 2378 758 2468 utrique
777 2376 902 2446 similis
924 2379 1121 2448 reverentia
1141 2378 1328 2465 debeatur,
1344 2378 1405 2469 qui
1426 2378 1510 2468 legit
1531 2376 1704 2467 intelligat
1723 2386 1856 2467 quanta

423 2475 467 2545 de
502 2475 566 2546 boc
602 2472 809 2571 vir[u'llento
840 2473 1004 2567 dogmate
1039 2496 1175 2545 venena
1211 2487 1446 2546 succrescant.
1486 2473 1611 2544 Christi
1643 2474 1673 2543 si
1709 2472 1855 2565 quidem

423 2573 651 2662 Evangelium
677 2573 899 2643 matrimonio
918 2573 1060 2663 junctos
1079 2573 1113 2642 in
1141 2594 1244 2643 suum
1266 2574 1382 2644 sinum
1411 2573 1564 2663 benigne
1582 2570 1749 2662 suscipit,
1773 2592 1855 2661 pre-

424 2670 515 2740 dicta
537 2692 619 2741 vero
639 2671 758 2763 regula
785 2671 878 2742 solos
906 2691 1020 2741 mares
1044 2682 1079 2741 et
1099 2670 1164 2741 hos
1190 2672 1321 2742 celibes
1345 2668 1599 2765 apprehendit;
1621 2668 1855 2760 Evangelinm

423 2767 548 2838 Christi
566 2768 669 2860 hujus
689 2769 797 2840 seculi
819 2769 948 2839 divites
968 2790 988 2838 a
1008 2790 1073 2839 sua
1095 2768 1335 2840 misericordia
1357 2791 1426 2840 non
1447 2767 1585 2860 repellit
1606 2763 1647 2863 [tt
1662 2767 1707 2835 80
1728 2761 1782 2932 dp,
1801 2778 1858 2837 set

424 2867 474 2936 eis
495 2890 537 2936 ne
555 2867 662 2936 altum
683 2868 820 2960 sapiant
839 2866 898 2937 vel
919 2866 953 2936 in
977 2867 1113 2937 incerto
1136 2867 1339 2936 divitiarum
1358 2867 1432 2959 spei
1454 2888 1517 2936 sue
1537 2864 1725 2935 anchoram
1772 2875 1859 2955 gant

425 2985 486 3055 per
504 2965 700 3056 apostolum
721 2965 921 3052 interdicit;
947 2965 1069 3055 regola
1092 2986 1178 3036 vero
1200 2966 1246 3036 ita
1266 2965 1408 3035 divitias
1426 2964 1559 3055 respuit
1577 2975 1615 3032 ut
1635 2962 1767 3031 nullum
1789 2962 1854 3032 ad-

425 3064 536 3130 mittat
552 3062 617 3132 nisi
634 3064 729 3155 prius
748 3063 993 3155 temporalium
1013 3084 1130 3134 rorum
1148 3064 1286 3156 pondus
1301 3073 1425 3157 sponte
1440 3062 1604 3155 deponat.
1625 3060 1855 3151 Evangelium

423 3160 547 3229 Christi
569 3160 729 3230 hominos
754 3172 889 3232 armate
918 3162 1046 3232 milicie
1067 3181 1136 3231 non
1157 3161 1348 3245 abhorret,
1370 3172 1423 3231 set
1446 3160 1497 3230 eis
1517 3159 1664 3252 precipit
1684 3168 1721 3226 ut
1739 3159 1854 3227 nemi·

425 3280 503 3326 nern
532 3259 759 3345 concuciant,
788 3271 850 3328 aut
874 3259 1108 3352 calumpniam
1140 3259 1290 3344 laciant,
1319 3271 1354 3329 et
1382 3259 1456 3328 suis
1485 3256 1639 3327 contenti
1669 3254 1858 3347 stipendiis

424 3357 537 3424 aliena
566 3378 634 3426 non
654 3367 825 3448 querant,
850 3357 970 3447 regola
994 3378 1080 3427 vero
1105 3357 1156 3427 sic
1175 3357 1352 3441 orationi,
1377 3354 1662 3447 contemplationi
1689 3366 1724 3422 et
1743 3353 1858 3444 quieti

426 3454 560 3545 placide
585 3456 710 3526 mentis
736 3454 918 3545 invigilat,
942 3467 979 3524 ut
1004 3475 1180 3524 armorum
1208 3476 1311 3524 usum
1337 3455 1371 3522 in
1394 3453 1487 3522 nulla
1508 3454 1562 3522 sui
1591 3463 1689 3544 parte
1708 3471 1857 3521 concur-

425 3567 491 3624 rat.
513 3546 741 3644 Evangeliurir
762 3551 887 3622 Christi
910 3553 1120 3623 universalis
1139 3566 1246 3644 atque
1265 3553 1419 3623 Romana
1438 3550 1591 3620 Ecclesia
1612 3559 1752 3642 propter
1770 3549 1857 3618 emi-

429 3652 667 3721 nentissimam
698 3650 941 3721 auctoritatem
969 3672 1034 3721 nec
1061 3661 1170 3720 mutat
1197 3671 1261 3720 nec
1294 3651 1436 3740 corrigit
1466 3669 1531 3718 nec
1560 3646 1781 3731 confirmat,
1803 3657 1859 3716 set

428 3762 637 3820 veneranter
658 3748 803 3839 suscipit
826 3759 861 3818 et
883 3749 1095 3819 suavissimo
1122 3748 1216 3817 illius
1238 3749 1326 3839 jugo
1353 3758 1512 3840 prompte
1538 3746 1739 3817 obedientie
1765 3744 1858 3814 colla

425 3848 621 3935 submittit3
644 3846 764 3937 regule
784 3867 870 3916 vero
887 3847 1042 3938 predicte
1062 3846 1176 3917 omnis
1192 3863 1294 3916 tenor
1308 3857 1342 3916 et
1358 3845 1458 3936 vigor
1474 3845 1525 3914 sic
1548 3865 1567 3913 a
1591 3863 1735 3914 romane
1760 3841 1858 3911 sedis

426 3957 597 4037 potestate
618 3955 735 4014 manat
755 3955 793 4013 ut
819 3944 912 4013 nulla
934 3946 979 4015 sit
1007 3946 1083 4035 ejus
1102 3947 1291 4014 auctoritas
1317 3964 1388 4034 qne
1411 3942 1456 4012 ab
1484 3942 1702 4032 indulgentia
1726 3939 1858 4010 summi

425 4042 599 4133 pontilicis
627 4064 695 4113 non
724 4042 899 4112 decurrat.
921 4042 1029 4133 lgitur
1049 4064 1117 4112 non
1145 4052 1199 4112 est
1223 4041 1320 4111 Beati
1347 4040 1519 4109 Francisci
1549 4039 1669 4131 regula
1694 4048 1857 4108 sanctum

425 4140 676 4231 Evangelium,
698 4151 752 4210 set
769 4151 822 4210 est
841 4140 992 4231 quedam
1018 4139 1210 4232 spiritualis
1230 4139 1303 4208 vite
1321 4138 1508 4207 laudabilis
1531 4150 1565 4207 et
1584 4137 1723 4228 egregia
1744 4137 1858 4206 lorma

426 4260 444 4307 a
472 4239 623 4308 romanis
649 4235 870 4331 pontificibus
896 4238 1087 4329 approbata
1112 4247 1148 4307 et
1172 4235 1396 4322 confirmata,
1420 4235 1576 4328 ipsorum
1604 4234 1855 4320 declarationi,

427 4336 610 4405 mutationi
627 4349 661 4406 et
679 4335 881 4406 omnimode
898 4335 1120 4427 dispositioni
1140 4335 1344 4426 simpliciter
1363 4345 1398 4404 et
1414 4333 1574 4403 absolute
1590 4331 1768 4421 subjecta,
1786 4351 1857 4422 que

425 4445 583 4502 sunctum
610 4433 840 4525 Evangelium
872 4432 1054 4503 observari
1086 4433 1233 4526 precipit
1261 4452 1332 4502 noo
1361 4432 1451 4502 sicut
1480 4430 1566 4500 illud
1593 4441 1711 4500 servat
1738 4439 1857 4498 cetera

427 4531 613 4601 multitudo
633 4528 803 4617 fidelium,
819 4542 873 4601 set
887 4530 978 4600 sicut
992 4532 1027 4600 in
1044 4532 1118 4622 ipsa
1133 4529 1253 4621 regula
1270 4529 1449 4599 invenitur
1463 4524 1503 4624 [l0
1516 4528 1555 4596 8l
1575 4523 1608 4624 a]
1629 4547 1853 4619 expressum.

426 4629 525 4711 Quod
546 4629 575 4698 si
600 4628 729 4699 idcirco
750 4629 881 4720 prelata
904 4628 1024 4719 regula
1043 4628 1241 4698 auctoritati
1267 4626 1400 4697 romani
1423 4625 1595 4719 pontificis
1616 4646 1685 4695 non
1706 4624 1857 4714 subjici-

428 4740 495 4813 tur,
520 4739 557 4794 ut
572 4727 638 4819 ipsi
656 4727 828 4818 garriunt,
849 4727 931 4818 quia
951 4726 1062 4797 felicis
1080 4724 1541 4819 recordationisNycbolaus
1551 4742 1639 4816 papa
1660 4721 1857 4813 tttvipsam

427 4845 488 4914 per
513 4823 677 4893 Sanctum
703 4824 870 4916 Spiritum
898 4824 1001 4895 beato
1028 4822 1212 4894 Francisco
1239 4834 1274 4893 et
1300 4824 1375 4914 ejus
1403 4821 1614 4914 sequacibus
1647 4819 1856 4913 inspiratam

463 5051 498 5114 tl)
516 5049 625 5115 Galat,
645 5049 675 5116 I,
697 5050 755 5107 6·8.
