4574 6404
458 641 531 710 aut
748 654 911 708 amorrui
937 652 1179 720 rnoorsrrrorus
1206 653 1369 706 aaaarroa
1394 652 1606 706 aaavrrxrrs.
1711 723 1714 728 .

459 816 756 909 quandocumque
773 825 808 884 et
827 816 1149 907 quocienscumque
1177 814 1285 885 luerit
1308 815 1498 907 requisitus
1523 836 1587 884 seu
1616 815 1801 886 mandatus
1833 838 1897 911 per

390 998 393 1003 y
459 913 703 1006 inquisitorem
723 912 780 982 vel
800 913 878 1001 ejus
900 933 1140 983 successorem
1164 927 1224 982 aut
1244 934 1306 1006 per
1326 923 1486 984 tenentes
1515 913 1627 983 locum
1654 914 1895 1003 inquisitoris,

458 1033 523 1104 per
544 1007 710 1081 nuncium
732 1009 788 1080 vel
811 1004 852 1105 [1)
873 1008 936 1079 161
964 1005 999 1108 a]
1020 1032 1082 1104 per
1108 1011 1260 1095 litteras,
1282 1023 1318 1081 et
1335 1010 1431 1102 quod
1455 1031 1525 1080 non
1545 1010 1658 1080 exibit
1677 1012 1780 1082 talem
1802 1012 1895 1107 dyo·

459 1110 565 1182 cesim
601 1109 659 1179 vel
686 1107 788 1177 talem
823 1108 1040 1200 provinciam
1069 1109 1127 1178 vel
1153 1108 1350 1179 districtum
1380 1108 1598 1200 inquisitoris
1624 1109 1702 1179 sine
1726 1131 1896 1202 expressa

459 1207 600 1277 licentia
628 1205 864 1298 inquisitoriS,
893 1217 929 1276 et
954 1206 1049 1297 quod
1069 1206 1175 1276 stabit
1196 1207 1266 1296 juri
1294 1226 1410 1278 coram
1440 1206 1728 1297 inquisitoribuS‚
1761 1218 1796 1276 et
1824 1229 1897 1279 nou

458 1305 662 1398 procurabit
681 1304 867 1373 consilium
887 1325 952 1373 nec
971 1304 1167 1387 auxilium,
1197 1304 1334 1375 occulte
1352 1304 1408 1374 vel
1431 1304 1628 1389 manifeste,
1647 1317 1768 1375 contra
1787 1327 1897 1398 nego·

458 1403 551 1473 cium
571 1424 633 1472 seu
652 1400 805 1472 ollicium
826 1402 1084 1492 inquisitionis,
1109 1423 1171 1494 per
1189 1425 1228 1473 se
1248 1423 1312 1473 nec
1333 1424 1394 1495 per
1421 1404 1664 1493 interpositam
1685 1424 1897 1495 personam,

370 1510 373 1515 ’
459 1522 579 1595 ymmo
608 1502 689 1570 totis
708 1498 844 1569 viribus
873 1499 1083 1589 adjuvabit3
1114 1511 1149 1569 et
1165 1500 1261 1591 quod
1289 1500 1518 1570 denunciabit
1543 1501 1811 1591 inquisitoribus
1836 1502 1898 1573 vel

458 1599 562 1669 laciet
581 1599 657 1690 capi
678 1608 713 1667 et
740 1597 840 1667 reddi
868 1600 919 1667 eis
940 1597 1135 1685 hereticos,
1162 1598 1366 1686 credentes,
1397 1599 1569 1683 fautores,
1597 1610 1833 1690 receptatores
1861 1609 1901 1671 et

459 1696 682 1779 defensores,
712 1708 773 1764 aut
793 1696 940 1766 nuncios
960 1696 1137 1788 ipsorum,
1159 1707 1195 1766 et
1214 1718 1277 1788 pro
1296 1696 1414 1767 heresi
1438 1696 1642 1787 lugittivos,
1664 1700 1694 1765 si
1716 1697 1749 1765 in
1776 1698 1899 1788 aliquo

459 1795 537 1865 loco
565 1795 709 1864 sciverit
726 1794 783 1862 vel
810 1793 989 1862 audiverit
1011 1815 1072 1864 eos
1097 1814 1176 1865 esse
1196 1795 1252 1864 vel
1277 1795 1429 1886 aliquem
1457 1795 1502 1864 de
1522 1795 1709 1886 predictis;
1736 1796 1898 1887 promisit

460 1902 495 1962 et
512 1891 682 1982 obligavit
701 1912 740 1961 se
765 1891 880 1962 dictus
899 1890 941 1960 N.
972 1903 1008 1962 at
1027 1889 1254 1982 fidejussores
1278 1892 1423 1986 predicti
1452 1914 1515 1984 pro
1535 1893 1658 1963 eodem
1681 1895 1816 1984 prelato
1836 1894 1894 1963 in·

459 1989 620 2081 quisituri
650 1990 790 2060 nomine
811 1990 921 2082 ipsius
940 2003 975 2060 et
1000 2011 1243 2060 successorum
1263 2012 1407 2060 suorum
1433 1990 1613 2083 stipulanti
1646 1991 1787 2060 solvere
1818 2013 1897 2084 pre-

456 2086 587 2158 dictam
608 2108 781 2156 summam
804 2087 992 2179 peccunia,
1015 2091 1262 2158 renunciantes
1287 2109 1454 2181 expresse
1479 2089 1627 2181 epistole
1652 2088 1725 2157 divi
1744 2089 1895 2160 Adriani

460 2196 496 2255 et
514 2184 691 2255 autentica
710 2196 885 2277 presente,
906 2186 1128 2256 etautentioe
1148 2186 1288 2257 duobus
1305 2187 1389 2270 reis,
1409 2196 1444 2255 et
1457 2185 1524 2277 legi
1540 2212 1547 2255 :
1566 2185 1769 2271 Soncimus,
1783 2200 1896 2278 elge·

461 2282 626 2353 neraliter
641 2284 735 2353 omni
748 2283 818 2372 Juri
837 2283 1007 2354 canonico
1022 2294 1057 2353 et
1073 2285 1169 2353 civili
1180 2283 1309 2375 quibus
1322 2305 1361 2354 se
1376 2296 1520 2376 possent
1537 2286 1624 2355 tueri
1643 2284 1676 2352 in
1695 2283 1760 2354 bac
1776 2294 1896 2377 parte3

459 2381 582 2472 sicque
604 2381 781 2471 complere
801 2393 836 2450 et
859 2381 1041 2451 attendere
1066 2392 1101 2451 et
1128 2403 1307 2473 nunquam
1327 2385 1575 2452 contravenire
1597 2404 1658 2474 per
1677 2403 1716 2451 se
1745 2404 1809 2453 nec
1833 2404 1900 2477 per

458 2478 700 2570 interpositam
722 2499 908 2571 personam
924 2479 1016 2549 bona
1034 2477 1105 2550 lide
1124 2481 1374 2572 promiserunt,
1389 2493 1423 2549 at
1440 2501 1548 2572 super
1566 2492 1687 2551 sancta
1703 2481 1764 2551 Dei
1778 2481 1899 2552 Evan-

459 2577 550 2667 gelia
569 2588 695 2669 sponte
709 2578 932 2666 juraverunt.
954 2576 1074 2647 Testes
1094 2578 1181 2647 tales
1200 2589 1235 2648 et
1251 2578 1337 2648 tales
1357 2589 1392 2646 et
1411 2598 1478 2668 ego
1500 2578 1541 2647 N.
1565 2579 1722 2649 notarius
1740 2581 1899 2672 inquisi-

459 2673 566 2745 tionis
583 2675 644 2765 qui
664 2674 788 2766 scripsi
808 2685 844 2743 et
863 2674 980 2767 recepi
1000 2672 1069 2766 (l).

462 2904 520 2965 16.
544 2903 688 2965 Littera
706 2903 906 2966 clementis
929 2919 1022 2983 pape
1044 2902 1144 2967 111121
1168 2923 1174 2966 :
1194 2906 1286 2968 cum
1309 2905 1488 2969 adversus
1513 2907 1713 2971 hereticam
1731 2908 1900 2987 pravita-

1107 3018 1180 3075 tem
1196 3011 1252 3093 (1).

510 3223 564 3324 [1²⁰
597 3225 665 3295 161
689 3223 724 3325 a]
755 3224 917 3298 Clemens
944 3227 1124 3321 episcopus
1154 3250 1280 3300 servus
1310 3250 1495 3301 servorum
1529 3229 1615 3317 Dei,
1646 3230 1784 3302 dilectis
1812 3230 1897 3304 liliis

459 3325 693 3418 potestatibus
705 3325 783 3395 sive
799 3326 1007 3413 rectoribus,
1029 3327 1259 3411 consulibus,
1280 3328 1495 3421 capitaneis,
1517 3329 1698 3416 ancianis,
1720 3330 1897 3421 consiliis,

458 3435 494 3493 et
504 3422 814 3494 communitatibus
830 3424 1012 3494 civitatum
1026 3423 1246 3517 aliorumque
1263 3425 1419 3497 locorum
1436 3447 1498 3518 per
1511 3427 1662 3496 Ytaliam
1676 3428 1894 3518 constitutis,

458 3521 607 3592 salutem
628 3532 663 3591 et
682 3522 909 3616 apostolicam
932 3522 1229 3594 benedictionem.

504 3617 588 3689 Cum
616 3619 789 3689 adversus
821 3618 1011 3690 hereticam
1046 3621 1254 3712 pravitatem
1287 3619 1343 3716 (3)
1367 3622 1544 3713 quondam
1574 3622 1780 3693 Fredoricus
1806 3625 1895 3696 olim

453 3717 690 3790 Romanorum
727 3718 937 3811 imperator,
970 3728 1053 3789 tuuc
1090 3719 1126 3787 in
1159 3719 1314 3790 Ecclesia
1355 3720 1509 3791 Romane
1545 3720 1735 3791 devotione
1762 3722 1899 3814 persis·

454 3829 560 3903 tens,
591 3816 869 3910 promulgaverit
909 3816 1027 3888 Padue
1055 3816 1226 3909 quasdam
1256 3818 1353 3908 leges
1380 3840 1444 3912 per
1474 3840 1562 3910 quas
1599 3840 1642 3888 ne
1678 3831 1898 3910 pervagetur

455 3909 633 4009 ¹compesci
660 3915 790 4006 poterit
811 3915 919 4008 pestis
946 3915 1025 4002 illa,
1052 3935 1116 3986 nos
1146 3916 1223 3986 illas
1250 3935 1338 4008 quas
1363 3917 1473 3987 felicis
1502 3917 1755 3987 recordationis
1786 3919 1894 3989 lnno-

456 4034 540 4084 cens
569 4012 654 4081 ΙΙΙΙ118
692 4024 727 4083 et
759 4010 962 4083 Alexander
998 4014 1084 4082 llll¹¹⁸
1113 4017 1250 4085 romani
1289 4013 1472 4106 pontifices
1510 4016 1778 4106 predecessores
1811 4038 1895 4087 nos-

456 4111 501 4180 tri
522 4111 699 4181 voluerint
729 4112 772 4180 ad
806 4110 913 4181 robur
946 4110 1027 4181 fidei
1053 4132 1094 4181 ao
1122 4111 1271 4182 salutem
1299 4109 1456 4182 fidelium
1482 4110 1686 4196 observari,
1725 4123 1829 4205 prout
1862 4116 1899 4184 in

456 4208 582 4278 litteris
625 4208 820 4278 Alexandri
870 4229 960 4301 pape
996 4209 1246 4301 conspeximus
1290 4210 1495 4296 contineri,
1544 4212 1704 4282 volentos
1743 4213 1779 4280 in
1812 4234 1895 4283 ves·

456 4306 519 4375 tris
545 4307 797 4399 capitularibus
826 4307 1007 4394 annotari,
1045 4307 1265 4377 universitati
1296 4318 1414 4378 vestre
1444 4329 1506 4399 per
1533 4310 1725 4401 apostolica
1760 4312 1895 4402 scripta

456 4403 665 4474 mandamus
693 4404 859 4496 quatinus
887 4424 948 4474 eas
983 4425 1132 4495 quarum
1162 4416 1318 4475 tenorem
1347 4405 1450 4476 vobis
1488 4405 1656 4477 mittimus
1687 4402 1894 4506 insert[um]

492 4633 529 4700 (1)
546 4631 602 4687 Les
615 4633 700 4687 lolios
719 4633 764 4688 llil
783 4633 814 4695 b,
831 4648 861 4697 c,
880 4632 912 4696 d,
933 4631 982 4688 tut
998 4649 1028 4698 a,
1046 4633 1081 4696 b,
1098 4650 1129 4698 o,
1146 4632 1178 4702 d,
1197 4633 1247 4690 163
1262 4651 1292 4697 a,
1311 4634 1339 4700 b,
1355 4650 1381 4703 c,
1397 4633 1415 4688 d
1430 4636 1481 4704 qui
1495 4637 1612 4690 suivant
1625 4634 1697 4690 dans
1711 4633 1738 4690 le
1753 4651 1808 4690 ms.
1826 4644 1895 4692 sont

455 4747 491 4786 en
511 4732 595 4786 blanc
608 4733 832 4786 contrairement
846 4748 882 4786 eu
899 4747 954 4786 ms.
977 4731 1039 4787 388.

402 4877 411 4893 ,
493 4827 530 4896 (1)
545 4825 585 4881 ce
599 4831 664 4884 titre
680 4831 754 4883 n'est
768 4845 819 4899 pas
834 4828 906 4883 daus
921 4829 947 4883 le
963 4830 1122 4885 manuscrit
1136 4829 1175 4882 oir
1189 4829 1250 4883 tien
1267 4828 1425 4885 n’aunouoe
1439 4831 1483 4886 les
1497 4831 1588 4886 balles
1602 4832 1651 4901 qui
1670 4831 1797 4886 suiveut.

492 4925 530 4994 (3)
546 4924 586 4980 Le
601 4933 678 4981 texte
694 4926 729 4981 de
744 4933 820 4982 cette
836 4927 919 4982 lettre
933 4927 969 4981 de
984 4924 1115 4983 clement
1128 4926 1169 4981 lV
1186 4934 1232 4982 est
1253 4929 1325 4984 dans
1349 4929 1457 4983 Boltor.
1473 4930 1609 4994 Francis„
1634 4928 1693 4994 ΙΙΙ,
1719 4929 1767 4996 13,
1794 4942 1825 4984 n⁰
1847 4929 1896 4985 52.

457 5020 500 5078 ct.
519 5021 679 5094 Wadding‚
695 5027 800 5080 Alanoi.
822 5026 936 5090 Minor„
952 5023 1007 5094 lV,
1022 5026 1086 5082 tta.
