4574 6404
834 682 985 735 saeuuna
1012 682 1109 734 raas.
1644 667 1684 738 et

259 835 460 926 puniemus,
495 848 530 906 et
555 847 675 908 eontra
708 837 947 924 molestantes,
973 849 1075 931 prout
1096 840 1229 929 justum
1263 841 1380 925 luerit,
1411 862 1472 934 per
1502 860 1687 914 censuram

257 931 527 1004 ecclesiasticam
550 935 795 1027 procedemus.
817 935 853 1005 lu
873 938 973 1028 errjus
995 937 1060 1022 rei,
1080 947 1147 1007 etc.
1169 937 1309 1021 Datum,
1332 951 1508 1033 utsupra.

257 1186 315 1250 35.
340 1186 475 1252 Forma
487 1187 610 1252 littere
626 1189 838 1255 declarandi
853 1199 890 1254 et
906 1191 1179 1270 pronunciandi
1195 1192 1290 1273 quod
1304 1192 1440 1272 aliquis
1458 1193 1616 1273 publicis
1636 1193 1687 1257 oi-

819 1296 912 1362 ficiis
926 1298 1043 1378 possit
1056 1298 1122 1362 uti.

302 1538 438 1611 Tenere
458 1544 673 1633 presentium
696 1552 814 1636 pateat
834 1546 1010 1613 universis
1027 1544 1123 1635 qued
1144 1564 1207 1614 nes
1233 1542 1310 1613 talis
1334 1543 1375 1613 N.
1398 1546 1598 1635 inquisitor,
1620 1566 1685 1617 no·

255 1636 366 1708 lentes
400 1639 494 1730 quod
524 1640 652 1732 aliquis
681 1642 849 1711 innocens
882 1639 939 1710 vel
973 1641 1139 1711 immunis
1167 1662 1186 1710 a
1214 1641 1342 1711 delicto
1369 1641 1503 1712 heresis
1528 1642 1685 1734 aliasque

255 1735 345 1804 bene
367 1736 528 1825 meritus,
549 1758 568 1807 a
591 1737 739 1829 publicis
761 1736 886 1808 officiis
906 1748 940 1808 et
969 1739 1148 1829 legittimis
1172 1739 1309 1808 actibus
1341 1741 1419 1809 sine
1444 1739 1546 1832 culpa
1566 1760 1630 1810 sua
1650 1751 1686 1811 et

254 1832 388 1923 absque
406 1854 512 1904 eausa
532 1834 732 1905 rationabili
755 1836 977 1918 excludatur,
999 1857 1103 1928 quem
1121 1836 1261 1926 dejure
1285 1837 1460 1928 possimus
1480 1857 1525 1906 ex
1546 1838 1683 1907 incum-

255 1930 350 2000 benti
369 1931 471 2002 nobis
489 1930 606 2004 elficie
631 1933 788 2004 relevare
809 1935 912 2024 juxta
941 1936 1128 2004 canonicas
1155 1935 1373 2020 sanctiones,
1398 1944 1518 2004 tenere
1537 1956 1683 2028 presen-

256 2031 340 2098 tium
364 2030 528 2116 dicimus,
557 2030 777 2101 declaramus
804 2042 839 2101 et
867 2031 1140 2124 pronunciamus
1164 2030 1267 2101 talern
1287 2031 1346 2116 N.,
1369 2030 1478 2101 lilium
1505 2032 1684 2124 quendam

255 2125 333 2197 talis
360 2128 420 2215 Ν.,
449 2127 494 2198 de
520 2128 580 2198 tali
597 2127 690 2215 luce,
715 2132 887 2222 possenti
908 2127 1025 2199 oiiicio
1046 2129 1263 2214 consulatus,
1288 2124 1329 2225 [io
1353 2130 1398 2197 33
1418 2124 1455 2225 b]
1478 2132 1510 2198 si
1532 2129 1577 2198 ad
1597 2129 1685 2201 illud

255 2223 385 2295 electus
406 2225 510 2296 luerit
532 2248 595 2297 seu
617 2237 777 2309 vocatus,
799 2237 835 2298 et
861 2237 981 2297 tenere
1004 2226 1153 2318 bajulias
1178 2238 1213 2296 et
1238 2225 1560 2298 administrationes
1580 2227 1682 2315 alias,

254 2332 288 2391 et
311 2344 534 2417 quecumque
563 2324 702 2418 publica
729 2324 843 2395 oiilcia
868 2345 1057 2410 exercere,
1090 2345 1159 2395 nen
1193 2325 1355 2395 obstante
1380 2324 1474 2418 quod
1505 2324 1685 2418 predictus

256 2419 332 2490 talis
350 2421 393 2492 N.
416 2434 515 2516 pater
533 2443 620 2493 suus
638 2423 819 2514 quendam
839 2442 903 2515 pro
931 2423 1023 2494 iacto
1043 2422 1177 2494 heresis
1201 2421 1365 2492 habuerit
1391 2422 1619 2516 penitentiam
1637 2423 1683 2494 de

253 2519 433 2609 portandis
453 2520 617 2591 crucibus
638 2531 673 2591 et
694 2521 798 2591 inerit
817 2521 1041 2608 immoratus,
1063 2541 1142 2590 cum
1171 2520 1264 2590 idern
1290 2533 1388 2614 pater
1412 2541 1498 2590 suus
1521 2520 1566 2591 ad
1583 2541 1681 2591 man·

252 2613 371 2686 dutum
392 2616 547 2689 Ecclesia
575 2629 613 2688 et
639 2619 885 2710 inquisitorum
915 2619 1088 2712 predictas
1119 2618 1330 2710 penitentias
1354 2617 1584 2710 compleverit
1612 2618 1685 2710 (oet

250 2713 300 2784 sic
323 2739 335 2782 .·
355 2715 589 2807 predictarum
611 2716 884 2810 penitentiarum
907 2718 1145 2809 prosecutioni
1164 2727 1200 2786 et
1214 2717 1454 2809 completioni,
1474 2717 1557 2786 dum
1575 2718 1678 2787 vive·

252 2822 316 2894 ret,
337 2812 539 2908 insistebat)
557 2827 592 2884 et
619 2814 901 2908 reincorporatus
918 2813 1074 2885 Ecclesia
1099 2816 1225 2884 unitati
1254 2814 1406 2885 decessit
1425 2815 1460 2883 in
1480 2814 1617 2885 eadem.
1640 2813 1679 2882 ln

250 2909 350 2999 eujus
370 2913 423 2980 rei
444 2913 698 3006 testimouium,
714 2923 781 2982 etc.
800 2912 939 2999 Datum,
961 2924 996 2982 et
1010 2924 1139 2982 cetera.

250 3162 309 3226 33.
333 3163 467 3229 Forma
483 3165 605 3230 littere
619 3182 684 3247 pro
699 3167 967 3246 elerioojureco
987 3176 1132 3247 recepto
1160 3168 1206 3232 ad
1231 3165 1444 3233 fidelitatem
1464 3174 1501 3231 et
1522 3167 1678 3232 officium

830 3273 1094 3354 inquisitionis.

295 3516 430 3589 Tenere
449 3521 664 3610 presentium
687 3529 803 3612 pateat
824 3519 999 3589 universis
1018 3518 1114 3611 quod
1131 3538 1194 3589 nos
1211 3518 1316 3588 irater
1331 3517 1530 3590 Bernardus
1544 3518 1675 3590 Gnido-

248 3615 315 3701 nis,
337 3615 416 3686 ord.
436 3614 588 3700 Predic.,
611 3616 799 3708 inquisitor
812 3615 969 3686 heretice
988 3618 1170 3709 pravitatis
1191 3616 1224 3684 iu
1246 3637 1355 3707 regno
1377 3615 1520 3686 Francie
1538 3636 1600 3707 per
1619 3638 1673 3687 se·
1709 3618 1712 3623 ’

248 3712 327 3783 dem
347 3713 574 3805 apostolicam
597 3715 799 3807 deputatos,
818 3716 1015 3806 recepimus
1034 3713 1069 3783 in
1085 3714 1241 3804 juratum
1259 3734 1301 3783 ac
1316 3712 1455 3784 fidelem
1476 3715 1674 3783 ministrum

247 3808 353 3881 cilicii
383 3811 624 3902 inquisitionis
651 3810 804 3882 heretice
833 3812 1014 3904 pravitatis
1041 3811 1199 3902 ejusdem
1229 3811 1395 3882 dilectum
1425 3821 1582 3882 nestrum
1604 3832 1674 3881 rna-

247 3908 392 3999 gistrum
414 3908 517 3979 talem
537 3909 580 3980 N.
607 3909 772 3979 clericum
794 3909 872 3979 talis
892 3909 1074 4001 dyocesis,
1105 3910 1279 3979 nomnium
1303 3909 1479 4002 publicem
1500 3907 1670 3994 Thelese,

242 4005 442 4095 juramento
461 4004 638 4077 fidelitatis
656 4017 691 4076 et
710 4007 833 4077 secreti
856 4017 994 4099 recepto
1013 4006 1148 4077 anobis
1166 4018 1201 4076 et
1219 4007 1364 4098 prestito
1381 4007 1426 4077 ab
1441 4006 1672 4089 eodem,cum

246 4103 409 4172 omnibus
429 4103 663 4190 libertatibus,
686 4104 980 4191 immunitatibus,
1002 4105 1127 4195 graciis
1155 4116 1190 4174 et
1210 4103 1484 4196 privilegiistam
1505 4102 1549 4172 ab
1569 4123 1672 4196 apes-

247 4200 348 4272 teliea
368 4202 452 4274 sede
471 4223 576 4294 quam
597 4204 702 4272 etiem
720 4223 739 4272 a
760 4204 854 4294 regia
874 4202 1055 4291 majestate
1078 4205 1254 4272 concessis
1279 4203 1439 4287 notariis,
1461 4198 1671 4272 oiticialibus

245 4319 307 4368 seu
330 4299 497 4369 ministris
515 4298 622 4379 efficii
639 4302 892 4393 inquisitionis,
913 4300 1042 4390 quibus
1064 4298 1215 4369 eundem
1237 4298 1340 4368 talem
1360 4298 1401 4368 N.
1428 4298 1584 4389 gaudere
1603 4320 1669 4371 vo·

246 4394 361 4467 lumus
379 4409 413 4468 et
433 4397 656 4468 decernimus
678 4393 719 4493 [l’
739 4397 785 4465 33
810 4393 842 4492 c]
867 4417 927 4489 per
948 4406 1140 4489 presentes.
1166 4396 1203 4464 ln
1221 4417 1370 4488 quarum
1389 4396 1546 4467 omnium
1572 4396 1671 4467 testi-

246 4497 401 4565 menium
423 4506 457 4566 et
477 4496 670 4583 munimen,
692 4506 760 4567 ete.

477 4722 537 4786 37.
561 4722 694 4787 Forma
706 4720 829 4787 littere
843 4738 908 4803 pro
923 4723 1072 4787 custode
1087 4720 1183 4786 muri
1197 4722 1437 4786 instituendo.

292 4939 428 5011 Tenere
449 4939 665 5033 presentium
680 4949 798 5032 pateat
819 4939 995 5010 universis
1012 4939 1107 5032 quod
1126 4959 1192 5010 nos
1206 4939 1312 5010 irater
1327 4939 1525 5010 Bernardus
1540 4938 1671 5012 Guido-
1776 4946 1782 4961 '

244 5035 313 5126 nis,
325 5038 404 5110 ord.
418 5037 574 5126 Predic.,
587 5037 775 5128 inquisitor
790 5037 944 5109 heretice
955 5036 1138 5131 pravitatis
1153 5038 1189 5107 in
1203 5058 1312 5129 regno
1323 5037 1466 5109 Francia
1477 5058 1539 5132 per
1549 5037 1670 5110 sedem
