4574 6404
423 647 469 715 26
713 659 876 713 vuncrrcn
902 660 1141 727 tuonrsrrrorus
1170 658 1331 713 usuarios
1357 658 1567 711 ruuvrrnrrs.

425 823 459 890 in
480 819 612 893 eisdem
634 819 828 910 insignum
849 839 890 888 ac
915 817 1154 890 testimonium
1176 818 1307 912 recepti
1330 838 1371 888 ac
1396 816 1559 911 completi
1588 837 1650 910 per
1669 837 1734 889 vos
1758 838 1857 887 man-

421 918 494 989 dati
517 917 639 989 nostri.
662 917 786 987 Datum
807 915 958 988 Tholose
977 917 1044 986 sub
1064 916 1180 1008 sigillo
1201 928 1343 1002 nostro,
1366 926 1435 986 etc.

422 1121 483 1184 at.
508 1120 642 1183 Forma
663 1119 710 1182 ad
733 1118 1009 1182 convocandum
1036 1118 1174 1197 peritos
1200 1118 1248 1181 ad
1277 1116 1473 1182 consilium
1500 1132 1565 1196 pro
1595 1117 1793 1193 agentibus
1816 1119 1856 1182 in

1059 1224 1222 1288 remotis.

472 1417 590 1486 Frater
609 1415 685 1487 ber.
699 1414 883 1496 Gnidonis‚
902 1414 1102 1506 inquisitor,
1124 1425 1208 1501 etc,
1226 1414 1304 1484 viro
1320 1413 1536 1500 venerabili,
1560 1413 1710 1506 provido
1730 1424 1765 1484 et
1785 1413 1856 1485 dis·

422 1526 532 1598 creto,
544 1525 611 1584 etc.
625 1513 767 1583 -Cum
783 1511 841 1582 tali
857 1511 927 1607 die,
940 1511 1104 1596 Tholose,
1120 1522 1269 1582 tractare
1282 1511 1464 1582 vobiscum
1478 1522 1514 1581 et
1532 1533 1611 1581 cum
1623 1511 1702 1582 aliis
1713 1512 1854 1604 sapien-

425 1614 517 1684 tibus
537 1622 573 1682 et
591 1611 712 1705 peritis
733 1622 801 1680 tam
823 1631 887 1703 pro
905 1609 1108 1702 penitentiis
1123 1630 1187 1702 pro
1203 1608 1400 1680 commissis
1421 1609 1456 1678 in
1476 1609 1567 1680 lacto
1587 1608 1723 1680 heresis
1743 1609 1857 1700 injun-

423 1711 547 1803 gendis
577 1730 681 1802 quam
716 1709 760 1778 de
786 1707 865 1777 aliis
897 1707 1108 1798 quibusdam
1141 1707 1186 1777 ad
1219 1711 1445 1778 commissum
1479 1707 1581 1778 nobis
1616 1708 1856 1798 inquisitionis

424 1808 608 1900 negocium
632 1806 872 1900 spectantibus
892 1805 1138 1888 intendamus,
1166 1826 1330 1896 rogamus
1355 1824 1420 1875 vos
1447 1814 1482 1875 et
1509 1805 1722 1896 requirimus
1742 1806 1856 1897 quati·

424 1928 491 1976 nus
510 1905 555 1976 ad
575 1903 766 1999 predictam
788 1905 880 1974 diem
908 1914 943 1973 et
963 1902 1076 1973 locum
1098 1903 1250 1973 veniatis
1270 1923 1438 1974 unacum
1460 1901 1539 1972 aliis
1558 1903 1619 1994 qni
1642 1903 1687 1972 ad
1708 1903 1775 1974 hoc
1795 1926 1857 1999 per

424 2026 489 2076 nos
507 2002 688 2074 convocati
707 2001 958 2086 convenerint,
980 2020 1087 2093 super
1105 2001 1285 2093 premissis
1305 2000 1407 2071 nobis
1425 2000 1609 2071 consilium
1630 2000 1856 2094 impensurus

419 2104 522 2192 juxta
543 2101 689 2195 gratiam
711 2111 746 2170 et
765 2099 972 2191 sapientiam
993 2119 1012 2168 a
1033 2097 1181 2169 Domino
1204 2098 1307 2170 vobis
1335 2098 1474 2186 datam3
1507 2098 1645 2190 etquid
1671 2098 1755 2170 inde
1779 2101 1857 2172 sitis

424 2200 579 2270 facturus
598 2207 679 2268 ante
698 2197 826 2267 dictam
847 2196 940 2266 diem
962 2195 1170 2288 tempestive
1197 2196 1299 2267 nobis
1325 2217 1388 2290 per
1412 2205 1549 2266 vestras
1577 2196 1709 2268 litteras
1731 2199 1855 2269 rescri-

423 2298 527 2367 batis.
550 2297 674 2366 Datum
696 2294 867 2378 Tholose‚
889 2294 939 2365 et.

423 2497 484 2562 32.
509 2498 643 2561 Forma
657 2497 732 2560 alia
746 2496 793 2559 ad
806 2496 1084 2560 convocandum
1100 2495 1237 2575 peritos
1250 2503 1440 2576 presentes
1455 2495 1667 2576 specialiter
1680 2497 1720 2560 in
1733 2497 1857 2580 aliquo

984 2602 1106 2666 studio
1123 2601 1300 2679 generali.

473 2795 591 2864 Frater
603 2793 680 2863 Ber.
693 2792 878 2878 Gnidonis‚
892 2791 1027 2863 ordinis
1038 2790 1315 2884 Predicatorum,
1328 2792 1529 2883 inquisitor,
1544 2805 1629 2880 etc,
1643 2781 1857 2865 venerabili·

424 2893 491 2963 bus
506 2891 709 2961 doctoribus
722 2891 905 2983 utriusque
915 2891 1006 2981 juris
1019 2889 1217 2981 legentibus
1228 2901 1322 2977 actu,
1338 2891 1393 2960 vel
1408 2911 1476 2960 non
1491 2890 1703 2981 legentibus,
1723 2891 1758 2961 in
1770 2892 1858 2962 civi-

427 3001 495 3060 tate
514 3010 555 3059 ac
574 2989 691 3060 studio
710 2987 922 3076 Tholosano,
946 2983 987 3084 [ll
1009 2985 1053 3056 ll
1072 2984 1105 3086 c]
1122 2989 1270 3058 salutem
1292 2988 1328 3057 in
1348 2998 1465 3058 actore
1484 2985 1565 3058 fidei
1582 2988 1730 3060 Domino
1748 2987 1858 3060 ihesu

422 3086 573 3172 Christo,
589 3088 688 3177 cujus
703 3107 808 3157 causa
821 3087 954 3178 geritur
974 3087 1009 3156 in
1030 3085 1096 3155 hac
1113 3098 1224 3179 parte.
1239 3125 1287 3138 -
1302 3086 1367 3156 Pro
1385 3085 1532 3176 negocio
1546 3086 1608 3156 Dei
1627 3097 1662 3157 et
1679 3085 1762 3158 fidei
1780 3109 1859 3158 ves·

426 3195 479 3256 tro
494 3184 640 3256 consilio
656 3184 877 3276 indigemus,
895 3205 966 3276 quo
979 3184 1070 3254 circa
1082 3185 1289 3255 auctoritate
1303 3183 1495 3278 apostolica
1507 3204 1572 3255 vos
1589 3184 1802 3276 requirimus
1819 3195 1859 3256 et

425 3303 611 3374 rogamus,
633 3282 796 3373 quamvis
820 3283 855 3351 in
886 3281 951 3352 hac
979 3292 1076 3376 parte
1102 3303 1284 3375 possemus
1308 3281 1488 3376 precipere
1514 3293 1550 3351 et
1582 3282 1773 3368 mandare,
1803 3293 1860 3354 set

425 3381 470 3450 de
489 3380 766 3473 promptitudine
785 3380 850 3450 zeli
870 3380 978 3451 vestri
1001 3380 1035 3449 in
1056 3399 1161 3450 causa
1182 3380 1334 3450 maxime
1354 3378 1437 3449 fidei
1464 3379 1607 3449 minime
1626 3379 1856 3470 dubitamus;

425 3479 605 3571 quatinus,
627 3479 791 3548 omnibns
812 3478 967 3568 negociis
980 3489 1016 3548 et
1036 3477 1245 3549 lectionibus
1263 3477 1511 3571 pretermissis,
1531 3477 1590 3548 tali
1610 3477 1767 3550 dicante
1786 3478 1858 3572 pri·

428 3597 517 3645 mam
538 3575 632 3646 bono
655 3597 769 3662 mane,
791 3576 867 3647 sitis
893 3575 927 3644 in
953 3575 1013 3646 tali
1034 3575 1111 3646 loco
1134 3575 1179 3646 ad
1205 3576 1360 3646 dandum
1383 3575 1484 3646 nobis
1508 3575 1650 3645 salubre
1669 3576 1857 3647 consilium

423 3675 526 3765 juxta
546 3673 752 3765 sapientiam
773 3687 809 3743 et
828 3673 992 3767 periciam
1018 3694 1037 3742 a
1064 3672 1213 3744 Domino
1237 3673 1340 3745 vobis
1358 3674 1477 3743 datam
1500 3693 1670 3745 unacum
1697 3673 1777 3746 aliis
1797 3674 1860 3766 qui

428 3773 472 3842 ad
493 3771 558 3842 hoc
578 3791 638 3863 per
658 3792 722 3842 nos
739 3770 923 3842 convocati
941 3771 1194 3858 convenerint,
1216 3792 1323 3866 super
1343 3770 1410 3841 hiis
1433 3771 1467 3840 in
1490 3771 1619 3862 quibus
1638 3771 1775 3843 fueritis
1800 3793 1857 3842 re-

427 3869 546 3961 quisiti
566 3869 602 3938 in
621 3889 726 3940 causa
746 3866 828 3939 fidei
848 3879 882 3938 et
901 3890 965 3960 pro
985 3866 1068 3939 lide.
1090 3868 1296 3941 lllandamns
1316 3880 1432 3939 autem
1460 3868 1609 3939 bedellis
1634 3869 1744 3940 studii
1763 3869 1856 3941 Tho·

426 3967 538 4038 losani
558 3967 624 4037 snb
643 3987 732 4060 pena
752 3967 1127 4037 excommunicationis
1150 3961 1259 4063 [qnod
1279 3967 1384 4057 hujus
1403 3963 1681 4064 convocationis]
1703 3963 1758 4060 (l)
1780 3988 1858 4061 pre·

427 4077 561 4135 sentem
582 4064 731 4135 litteram
753 4063 913 4134 delerant
932 4064 1118 4156 diligenter
1140 4076 1175 4135 et
1194 4064 1356 4135 celeriter
1376 4064 1527 4135 crastina
1548 4063 1606 4135 die
1627 4065 1803 4136 universis
1825 4076 1861 4137 et

427 4162 575 4254 singulis
595 4162 797 4234 doctoribus
818 4162 1033 4233 memoratis.
1055 4162 1180 4232 Datum
1200 4161 1351 4234 Tholosc
1369 4161 1436 4232 sub
1456 4162 1572 4254 sigillo
1591 4173 1727 4249 nostro,
1749 4173 1818 4233 etc.

428 4390 487 4453 33.
512 4391 646 4454 Forma
667 4391 852 4455 scribendi
869 4390 1037 4471 episcopo
1053 4391 1097 4455 de
1113 4393 1220 4470 cujus
1236 4391 1384 4470 dyocesi
1404 4390 1528 4471 alique
1545 4405 1700 4471 persone
1721 4388 1861 4455 inerint

466 4497 698 4561 immutande
710 4498 769 4561 vel
784 4497 1087 4577 secularijnditio
1104 4498 1356 4579 relinquenda,
1381 4498 1413 4562 si
1429 4498 1584 4562 voluerit
1603 4497 1783 4562 interesse
1803 4498 1862 4562 vel

467 4605 627 4685 aliquem
642 4605 788 4669 mittere
804 4605 884 4670 loco
900 4606 974 4683 sui,
993 4605 1052 4668 vel
1070 4605 1202 4669 saltem
1218 4606 1305 4671 dare
1320 4606 1517 4670 consilium
1533 4620 1643 4685 super
1658 4605 1745 4668 illis.

477 4821 684 4892 Reverendo
695 4821 730 4890 in
742 4820 878 4893 Christo
894 4822 984 4916 patri
1000 4821 1145 4893 domino
1159 4821 1201 4893 N.
1213 4820 1334 4892 divina
1346 4819 1860 4914 gratinepiscopoCaturcensi,
1958 4916 1962 4923 ἢ

468 5047 503 5115 tl)
519 5047 594 5115 Quod
610 5048 694 5116 liujus
708 5051 909 5104 cotra-matinata
923 5049 997 5105 dans
1011 5050 1037 5104 le
1053 5065 1108 5106 ms.
1127 5048 1188 5105 388.
