4574 6404
1019 704 1140 758 rsurrs
1164 704 1261 758 rans.
1704 687 1705 691 '
1770 678 1855 748 ’159

421 877 459 940 et
477 875 630 937 actorem
651 861 853 954 hujusmodi
874 882 953 932 esse
974 863 1177 954 sortilegum
1207 873 1242 933 et
1266 859 1474 930 sacramenti
1504 857 1715 929 eucharistie
1739 854 1853 926 horri-

424 965 543 1035 biliter
560 962 747 1033 abusorem
769 968 804 1031 et
833 959 1024 1048 majestatis
1048 960 1171 1031 divine
1191 959 1352 1030 lesorem.
1383 957 1644 1027 Sacramentum
1675 953 1769 1024 enim
1794 974 1856 1024 en-

424 1060 592 1133 charistie
603 1055 989 1151 seuCorporisChristi,
1006 1058 1128 1149 inquo
1148 1067 1201 1128 est
1215 1056 1293 1126 fons
1302 1057 1413 1145 gratie
1429 1064 1464 1124 et
1480 1052 1616 1138 salutis,
1636 1051 1733 1123 nullo
1750 1050 1856 1124 modo

425 1169 639 1252 potestesse
662 1175 769 1226 causa
795 1152 951 1225 elhciens
979 1152 1229 1225 maleficiorum
1260 1173 1324 1223 nec
1352 1150 1502 1241 alicujus
1526 1170 1646 1220 eorum
1677 1169 1746 1241 que
1772 1161 1857 1220 sunt

424 1255 599 1327 contraria
616 1256 730 1345 gratie
749 1262 785 1322 et
803 1251 926 1338 saluti3
948 1253 1048 1342 cujus
1068 1252 1281 1322 contrarium
1307 1249 1450 1320 credere
1470 1256 1506 1318 et
1524 1247 1655 1318 sentire
1681 1261 1735 1316 est
1754 1267 1852 1320 erro·

425 1373 532 1424 neum
547 1363 582 1423 et
601 1353 693 1443 sapit
712 1349 863 1420 heresim
885 1350 1082 1420 manifeste.
1101 1349 1248 1434 Idcirco,
1267 1368 1330 1418 nos
1343 1347 1498 1440 prelatus
1513 1348 1701 1438 episcopus
1719 1344 1856 1436 predic·

425 1461 499 1521 tum
523 1449 627 1520 talem
646 1449 686 1517 N.
709 1449 923 1541 penitentem
942 1457 978 1517 et
989 1446 1105 1517 redire
1121 1448 1313 1533 volentem,
1331 1456 1371 1514 ut
1385 1445 1529 1535 asserit,
1546 1444 1591 1513 ad
1607 1442 1760 1513 Ecclesia
1779 1446 1856 1513 uni.

426 1558 557 1633 tatem,
578 1547 738 1636 abjurata
770 1544 932 1638 primitus
950 1539 990 1640 [l’
1016 1544 1062 1612 88
1085 1540 1122 1641 b]
1149 1566 1211 1638 per
1228 1544 1380 1614 eundem
1401 1562 1519 1613 coram
1540 1542 1641 1614 nohis
1668 1545 1703 1610 in
1725 1540 1856 1630 juditio

425 1645 522 1717 omni
550 1643 665 1714 heresi
694 1643 950 1734 cujuscumque
984 1652 1079 1713 secte
1115 1642 1303 1734 dampnate
1331 1651 1366 1710 et
1392 1638 1538 1733 prestito
1566 1639 1610 1709 ad
1641 1648 1760 1709 sancta
1791 1639 1856 1710 Dei

425 1741 617 1832 Evangelia
629 1742 829 1831 juramento
839 1740 935 1831 quod
947 1739 1084 1832 parebit
1095 1739 1301 1828 simpliciter
1311 1737 1484 1808 mandatis
1496 1739 1623 1807 nostris
1636 1747 1672 1807 et
1685 1735 1853 1827 Ecclesic,

427 1839 645 1911 absolvimus
664 1837 859 1908 secundum
879 1836 1025 1907 formam
1046 1836 1200 1909 Ecclesie
1225 1837 1377 1907 debitam
1401 1855 1423 1904 a
1450 1836 1624 1906 sententia
1650 1854 1856 1905 excommu-

427 1937 613 2007 nicationis
630 1955 735 2027 quam
760 1935 806 2005 ob
826 1935 1018 2027 predictam
1040 1934 1177 2025 cuipam
1200 1935 1356 2005 noscitur
1374 1935 1580 2019 incurrisse,
1608 1935 1639 2002 si
1667 1943 1783 2003 tamen
1811 1934 1856 2006 de

427 2034 533 2107 corde
551 2035 645 2105 bono
665 2044 699 2102 et
717 2030 788 2102 fide
813 2052 882 2103 non
911 2032 991 2104 ficta
1020 2031 1063 2101 ad
1091 2029 1246 2104 Ecclesie
1270 2032 1414 2103 redierit
1438 2032 1605 2101 unitatem
1636 2040 1671 2101 et
1699 2031 1856 2119 injuncta

427 2132 495 2203 sibi
515 2130 680 2201 mandata
699 2132 909 2201 servaverit.
922 2131 964 2200 Et
981 2129 1064 2222 quia
1083 2128 1117 2197 in
1137 2130 1247 2202 Deum
1268 2139 1302 2201 et
1320 2140 1477 2200 sanctam
1498 2140 1643 2201 matrem
1664 2127 1855 2200 Ecclesiam

427 2241 463 2301 et·
482 2239 603 2300 contra
623 2226 728 2298 fidem
755 2249 796 2298 ac
822 2229 1055 2298 reverentiam
1076 2228 1287 2299 sacramenti
1308 2226 1520 2299 eucharistie
1547 2226 1713 2319 predictis
1743 2228 1856 2300 modis

428 2337 498 2396 tam
518 2326 674 2417 graviter
693 2324 854 2416 deliquit,
877 2325 969 2396 sicut
985 2326 1111 2395 lectum
1130 2338 1166 2396 et
1184 2329 1366 2399 recitatum
1386 2337 1439 2396 est
1456 2325 1522 2395 sihi
1539 2323 1805 2415 intelligibiliter
1819 2328 1855 2396 in

428 2424 581 2515 vulgari,
605 2444 669 2494 nos
688 2423 844 2515 prelatus
864 2423 1063 2516 episcopus,
1085 2422 1130 2493 de
1154 2424 1326 2496 bonorum
1344 2424 1499 2495 virorum
1521 2433 1590 2492 tam
1612 2423 1855 2514 religiosorum

428 2541 534 2615 quam
559 2521 770 2593 secularium
801 2521 992 2613 peritorum
1023 2523 1058 2589 in
1082 2522 1162 2608 jure
1190 2521 1358 2608 consilio,
1387 2543 1451 2607 ne,
1477 2521 1568 2592 sicut
1589 2541 1653 2591 nec
1672 2520 1773 2591 decet
1792 2543 1857 2592 nec

428 2618 587 2712 expedit,
610 2618 757 2688 crimina
776 2617 899 2689 eadem
921 2628 1126 2689 remaneant
1143 2619 1338 2713 impunita,
1360 2617 1488 2690 Christi
1507 2620 1648 2689 nominc
1670 2619 1854 2707 invocato,

429 2715 599 2787 habentes
619 2737 682 2809 pre
700 2715 831 2786 occulis
851 2716 966 2787 solum
984 2716 1092 2786 Deum
1114 2728 1149 2786 ct
1171 2717 1370 2788 orthodoxe
1388 2715 1470 2787 fidei
1497 2717 1704 2809 puritatem,
1735 2716 1793 2787 die
1821 2727 1857 2788 et

430 2813 507 2885 loco
527 2812 751 2906 presentibus
777 2813 821 2883 ad
841 2813 933 2883 hanc
952 2826 1105 2883 nostram
1127 2815 1305 2886 terendam
1325 2815 1534 2885 sententiam
1567 2826 1602 2885 et
1627 2815 1857 2906 penitentiam

429 2911 682 3002 injungendam
712 2911 827 2981 eidem
857 2911 916 2980 tali
946 2911 987 2981 N.
1017 2910 1277 3005 perhemptorie
1301 2912 1509 3004 assignatis,
1536 2916 1767 2985 sacrosanctis
1793 2912 1856 2983 Dei

429 3007 630 3100 Evangeliis
649 3008 771 3102 positis
790 3029 906 3079 coram
932 3008 1054 3093 uobis,
1079 3020 1116 3078 ut
1135 3011 1180 3080 de
1204 3013 1304 3082 vultu
1330 3011 1393 3081 Dei
1421 3023 1576 3082 nostrum
1597 3010 1744 3104 prodeat
1759 3010 1854 3102 judi-

429 3107 522 3177 cium
539 3118 575 3178 et
593 3105 705 3178 occuli
728 3107 837 3177 nostri
858 3107 1002 3177 videant
1020 3109 1225 3200 equitatem,
1247 3108 1412 3180 sedentes
1432 3131 1494 3201 pro
1513 3108 1696 3195 tribunali,
1719 3110 1857 3202 predic·

430 3214 502 3275 tum
523 3205 624 3276 talem
646 3205 689 3274 N.
715 3205 759 3275 ad
781 3215 988 3297 perpetuum
1013 3205 1105 3275 muri
1123 3227 1296 3278 carcerem
1317 3209 1353 3276 in
1381 3205 1448 3277 hiis
1470 3207 1691 3301 presentibus
1716 3207 1856 3302 scriptis

428 3303 693 3373 sentencialiter
709 3302 1009 3395 condempnamus
1024 3300 1069 3373 ad
1084 3304 1260 3397 agendum
1277 3305 1408 3375 ibidem
1425 3308 1493 3378 sub
1511 3306 1663 3377 vinculis
1679 3306 1801 3377 ferreis
1820 3309 1857 3374 in

430 3419 523 3492 pane
546 3399 679 3469 doloris
708 3410 744 3471 et
771 3420 863 3491 aqua
887 3403 1049 3491 angustie
1080 3411 1284 3495 perpetuam
1314 3404 1543 3497 penitentiam
1568 3402 1613 3474 de
1636 3404 1854 3488 commissis,

390 3546 397 3554 ·
431 3506 617 3589 portetque
641 3493 683 3592 [N
703 3497 748 3564 88
768 3493 801 3594 c]
823 3508 994 3591 perpetuo
1023 3498 1058 3567 in
1077 3502 1173 3569 omui
1192 3512 1292 3571 veste
1310 3522 1373 3572 sua
1392 3503 1564 3595 superiori
1584 3498 1730 3593 liguram
1752 3501 1856 3570 nnius

430 3592 545 3665 hostie
565 3593 718 3665 rotunde
735 3595 782 3683 de
801 3593 895 3666 filtro
912 3596 1026 3667 crocei
1047 3597 1174 3667 coloris
1195 3608 1277 3669 ante
1308 3611 1428 3692 pectus
1458 3609 1493 3670 et
1517 3599 1620 3669 aliam
1650 3612 1743 3670 retro
1769 3599 1860 3670 inter

431 3691 601 3784 spatulas;
623 3695 701 3762 sina
719 3692 849 3784 quibus
868 3695 1121 3787 apparentibus
1141 3695 1231 3765 intra
1249 3696 1306 3766 vel
1322 3708 1421 3767 extra
1441 3697 1584 3768 domum
1601 3719 1663 3768 seu
1683 3718 1858 3769 carcerem

431 3786 597 3881 deinceps
617 3810 687 3860 non
708 3789 862 3883 incedat,
883 3792 919 3861 in
935 3791 1205 3862 detestationem
1224 3794 1400 3865 commissi
1421 3794 1577 3865 criminis
1600 3795 1691 3866 circa
1709 3793 1860 3867 hostiam

431 3897 669 3957 consecratam
699 3897 734 3957 et
760 3898 799 3957 ut
818 3888 865 3957 sit
883 3889 916 3958 ei
936 3889 970 3957 in
991 3888 1154 3960 velamen
1179 3899 1214 3960 et
1242 3892 1483 3963 confusionem
1504 3893 1704 3964 occulorum
1728 3905 1763 3964 et
1781 3894 1859 3965 aliis

432 3982 466 4052 in
486 3985 704 4077 exemplum.
722 3985 907 4056 hlonemus
924 3996 1041 4056 autem
1062 3987 1258 4081 predictum
1279 3990 1384 4060 talem
1412 3990 1454 4061 N.
1478 4000 1567 4074 etc,
1590 3999 1753 4084 utsupra
1775 4016 1783 4060 ε
1806 4013 1859 4062 re·

433 4089 527 4151 tenta
545 4081 647 4153 nobis
666 4093 702 4152 et
722 4083 849 4152 nostris
866 4085 1130 4156 successoribus
1151 4097 1323 4179 potestate
1345 4087 1550 4180 mitigandi,
1571 4088 1724 4158 addendi
1748 4101 1784 4159 et
1806 4089 1860 4159 di·

432 4178 640 4268 minuendi,
660 4201 722 4249 seu
742 4181 945 4251 remittendi
959 4183 1170 4275 in¹predicta
1185 4185 1380 4277 penitentia
1397 4185 1475 4255 sive
1491 4205 1594 4278 pena,
1614 4186 1645 4255 si
1664 4195 1699 4255 et
1718 4188 1861 4278 quando

434 4275 535 4346 nobis
554 4277 611 4346 vel
632 4277 684 4348 eis
697 4278 742 4347 de
761 4278 934 4348 bonorum
948 4279 1104 4349 virorum
1121 4282 1270 4353 consilio
1288 4282 1404 4353 visum
1427 4282 1532 4352 luerit
1546 4282 1759 4355 faciendum.
1777 4285 1859 4356 Lata

434 4370 499 4442 luit
517 4372 583 4444 hec
599 4375 774 4445 sententia
794 4386 829 4445 et
849 4376 929 4446 data
950 4377 1156 4469 penitentia,
1178 4398 1272 4450 anno
1290 4390 1325 4449 et
1344 4380 1402 4450 die
1419 4391 1454 4451 et
1475 4381 1564 4468 loco,
1587 4393 1655 4452 etc.

434 4623 494 4688 44.
518 4623 652 4691 Forma
680 4628 862 4692 sententis
889 4638 1019 4694 contra
1048 4631 1195 4695 domum
1222 4631 1262 4694 in
1292 4648 1365 4712 qua
1388 4633 1523 4714 aliquis
1546 4634 1616 4700 luit
1640 4637 1863 4703 hsrsticatus

915 4737 1052 4801 solante
1067 4738 1215 4802 domino
1233 4740 1373 4804 domus.

484 4947 521 5017 lu
542 4949 685 5019 nomine
704 4950 856 5037 Domini,
879 4971 995 5022 amen.
1016 4951 1105 5034 Quia
1132 4975 1193 5047 per
1219 4955 1483 5047 inquisitionem
1512 4957 1637 5028 factam
1664 4961 1864 5033 invenimus

435 5064 475 5113 ac
491 5066 553 5137 per
570 5045 808 5140 depositiones
826 5048 965 5119 testium
982 5051 1179 5139 juratorum
1200 5052 1236 5122 in
1258 5053 1389 5144 juditio
1414 5054 1569 5146 legitime
1585 5057 1688 5129 nobis
1704 5070 1861 5147 constat,
