<?xml version="1.0" encoding="UTF-8"?>
<!DOCTYPE html PUBLIC "-//W3C//DTD XHTML 1.0 Transitional//EN"
    "http://www.w3.org/TR/xhtml1/DTD/xhtml1-transitional.dtd">
<html xmlns="http://www.w3.org/1999/xhtml" xml:lang="en" lang="en">
 <head>
  <title>
</title>
<meta http-equiv="Content-Type" content="text/html;charset=utf-8" />
  <meta name='ocr-system' content='tesseract 3.04.00' />
  <meta name='ocr-capabilities' content='ocr_page ocr_carea ocr_par ocr_line ocrx_word'/>
</head>
<body>
  <div class='ocr_page' id='page_1' title='image "./practicainquisi00douagoog_0238.png"; bbox 0 0 4612 6404; ppageno 0'>
   <div class='ocr_carea' id='block_1_1' title="bbox 383 632 1579 723">
    <p class='ocr_par' dir='ltr' id='par_1_1' title="bbox 383 632 1579 723">
     <span class='ocr_line' id='line_1_1' title="bbox 383 632 1579 723; baseline -0.003 -10"><span class='ocrx_word' id='word_1_1' title='bbox 383 671 385 677; x_wconf 95' lang='lat'>·</span> <span class='ocrx_word' id='word_1_2' title='bbox 444 632 515 714; x_wconf 77' lang='grc'>272</span> <span class='ocrx_word' id='word_1_3' title='bbox 729 658 889 711; x_wconf 82' lang='lat' dir='ltr'>rmcrrcu</span> <span class='ocrx_word' id='word_1_4' title='bbox 914 657 1154 723; x_wconf 82' lang='lat' dir='ltr'>ruoursrrrorvrs</span> <span class='ocrx_word' id='word_1_5' title='bbox 1182 657 1343 709; x_wconf 83' lang='lat' dir='ltr'>nnnurrcn</span> <span class='ocrx_word' id='word_1_6' title='bbox 1368 657 1579 710; x_wconf 78' lang='lat' dir='ltr'>ruavrrxrrs.</span> 
     </span>
    </p>
   </div>
   <div class='ocr_carea' id='block_1_2' title="bbox 419 814 1871 5110">
    <p class='ocr_par' dir='ltr' id='par_1_2' title="bbox 419 814 1871 5110">
     <span class='ocr_line' id='line_1_2' title="bbox 444 814 1867 912; baseline 0.001 -24"><span class='ocrx_word' id='word_1_7' title='bbox 444 817 571 888; x_wconf 89' lang='lat' dir='ltr'>mulier</span> <span class='ocrx_word' id='word_1_8' title='bbox 588 815 826 901; x_wconf 89' lang='lat' dir='ltr'>contraheret,</span> <span class='ocrx_word' id='word_1_9' title='bbox 849 836 937 908; x_wconf 88' lang='lat' dir='ltr'>papa</span> <span class='ocrx_word' id='word_1_10' title='bbox 959 835 1028 884; x_wconf 94' lang='lat' dir='ltr'>non</span> <span class='ocrx_word' id='word_1_11' title='bbox 1048 826 1165 907; x_wconf 87' lang='lat' dir='ltr'>posset</span> <span class='ocrx_word' id='word_1_12' title='bbox 1182 835 1261 884; x_wconf 92' lang='lat' dir='ltr'>cum</span> <span class='ocrx_word' id='word_1_13' title='bbox 1287 815 1345 885; x_wconf 88' lang='lat' dir='ltr'>tali</span> <span class='ocrx_word' id='word_1_14' title='bbox 1373 814 1519 885; x_wconf 93' lang='lat' dir='ltr'>muliere</span> <span class='ocrx_word' id='word_1_15' title='bbox 1544 815 1778 912; x_wconf 79' lang='lat' dir='ltr'>dispensare3</span> <span class='ocrx_word' id='word_1_16' title='bbox 1798 841 1867 890; x_wconf 88' lang='lat' dir='ltr'>nec</span> 
     </span>
     <span class='ocr_line' id='line_1_3' title="bbox 446 912 1864 1006; baseline 0.001 -21"><span class='ocrx_word' id='word_1_17' title='bbox 446 914 524 985; x_wconf 88' lang='lat' dir='ltr'>talis</span> <span class='ocrx_word' id='word_1_18' title='bbox 543 914 665 984; x_wconf 91' lang='lat' dir='ltr'>mulier</span> <span class='ocrx_word' id='word_1_19' title='bbox 685 924 859 983; x_wconf 89' lang='lat' dir='ltr'>teneretur</span> <span class='ocrx_word' id='word_1_20' title='bbox 881 912 1025 983; x_wconf 90' lang='lat' dir='ltr'>obedire</span> <span class='ocrx_word' id='word_1_21' title='bbox 1042 933 1131 1006; x_wconf 91' lang='lat' dir='ltr'>pape</span> <span class='ocrx_word' id='word_1_22' title='bbox 1150 912 1354 1006; x_wconf 90' lang='lat' dir='ltr'>precipienti</span> <span class='ocrx_word' id='word_1_23' title='bbox 1371 924 1409 982; x_wconf 91' lang='lat' dir='ltr'>ut</span> <span class='ocrx_word' id='word_1_24' title='bbox 1423 912 1664 1001; x_wconf 77' lang='lat' dir='ltr'>contraheret,</span> <span class='ocrx_word' id='word_1_25' title='bbox 1683 916 1764 985; x_wconf 92' lang='lat' dir='ltr'>etsi</span> <span class='ocrx_word' id='word_1_26' title='bbox 1782 916 1864 987; x_wconf 89' lang='lat' dir='ltr'>obe·</span> 
     </span>
     <span class='ocr_line' id='line_1_4' title="bbox 445 1009 1867 1106; baseline 0.001 -24"><span class='ocrx_word' id='word_1_27' title='bbox 445 1012 537 1082; x_wconf 94' lang='lat' dir='ltr'>diret</span> <span class='ocrx_word' id='word_1_28' title='bbox 552 1011 740 1082; x_wconf 80' lang='lat' dir='ltr'>mortaliter</span> <span class='ocrx_word' id='word_1_29' title='bbox 754 1021 928 1103; x_wconf 79' lang='lat' dir='ltr'>peccaret,</span> <span class='ocrx_word' id='word_1_30' title='bbox 942 1014 976 1081; x_wconf 87' lang='lat' dir='ltr'>et</span> <span class='ocrx_word' id='word_1_31' title='bbox 989 1012 1020 1080; x_wconf 92' lang='lat' dir='ltr'>si</span> <span class='ocrx_word' id='word_1_32' title='bbox 1035 1020 1176 1102; x_wconf 88' lang='lat' dir='ltr'>propter</span> <span class='ocrx_word' id='word_1_33' title='bbox 1190 1009 1256 1080; x_wconf 91' lang='lat' dir='ltr'>boc</span> <span class='ocrx_word' id='word_1_34' title='bbox 1270 1010 1635 1081; x_wconf 82' lang='lat' dir='ltr'>excommunicaretur</span> <span class='ocrx_word' id='word_1_35' title='bbox 1648 1033 1711 1103; x_wconf 92' lang='lat' dir='ltr'>per</span> <span class='ocrx_word' id='word_1_36' title='bbox 1727 1034 1867 1106; x_wconf 88' lang='lat' dir='ltr'>papam,</span> 
     </span>
     <span class='ocr_line' id='line_1_5' title="bbox 443 1107 1870 1199; baseline 0.002 -20"><span class='ocrx_word' id='word_1_37' title='bbox 443 1110 522 1179; x_wconf 92' lang='lat' dir='ltr'>talis</span> <span class='ocrx_word' id='word_1_38' title='bbox 541 1109 855 1179; x_wconf 82' lang='lat' dir='ltr'>excommunicatio</span> <span class='ocrx_word' id='word_1_39' title='bbox 880 1119 974 1179; x_wconf 90' lang='lat' dir='ltr'>esset</span> <span class='ocrx_word' id='word_1_40' title='bbox 996 1108 1124 1198; x_wconf 86' lang='lat' dir='ltr'>injusta</span> <span class='ocrx_word' id='word_1_41' title='bbox 1150 1119 1186 1178; x_wconf 91' lang='lat' dir='ltr'>et</span> <span class='ocrx_word' id='word_1_42' title='bbox 1204 1129 1281 1178; x_wconf 92' lang='lat' dir='ltr'>eam</span> <span class='ocrx_word' id='word_1_43' title='bbox 1310 1129 1379 1178; x_wconf 93' lang='lat' dir='ltr'>non</span> <span class='ocrx_word' id='word_1_44' title='bbox 1399 1107 1546 1199; x_wconf 90' lang='lat' dir='ltr'>ligaret;</span> <span class='ocrx_word' id='word_1_45' title='bbox 1569 1119 1604 1178; x_wconf 91' lang='lat' dir='ltr'>et</span> <span class='ocrx_word' id='word_1_46' title='bbox 1628 1111 1660 1179; x_wconf 89' lang='lat' dir='ltr'>si</span> <span class='ocrx_word' id='word_1_47' title='bbox 1678 1112 1870 1182; x_wconf 86' lang='lat' dir='ltr'>sustineret</span> 
     </span>
     <span class='ocr_line' id='line_1_6' title="bbox 443 1204 1871 1300; baseline 0.004 -25"><span class='ocrx_word' id='word_1_48' title='bbox 443 1217 583 1300; x_wconf 90' lang='lat' dir='ltr'>propter</span> <span class='ocrx_word' id='word_1_49' title='bbox 604 1206 669 1276; x_wconf 91' lang='lat' dir='ltr'>hnc</span> <span class='ocrx_word' id='word_1_50' title='bbox 690 1216 858 1292; x_wconf 90' lang='lat' dir='ltr'>mortem,</span> <span class='ocrx_word' id='word_1_51' title='bbox 877 1218 970 1275; x_wconf 90' lang='lat' dir='ltr'>esset</span> <span class='ocrx_word' id='word_1_52' title='bbox 991 1204 1123 1274; x_wconf 89' lang='lat' dir='ltr'>martir.</span> <span class='ocrx_word' id='word_1_53' title='bbox 1144 1205 1247 1293; x_wconf 91' lang='lat' dir='ltr'>ltem,</span> <span class='ocrx_word' id='word_1_54' title='bbox 1267 1206 1404 1276; x_wconf 91' lang='lat' dir='ltr'>addunt</span> <span class='ocrx_word' id='word_1_55' title='bbox 1429 1218 1464 1275; x_wconf 90' lang='lat' dir='ltr'>et</span> <span class='ocrx_word' id='word_1_56' title='bbox 1483 1205 1605 1276; x_wconf 90' lang='lat' dir='ltr'>dicunt</span> <span class='ocrx_word' id='word_1_57' title='bbox 1623 1206 1734 1299; x_wconf 80' lang='lat' dir='ltr'>aliqui</span> <span class='ocrx_word' id='word_1_58' title='bbox 1752 1230 1798 1278; x_wconf 87' lang='lat' dir='ltr'>ex</span> <span class='ocrx_word' id='word_1_59' title='bbox 1819 1212 1871 1281; x_wconf 91' lang='lat' dir='ltr'>eis</span> 
     </span>
     <span class='ocr_line' id='line_1_7' title="bbox 442 1301 1867 1396; baseline 0.003 -24"><span class='ocrx_word' id='word_1_60' title='bbox 442 1305 537 1396; x_wconf 93' lang='lat' dir='ltr'>quod</span> <span class='ocrx_word' id='word_1_61' title='bbox 556 1303 585 1372; x_wconf 90' lang='lat' dir='ltr'>si</span> <span class='ocrx_word' id='word_1_62' title='bbox 601 1324 749 1396; x_wconf 92' lang='lat' dir='ltr'>persona</span> <span class='ocrx_word' id='word_1_63' title='bbox 765 1325 834 1396; x_wconf 91' lang='lat' dir='ltr'>que</span> <span class='ocrx_word' id='word_1_64' title='bbox 853 1303 992 1373; x_wconf 84' lang='lat' dir='ltr'>lecisset</span> <span class='ocrx_word' id='word_1_65' title='bbox 1009 1314 1129 1374; x_wconf 92' lang='lat' dir='ltr'>votum</span> <span class='ocrx_word' id='word_1_66' title='bbox 1147 1304 1315 1373; x_wconf 89' lang='lat' dir='ltr'>castitatis</span> <span class='ocrx_word' id='word_1_67' title='bbox 1338 1301 1560 1374; x_wconf 88' lang='lat' dir='ltr'>contraheret</span> <span class='ocrx_word' id='word_1_68' title='bbox 1582 1306 1867 1394; x_wconf 89' lang='lat' dir='ltr'>matrimonium,</span> 
     </span>
     <span class='ocr_line' id='line_1_8' title="bbox 419 1400 1871 1494; baseline 0.003 -22"><span class='ocrx_word' id='word_1_69' title='bbox 419 1428 420 1431; x_wconf 43' lang='lat'>¹</span> <span class='ocrx_word' id='word_1_70' title='bbox 443 1403 546 1472; x_wconf 89' lang='lat' dir='ltr'>etiam</span> <span class='ocrx_word' id='word_1_71' title='bbox 567 1422 645 1471; x_wconf 92' lang='lat' dir='ltr'>cum</span> <span class='ocrx_word' id='word_1_72' title='bbox 668 1402 930 1494; x_wconf 86' lang='lat' dir='ltr'>dispensatione</span> <span class='ocrx_word' id='word_1_73' title='bbox 951 1421 1056 1494; x_wconf 92' lang='lat' dir='ltr'>pape,</span> <span class='ocrx_word' id='word_1_74' title='bbox 1079 1400 1147 1471; x_wconf 88' lang='lat' dir='ltr'>tale</span> <span class='ocrx_word' id='word_1_75' title='bbox 1168 1403 1427 1472; x_wconf 87' lang='lat' dir='ltr'>matrimonium</span> <span class='ocrx_word' id='word_1_76' title='bbox 1448 1421 1518 1471; x_wconf 91' lang='lat' dir='ltr'>nnn</span> <span class='ocrx_word' id='word_1_77' title='bbox 1537 1412 1631 1471; x_wconf 87' lang='lat' dir='ltr'>esset</span> <span class='ocrx_word' id='word_1_78' title='bbox 1650 1423 1777 1473; x_wconf 88' lang='lat' dir='ltr'>verum</span> <span class='ocrx_word' id='word_1_79' title='bbox 1808 1426 1871 1476; x_wconf 89' lang='lat' dir='ltr'>nec</span> 
     </span>
     <span class='ocr_line' id='line_1_9' title="bbox 441 1497 1870 1589; baseline 0.004 -23"><span class='ocrx_word' id='word_1_80' title='bbox 441 1499 653 1589; x_wconf 88' lang='lat' dir='ltr'>legitimum,</span> <span class='ocrx_word' id='word_1_81' title='bbox 680 1511 715 1568; x_wconf 91' lang='lat' dir='ltr'>et</span> <span class='ocrx_word' id='word_1_82' title='bbox 738 1497 799 1568; x_wconf 89' lang='lat' dir='ltr'>filii</span> <span class='ocrx_word' id='word_1_83' title='bbox 826 1499 908 1568; x_wconf 91' lang='lat' dir='ltr'>inde</span> <span class='ocrx_word' id='word_1_84' title='bbox 931 1501 1003 1567; x_wconf 90' lang='lat' dir='ltr'>nati</span> <span class='ocrx_word' id='word_1_85' title='bbox 1034 1520 1103 1569; x_wconf 94' lang='lat' dir='ltr'>non</span> <span class='ocrx_word' id='word_1_86' title='bbox 1126 1509 1245 1568; x_wconf 90' lang='lat' dir='ltr'>esseut</span> <span class='ocrx_word' id='word_1_87' title='bbox 1270 1498 1416 1589; x_wconf 80' lang='lat' dir='ltr'>legitimi</span> <span class='ocrx_word' id='word_1_88' title='bbox 1440 1497 1504 1568; x_wconf 88' lang='lat' dir='ltr'>sed</span> <span class='ocrx_word' id='word_1_89' title='bbox 1527 1498 1733 1570; x_wconf 89' lang='lat' dir='ltr'>adulterini.</span> <span class='ocrx_word' id='word_1_90' title='bbox 1761 1501 1870 1587; x_wconf 87' lang='lat' dir='ltr'>Item,</span> 
     </span>
     <span class='ocr_line' id='line_1_10' title="bbox 439 1594 1869 1690; baseline 0.004 -25"><span class='ocrx_word' id='word_1_91' title='bbox 439 1596 559 1666; x_wconf 93' lang='lat' dir='ltr'>dicunt</span> <span class='ocrx_word' id='word_1_92' title='bbox 578 1596 673 1688; x_wconf 95' lang='lat' dir='ltr'>quod</span> <span class='ocrx_word' id='word_1_93' title='bbox 698 1597 821 1688; x_wconf 89' lang='lat' dir='ltr'>prelati</span> <span class='ocrx_word' id='word_1_94' title='bbox 845 1607 880 1666; x_wconf 90' lang='lat' dir='ltr'>et</span> <span class='ocrx_word' id='word_1_95' title='bbox 900 1596 1053 1686; x_wconf 83' lang='lat' dir='ltr'>religiosi</span> <span class='ocrx_word' id='word_1_96' title='bbox 1078 1594 1247 1666; x_wconf 90' lang='lat' dir='ltr'>babentes</span> <span class='ocrx_word' id='word_1_97' title='bbox 1274 1608 1387 1665; x_wconf 87' lang='lat' dir='ltr'>vestes</span> <span class='ocrx_word' id='word_1_98' title='bbox 1407 1595 1603 1688; x_wconf 85' lang='lat' dir='ltr'>superfluas</span> <span class='ocrx_word' id='word_1_99' title='bbox 1626 1607 1661 1667; x_wconf 91' lang='lat' dir='ltr'>et</span> <span class='ocrx_word' id='word_1_100' title='bbox 1690 1599 1869 1690; x_wconf 87' lang='lat' dir='ltr'>preciosas</span> 
     </span>
     <span class='ocr_line' id='line_1_11' title="bbox 440 1693 1868 1787; baseline 0.004 -25"><span class='ocrx_word' id='word_1_101' title='bbox 440 1693 570 1763; x_wconf 84' lang='lat' dir='ltr'>faciunt</span> <span class='ocrx_word' id='word_1_102' title='bbox 598 1704 719 1764; x_wconf 92' lang='lat' dir='ltr'>contra</span> <span class='ocrx_word' id='word_1_103' title='bbox 750 1693 996 1787; x_wconf 88' lang='lat' dir='ltr'>perlectionem</span> <span class='ocrx_word' id='word_1_104' title='bbox 1016 1693 1197 1783; x_wconf 83' lang='lat' dir='ltr'>Evangelii</span> <span class='ocrx_word' id='word_1_105' title='bbox 1228 1703 1262 1762; x_wconf 93' lang='lat' dir='ltr'>et</span> <span class='ocrx_word' id='word_1_106' title='bbox 1291 1704 1413 1764; x_wconf 88' lang='lat' dir='ltr'>contra</span> <span class='ocrx_word' id='word_1_107' title='bbox 1440 1704 1642 1787; x_wconf 88' lang='lat' dir='ltr'>preceptum</span> <span class='ocrx_word' id='word_1_108' title='bbox 1673 1694 1803 1766; x_wconf 88' lang='lat' dir='ltr'>Christi</span> <span class='ocrx_word' id='word_1_109' title='bbox 1833 1707 1868 1768; x_wconf 83' lang='lat' dir='ltr'>et</span> 
     </span>
     <span class='ocr_line' id='line_1_12' title="bbox 435 1790 1869 1888; baseline 0.002 -28"><span class='ocrx_word' id='word_1_110' title='bbox 435 1792 535 1881; x_wconf 87' lang='lat' dir='ltr'>juxta</span> <span class='ocrx_word' id='word_1_111' title='bbox 564 1802 764 1884; x_wconf 91' lang='lat' dir='ltr'>preceptum</span> <span class='ocrx_word' id='word_1_112' title='bbox 785 1790 1036 1877; x_wconf 86' lang='lat' dir='ltr'>Anti-Christi,</span> <span class='ocrx_word' id='word_1_113' title='bbox 1058 1800 1092 1860; x_wconf 88' lang='lat' dir='ltr'>et</span> <span class='ocrx_word' id='word_1_114' title='bbox 1114 1792 1200 1861; x_wconf 90' lang='lat' dir='ltr'>tales</span> <span class='ocrx_word' id='word_1_115' title='bbox 1219 1811 1260 1860; x_wconf 92' lang='lat' dir='ltr'>ac</span> <span class='ocrx_word' id='word_1_116' title='bbox 1281 1791 1384 1861; x_wconf 91' lang='lat' dir='ltr'>etiam</span> <span class='ocrx_word' id='word_1_117' title='bbox 1409 1791 1527 1861; x_wconf 88' lang='lat' dir='ltr'>clerici</span> <span class='ocrx_word' id='word_1_118' title='bbox 1546 1792 1751 1864; x_wconf 90' lang='lat' dir='ltr'>incedentes</span> <span class='ocrx_word' id='word_1_119' title='bbox 1768 1816 1869 1888; x_wconf 92' lang='lat' dir='ltr'>pom-</span> 
     </span>
     <span class='ocr_line' id='line_1_13' title="bbox 441 1885 1871 1986; baseline 0.003 -28"><span class='ocrx_word' id='word_1_120' title='bbox 441 1910 524 1980; x_wconf 88' lang='lat' dir='ltr'>pose</span> <span class='ocrx_word' id='word_1_121' title='bbox 548 1899 630 1958; x_wconf 93' lang='lat' dir='ltr'>sunt</span> <span class='ocrx_word' id='word_1_122' title='bbox 653 1889 698 1959; x_wconf 89' lang='lat' dir='ltr'>de</span> <span class='ocrx_word' id='word_1_123' title='bbox 727 1888 854 1958; x_wconf 80' lang='lat' dir='ltr'>familia</span> <span class='ocrx_word' id='word_1_124' title='bbox 889 1885 930 1983; x_wconf 81' lang='lat' dir='ltr'>[l0</span> <span class='ocrx_word' id='word_1_125' title='bbox 958 1887 1025 1957; x_wconf 76' lang='lat' dir='ltr'>tlt</span> <span class='ocrx_word' id='word_1_126' title='bbox 1050 1885 1084 1984; x_wconf 80' lang='lat' dir='ltr'>a]</span> <span class='ocrx_word' id='word_1_127' title='bbox 1112 1887 1353 1958; x_wconf 81' lang='lat' dir='ltr'>Anti-Christi.</span> <span class='ocrx_word' id='word_1_128' title='bbox 1384 1888 1491 1973; x_wconf 91' lang='lat' dir='ltr'>ltem,</span> <span class='ocrx_word' id='word_1_129' title='bbox 1522 1889 1644 1959; x_wconf 92' lang='lat' dir='ltr'>dicunt</span> <span class='ocrx_word' id='word_1_130' title='bbox 1670 1891 1780 1983; x_wconf 93' lang='lat' dir='ltr'>quod.</span> <span class='ocrx_word' id='word_1_131' title='bbox 1802 1893 1871 1986; x_wconf 87' lang='lat' dir='ltr'>ipsi</span> 
     </span>
     <span class='ocr_line' id='line_1_14' title="bbox 437 1985 1863 2081; baseline 0.005 -28"><span class='ocrx_word' id='word_1_132' title='bbox 437 1985 586 2077; x_wconf 91' lang='lat' dir='ltr'>Bequini</span> <span class='ocrx_word' id='word_1_133' title='bbox 600 2008 663 2056; x_wconf 93' lang='lat' dir='ltr'>seu</span> <span class='ocrx_word' id='word_1_134' title='bbox 681 1986 855 2078; x_wconf 88' lang='lat' dir='ltr'>Pauperes</span> <span class='ocrx_word' id='word_1_135' title='bbox 870 1986 915 2056; x_wconf 90' lang='lat' dir='ltr'>de</span> <span class='ocrx_word' id='word_1_136' title='bbox 934 1986 1041 2057; x_wconf 93' lang='lat' dir='ltr'>tercio</span> <span class='ocrx_word' id='word_1_137' title='bbox 1055 1986 1179 2056; x_wconf 88' lang='lat' dir='ltr'>ordine</span> <span class='ocrx_word' id='word_1_138' title='bbox 1200 2008 1268 2057; x_wconf 93' lang='lat' dir='ltr'>non</span> <span class='ocrx_word' id='word_1_139' title='bbox 1290 1998 1453 2055; x_wconf 88' lang='lat' dir='ltr'>tenentur</span> <span class='ocrx_word' id='word_1_140' title='bbox 1466 1988 1587 2076; x_wconf 83' lang='lat' dir='ltr'>jurare</span> <span class='ocrx_word' id='word_1_141' title='bbox 1610 2008 1729 2058; x_wconf 92' lang='lat' dir='ltr'>coram</span> <span class='ocrx_word' id='word_1_142' title='bbox 1751 1991 1863 2081; x_wconf 91' lang='lat' dir='ltr'>prela·</span> 
     </span>
     <span class='ocr_line' id='line_1_15' title="bbox 440 2083 1868 2178; baseline 0.005 -26"><span class='ocrx_word' id='word_1_143' title='bbox 440 2083 482 2153; x_wconf 90' lang='lat' dir='ltr'>tis</span> <span class='ocrx_word' id='word_1_144' title='bbox 501 2097 536 2153; x_wconf 90' lang='lat' dir='ltr'>et</span> <span class='ocrx_word' id='word_1_145' title='bbox 558 2084 847 2175; x_wconf 86' lang='lat' dir='ltr'>inquisitoribus,</span> <span class='ocrx_word' id='word_1_146' title='bbox 869 2084 1031 2176; x_wconf 92' lang='lat' dir='ltr'>quamvis</span> <span class='ocrx_word' id='word_1_147' title='bbox 1050 2083 1156 2154; x_wconf 92' lang='lat' dir='ltr'>delati</span> <span class='ocrx_word' id='word_1_148' title='bbox 1175 2083 1245 2153; x_wconf 91' lang='lat' dir='ltr'>sint</span> <span class='ocrx_word' id='word_1_149' title='bbox 1261 2083 1305 2153; x_wconf 94' lang='lat' dir='ltr'>de</span> <span class='ocrx_word' id='word_1_150' title='bbox 1324 2095 1419 2154; x_wconf 88' lang='lat' dir='ltr'>secta</span> <span class='ocrx_word' id='word_1_151' title='bbox 1435 2095 1471 2153; x_wconf 87' lang='lat' dir='ltr'>et</span> <span class='ocrx_word' id='word_1_152' title='bbox 1492 2084 1605 2154; x_wconf 91' lang='lat' dir='ltr'>heresi</span> <span class='ocrx_word' id='word_1_153' title='bbox 1624 2084 1868 2178; x_wconf 89' lang='lat' dir='ltr'>Bequiuornm</span> 
     </span>
     <span class='ocr_line' id='line_1_16' title="bbox 435 2180 1868 2274; baseline 0.004 -24"><span class='ocrx_word' id='word_1_154' title='bbox 435 2182 481 2250; x_wconf 91' lang='lat' dir='ltr'>ad</span> <span class='ocrx_word' id='word_1_155' title='bbox 506 2182 791 2274; x_wconf 90' lang='lat' dir='ltr'>respondendum</span> <span class='ocrx_word' id='word_1_156' title='bbox 812 2183 884 2274; x_wconf 82' lang='lat' dir='ltr'>eis,</span> <span class='ocrx_word' id='word_1_157' title='bbox 907 2181 973 2253; x_wconf 93' lang='lat' dir='ltr'>nisi</span> <span class='ocrx_word' id='word_1_158' title='bbox 995 2182 1107 2252; x_wconf 91' lang='lat' dir='ltr'>solum</span> <span class='ocrx_word' id='word_1_159' title='bbox 1130 2181 1175 2251; x_wconf 89' lang='lat' dir='ltr'>de</span> <span class='ocrx_word' id='word_1_160' title='bbox 1203 2180 1272 2251; x_wconf 89' lang='lat' dir='ltr'>lide</span> <span class='ocrx_word' id='word_1_161' title='bbox 1300 2192 1361 2250; x_wconf 93' lang='lat' dir='ltr'>aut</span> <span class='ocrx_word' id='word_1_162' title='bbox 1386 2181 1431 2251; x_wconf 88' lang='lat' dir='ltr'>de</span> <span class='ocrx_word' id='word_1_163' title='bbox 1456 2180 1612 2252; x_wconf 89' lang='lat' dir='ltr'>articulis</span> <span class='ocrx_word' id='word_1_164' title='bbox 1630 2181 1726 2254; x_wconf 88' lang='lat' dir='ltr'>fidei.</span> <span class='ocrx_word' id='word_1_165' title='bbox 1753 2184 1868 2274; x_wconf 88' lang='lat' dir='ltr'>ltem,</span> 
     </span>
     <span class='ocr_line' id='line_1_17' title="bbox 438 2278 1869 2373; baseline 0.005 -25"><span class='ocrx_word' id='word_1_166' title='bbox 438 2280 574 2348; x_wconf 91' lang='lat' dir='ltr'>addunt</span> <span class='ocrx_word' id='word_1_167' title='bbox 592 2291 627 2349; x_wconf 92' lang='lat' dir='ltr'>et</span> <span class='ocrx_word' id='word_1_168' title='bbox 644 2280 766 2349; x_wconf 88' lang='lat' dir='ltr'>dicunt</span> <span class='ocrx_word' id='word_1_169' title='bbox 783 2280 877 2373; x_wconf 94' lang='lat' dir='ltr'>quod</span> <span class='ocrx_word' id='word_1_170' title='bbox 899 2301 961 2372; x_wconf 91' lang='lat' dir='ltr'>per</span> <span class='ocrx_word' id='word_1_171' title='bbox 980 2279 1132 2372; x_wconf 90' lang='lat' dir='ltr'>prelatos</span> <span class='ocrx_word' id='word_1_172' title='bbox 1151 2290 1211 2348; x_wconf 90' lang='lat' dir='ltr'>aut</span> <span class='ocrx_word' id='word_1_173' title='bbox 1227 2278 1453 2371; x_wconf 88' lang='lat' dir='ltr'>inquisitores</span> <span class='ocrx_word' id='word_1_174' title='bbox 1476 2301 1544 2350; x_wconf 91' lang='lat' dir='ltr'>non</span> <span class='ocrx_word' id='word_1_175' title='bbox 1565 2279 1696 2351; x_wconf 91' lang='lat' dir='ltr'>debent</span> <span class='ocrx_word' id='word_1_176' title='bbox 1714 2282 1869 2356; x_wconf 89' lang='lat' dir='ltr'>interro·</span> 
     </span>
     <span class='ocr_line' id='line_1_18' title="bbox 427 2375 1868 2471; baseline 0.005 -25"><span class='ocrx_word' id='word_1_177' title='bbox 427 2377 513 2466; x_wconf 83' lang='lat' dir='ltr'>gari</span> <span class='ocrx_word' id='word_1_178' title='bbox 536 2379 604 2447; x_wconf 91' lang='lat' dir='ltr'>nisi</span> <span class='ocrx_word' id='word_1_179' title='bbox 623 2378 736 2447; x_wconf 93' lang='lat' dir='ltr'>solum</span> <span class='ocrx_word' id='word_1_180' title='bbox 756 2378 801 2447; x_wconf 91' lang='lat' dir='ltr'>de</span> <span class='ocrx_word' id='word_1_181' title='bbox 819 2376 975 2447; x_wconf 91' lang='lat' dir='ltr'>articulis</span> <span class='ocrx_word' id='word_1_182' title='bbox 996 2375 1099 2463; x_wconf 91' lang='lat' dir='ltr'>fidei,</span> <span class='ocrx_word' id='word_1_183' title='bbox 1121 2387 1181 2446; x_wconf 89' lang='lat' dir='ltr'>aut</span> <span class='ocrx_word' id='word_1_184' title='bbox 1200 2377 1245 2447; x_wconf 90' lang='lat' dir='ltr'>de</span> <span class='ocrx_word' id='word_1_185' title='bbox 1265 2377 1451 2468; x_wconf 90' lang='lat' dir='ltr'>preceptis,</span> <span class='ocrx_word' id='word_1_186' title='bbox 1472 2387 1533 2446; x_wconf 90' lang='lat' dir='ltr'>aut</span> <span class='ocrx_word' id='word_1_187' title='bbox 1552 2377 1597 2448; x_wconf 90' lang='lat' dir='ltr'>de</span> <span class='ocrx_word' id='word_1_188' title='bbox 1616 2383 1868 2471; x_wconf 89' lang='lat' dir='ltr'>sacramentis;</span> 
     </span>
     <span class='ocr_line' id='line_1_19' title="bbox 439 2474 1868 2568; baseline 0.004 -24"><span class='ocrx_word' id='word_1_189' title='bbox 439 2485 473 2544; x_wconf 89' lang='lat' dir='ltr'>et</span> <span class='ocrx_word' id='word_1_190' title='bbox 492 2475 521 2544; x_wconf 90' lang='lat' dir='ltr'>si</span> <span class='ocrx_word' id='word_1_191' title='bbox 539 2474 798 2566; x_wconf 88' lang='lat' dir='ltr'>interrogentur</span> <span class='ocrx_word' id='word_1_192' title='bbox 817 2475 862 2544; x_wconf 90' lang='lat' dir='ltr'>de</span> <span class='ocrx_word' id='word_1_193' title='bbox 881 2474 959 2545; x_wconf 90' lang='lat' dir='ltr'>aliis</span> <span class='ocrx_word' id='word_1_194' title='bbox 971 2496 1040 2546; x_wconf 93' lang='lat' dir='ltr'>non</span> <span class='ocrx_word' id='word_1_195' title='bbox 1061 2485 1223 2545; x_wconf 89' lang='lat' dir='ltr'>tenentur</span> <span class='ocrx_word' id='word_1_196' title='bbox 1243 2474 1470 2567; x_wconf 83' lang='lat' dir='ltr'>respondere,</span> <span class='ocrx_word' id='word_1_197' title='bbox 1492 2496 1571 2544; x_wconf 91' lang='lat' dir='ltr'>cnm</span> <span class='ocrx_word' id='word_1_198' title='bbox 1591 2479 1675 2560; x_wconf 91' lang='lat' dir='ltr'>sint,</span> <span class='ocrx_word' id='word_1_199' title='bbox 1698 2488 1737 2548; x_wconf 89' lang='lat' dir='ltr'>ut</span> <span class='ocrx_word' id='word_1_200' title='bbox 1754 2479 1868 2568; x_wconf 92' lang='lat' dir='ltr'>aiunt,</span> 
     </span>
     <span class='ocr_line' id='line_1_20' title="bbox 441 2570 1867 2666; baseline 0.006 -26"><span class='ocrx_word' id='word_1_201' title='bbox 441 2571 531 2666; x_wconf 82' lang='lat' dir='ltr'>layci</span> <span class='ocrx_word' id='word_1_202' title='bbox 551 2584 586 2642; x_wconf 91' lang='lat' dir='ltr'>et</span> <span class='ocrx_word' id='word_1_203' title='bbox 605 2572 764 2643; x_wconf 92' lang='lat' dir='ltr'>homines</span> <span class='ocrx_word' id='word_1_204' title='bbox 781 2572 978 2665; x_wconf 83' lang='lat' dir='ltr'>simplices3</span> <span class='ocrx_word' id='word_1_205' title='bbox 1000 2584 1083 2642; x_wconf 93' lang='lat' dir='ltr'>sunt</span> <span class='ocrx_word' id='word_1_206' title='bbox 1106 2583 1222 2642; x_wconf 93' lang='lat' dir='ltr'>tamen</span> <span class='ocrx_word' id='word_1_207' title='bbox 1244 2572 1371 2660; x_wconf 91' lang='lat' dir='ltr'>astuti,</span> <span class='ocrx_word' id='word_1_208' title='bbox 1392 2570 1509 2643; x_wconf 92' lang='lat' dir='ltr'>callidi</span> <span class='ocrx_word' id='word_1_209' title='bbox 1530 2585 1565 2643; x_wconf 88' lang='lat' dir='ltr'>et</span> <span class='ocrx_word' id='word_1_210' title='bbox 1585 2575 1734 2645; x_wconf 88' lang='lat' dir='ltr'>versuti.</span> <span class='ocrx_word' id='word_1_211' title='bbox 1756 2575 1867 2666; x_wconf 91' lang='lat' dir='ltr'>ltem,</span> 
     </span>
     <span class='ocr_line' id='line_1_21' title="bbox 438 2669 1871 2763; baseline 0.003 -25"><span class='ocrx_word' id='word_1_212' title='bbox 438 2669 559 2739; x_wconf 88' lang='lat' dir='ltr'>dicunt</span> <span class='ocrx_word' id='word_1_213' title='bbox 578 2670 673 2760; x_wconf 94' lang='lat' dir='ltr'>quod</span> <span class='ocrx_word' id='word_1_214' title='bbox 694 2691 763 2741; x_wconf 94' lang='lat' dir='ltr'>non</span> <span class='ocrx_word' id='word_1_215' title='bbox 782 2679 944 2740; x_wconf 87' lang='lat' dir='ltr'>tenentur</span> <span class='ocrx_word' id='word_1_216' title='bbox 957 2670 1077 2761; x_wconf 90' lang='lat' dir='ltr'>jurare</span> <span class='ocrx_word' id='word_1_217' title='bbox 1096 2690 1159 2739; x_wconf 93' lang='lat' dir='ltr'>neo</span> <span class='ocrx_word' id='word_1_218' title='bbox 1175 2671 1375 2761; x_wconf 89' lang='lat' dir='ltr'>juramento</span> <span class='ocrx_word' id='word_1_219' title='bbox 1391 2681 1537 2763; x_wconf 89' lang='lat' dir='ltr'>possunt</span> <span class='ocrx_word' id='word_1_220' title='bbox 1556 2684 1617 2741; x_wconf 89' lang='lat' dir='ltr'>aut</span> <span class='ocrx_word' id='word_1_221' title='bbox 1633 2672 1765 2743; x_wconf 90' lang='lat' dir='ltr'>debent</span> <span class='ocrx_word' id='word_1_222' title='bbox 1783 2675 1871 2745; x_wconf 92' lang='lat' dir='ltr'>obli·</span> 
     </span>
     <span class='ocr_line' id='line_1_22' title="bbox 437 2766 1870 2862; baseline 0.005 -26"><span class='ocrx_word' id='word_1_223' title='bbox 437 2769 533 2857; x_wconf 89' lang='lat' dir='ltr'>gari,</span> <span class='ocrx_word' id='word_1_224' title='bbox 564 2767 659 2858; x_wconf 94' lang='lat' dir='ltr'>quod</span> <span class='ocrx_word' id='word_1_225' title='bbox 690 2788 773 2838; x_wconf 92' lang='lat' dir='ltr'>suos</span> <span class='ocrx_word' id='word_1_226' title='bbox 799 2766 1007 2855; x_wconf 88' lang='lat' dir='ltr'>credentes,</span> <span class='ocrx_word' id='word_1_227' title='bbox 1036 2778 1071 2838; x_wconf 90' lang='lat' dir='ltr'>et</span> <span class='ocrx_word' id='word_1_228' title='bbox 1097 2767 1285 2860; x_wconf 90' lang='lat' dir='ltr'>complices</span> <span class='ocrx_word' id='word_1_229' title='bbox 1313 2778 1374 2837; x_wconf 94' lang='lat' dir='ltr'>aut</span> <span class='ocrx_word' id='word_1_230' title='bbox 1405 2779 1587 2839; x_wconf 88' lang='lat' dir='ltr'>consortes</span> <span class='ocrx_word' id='word_1_231' title='bbox 1615 2769 1783 2862; x_wconf 87' lang='lat' dir='ltr'>detegant</span> <span class='ocrx_word' id='word_1_232' title='bbox 1807 2783 1870 2843; x_wconf 90' lang='lat' dir='ltr'>aut</span> 
     </span>
     <span class='ocr_line' id='line_1_23' title="bbox 438 2864 1868 2960; baseline 0.006 -28"><span class='ocrx_word' id='word_1_233' title='bbox 438 2865 613 2951; x_wconf 88' lang='lat' dir='ltr'>revelent,</span> <span class='ocrx_word' id='word_1_234' title='bbox 643 2866 745 2956; x_wconf 92' lang='lat' dir='ltr'>quia,</span> <span class='ocrx_word' id='word_1_235' title='bbox 780 2878 817 2934; x_wconf 91' lang='lat' dir='ltr'>ut</span> <span class='ocrx_word' id='word_1_236' title='bbox 847 2864 989 2952; x_wconf 90' lang='lat' dir='ltr'>dicunt,</span> <span class='ocrx_word' id='word_1_237' title='bbox 1019 2864 1086 2936; x_wconf 91' lang='lat' dir='ltr'>boc</span> <span class='ocrx_word' id='word_1_238' title='bbox 1118 2877 1211 2936; x_wconf 87' lang='lat' dir='ltr'>asset</span> <span class='ocrx_word' id='word_1_239' title='bbox 1239 2874 1360 2935; x_wconf 90' lang='lat' dir='ltr'>contra</span> <span class='ocrx_word' id='word_1_240' title='bbox 1384 2865 1563 2936; x_wconf 85' lang='lat' dir='ltr'>caritatem</span> <span class='ocrx_word' id='word_1_241' title='bbox 1585 2869 1737 2960; x_wconf 81' lang='lat' dir='ltr'>proximi</span> <span class='ocrx_word' id='word_1_242' title='bbox 1765 2880 1801 2940; x_wconf 93' lang='lat' dir='ltr'>et</span> <span class='ocrx_word' id='word_1_243' title='bbox 1833 2870 1868 2940; x_wconf 93' lang='lat' dir='ltr'>in</span> 
     </span>
     <span class='ocr_line' id='line_1_24' title="bbox 437 2961 1869 3059; baseline 0.006 -29"><span class='ocrx_word' id='word_1_244' title='bbox 437 2961 627 3054; x_wconf 92' lang='lat' dir='ltr'>dampnum</span> <span class='ocrx_word' id='word_1_245' title='bbox 648 2962 738 3056; x_wconf 88' lang='lat' dir='ltr'>ejus.</span> <span class='ocrx_word' id='word_1_246' title='bbox 766 2963 872 3048; x_wconf 88' lang='lat' dir='ltr'>ltem,</span> <span class='ocrx_word' id='word_1_247' title='bbox 897 2962 1019 3032; x_wconf 91' lang='lat' dir='ltr'>dicunt</span> <span class='ocrx_word' id='word_1_248' title='bbox 1044 2961 1193 3054; x_wconf 92' lang='lat' dir='ltr'>quodsi</span> <span class='ocrx_word' id='word_1_249' title='bbox 1223 2963 1611 3034; x_wconf 82' lang='lat' dir='ltr'>excommunicarentur</span> <span class='ocrx_word' id='word_1_250' title='bbox 1637 2978 1781 3059; x_wconf 89' lang='lat' dir='ltr'>propter</span> <span class='ocrx_word' id='word_1_251' title='bbox 1800 2968 1869 3039; x_wconf 91' lang='lat' dir='ltr'>hoc</span> 
     </span>
     <span class='ocr_line' id='line_1_25' title="bbox 439 3059 1868 3156; baseline 0.006 -30"><span class='ocrx_word' id='word_1_252' title='bbox 439 3059 520 3150; x_wconf 92' lang='lat' dir='ltr'>quia</span> <span class='ocrx_word' id='word_1_253' title='bbox 540 3070 703 3130; x_wconf 91' lang='lat' dir='ltr'>recusant</span> <span class='ocrx_word' id='word_1_254' title='bbox 716 3062 835 3151; x_wconf 88' lang='lat' dir='ltr'>jurare</span> <span class='ocrx_word' id='word_1_255' title='bbox 854 3059 1059 3153; x_wconf 90' lang='lat' dir='ltr'>simpliciter</span> <span class='ocrx_word' id='word_1_256' title='bbox 1082 3070 1116 3130; x_wconf 89' lang='lat' dir='ltr'>et</span> <span class='ocrx_word' id='word_1_257' title='bbox 1136 3060 1296 3131; x_wconf 89' lang='lat' dir='ltr'>absolute</span> <span class='ocrx_word' id='word_1_258' title='bbox 1316 3061 1361 3131; x_wconf 88' lang='lat' dir='ltr'>de</span> <span class='ocrx_word' id='word_1_259' title='bbox 1381 3064 1529 3132; x_wconf 89' lang='lat' dir='ltr'>veritate</span> <span class='ocrx_word' id='word_1_260' title='bbox 1548 3062 1698 3133; x_wconf 87' lang='lat' dir='ltr'>dicenda</span> <span class='ocrx_word' id='word_1_261' title='bbox 1718 3062 1754 3133; x_wconf 96' lang='lat' dir='ltr'>in</span> <span class='ocrx_word' id='word_1_262' title='bbox 1769 3065 1868 3156; x_wconf 87' lang='lat' dir='ltr'>judi-</span> 
     </span>
     <span class='ocr_line' id='line_1_26' title="bbox 437 3155 1866 3252; baseline 0.006 -28"><span class='ocrx_word' id='word_1_263' title='bbox 437 3156 486 3226; x_wconf 91' lang='lat' dir='ltr'>tio</span> <span class='ocrx_word' id='word_1_264' title='bbox 506 3157 663 3248; x_wconf 88' lang='lat' dir='ltr'>requisiti</span> <span class='ocrx_word' id='word_1_265' title='bbox 684 3157 751 3228; x_wconf 92' lang='lat' dir='ltr'>nisi</span> <span class='ocrx_word' id='word_1_266' title='bbox 771 3169 904 3227; x_wconf 90' lang='lat' dir='ltr'>tantum</span> <span class='ocrx_word' id='word_1_267' title='bbox 929 3157 980 3227; x_wconf 63' lang='lat' dir='ltr'>de,</span> <span class='ocrx_word' id='word_1_268' title='bbox 999 3156 1155 3228; x_wconf 90' lang='lat' dir='ltr'>articulis</span> <span class='ocrx_word' id='word_1_269' title='bbox 1175 3155 1258 3228; x_wconf 85' lang='lat' dir='ltr'>fidei</span> <span class='ocrx_word' id='word_1_270' title='bbox 1275 3170 1336 3228; x_wconf 91' lang='lat' dir='ltr'>aut</span> <span class='ocrx_word' id='word_1_271' title='bbox 1356 3159 1528 3252; x_wconf 87' lang='lat' dir='ltr'>preceptis</span> <span class='ocrx_word' id='word_1_272' title='bbox 1551 3171 1612 3229; x_wconf 93' lang='lat' dir='ltr'>aut</span> <span class='ocrx_word' id='word_1_273' title='bbox 1636 3164 1866 3235; x_wconf 89' lang='lat' dir='ltr'>sacramentis</span> 
     </span>
     <span class='ocr_line' id='line_1_27' title="bbox 438 3254 1867 3351; baseline 0.008 -30"><span class='ocrx_word' id='word_1_274' title='bbox 438 3265 473 3322; x_wconf 93' lang='lat' dir='ltr'>et</span> <span class='ocrx_word' id='word_1_275' title='bbox 491 3254 573 3345; x_wconf 90' lang='lat' dir='ltr'>quia</span> <span class='ocrx_word' id='word_1_276' title='bbox 594 3254 718 3325; x_wconf 93' lang='lat' dir='ltr'>nolunt</span> <span class='ocrx_word' id='word_1_277' title='bbox 736 3255 781 3326; x_wconf 91' lang='lat' dir='ltr'>de</span> <span class='ocrx_word' id='word_1_278' title='bbox 799 3255 877 3325; x_wconf 92' lang='lat' dir='ltr'>aliis</span> <span class='ocrx_word' id='word_1_279' title='bbox 897 3255 1111 3347; x_wconf 89' lang='lat' dir='ltr'>respondere</span> <span class='ocrx_word' id='word_1_280' title='bbox 1128 3267 1164 3325; x_wconf 88' lang='lat' dir='ltr'>et</span> <span class='ocrx_word' id='word_1_281' title='bbox 1182 3258 1264 3348; x_wconf 91' lang='lat' dir='ltr'>quia</span> <span class='ocrx_word' id='word_1_282' title='bbox 1283 3266 1445 3326; x_wconf 87' lang='lat' dir='ltr'>recusant</span> <span class='ocrx_word' id='word_1_283' title='bbox 1458 3278 1542 3328; x_wconf 90' lang='lat' dir='ltr'>suos</span> <span class='ocrx_word' id='word_1_284' title='bbox 1557 3257 1747 3351; x_wconf 90' lang='lat' dir='ltr'>complices</span> <span class='ocrx_word' id='word_1_285' title='bbox 1762 3281 1867 3332; x_wconf 91' lang='lat' dir='ltr'>reve·</span> 
     </span>
     <span class='ocr_line' id='line_1_28' title="bbox 437 3349 1867 3447; baseline 0.009 -30"><span class='ocrx_word' id='word_1_286' title='bbox 437 3349 534 3436; x_wconf 92' lang='lat' dir='ltr'>lare,</span> <span class='ocrx_word' id='word_1_287' title='bbox 560 3352 656 3444; x_wconf 93' lang='lat' dir='ltr'>quod</span> <span class='ocrx_word' id='word_1_288' title='bbox 681 3352 760 3423; x_wconf 85' lang='lat' dir='ltr'>talis</span> <span class='ocrx_word' id='word_1_289' title='bbox 788 3353 1104 3423; x_wconf 86' lang='lat' dir='ltr'>excommunicatio</span> <span class='ocrx_word' id='word_1_290' title='bbox 1132 3364 1186 3422; x_wconf 90' lang='lat' dir='ltr'>est</span> <span class='ocrx_word' id='word_1_291' title='bbox 1209 3353 1336 3444; x_wconf 90' lang='lat' dir='ltr'>injusta</span> <span class='ocrx_word' id='word_1_292' title='bbox 1362 3366 1396 3424; x_wconf 91' lang='lat' dir='ltr'>et</span> <span class='ocrx_word' id='word_1_293' title='bbox 1422 3355 1516 3445; x_wconf 93' lang='lat' dir='ltr'>quod</span> <span class='ocrx_word' id='word_1_294' title='bbox 1542 3376 1611 3426; x_wconf 93' lang='lat' dir='ltr'>non</span> <span class='ocrx_word' id='word_1_295' title='bbox 1640 3355 1724 3447; x_wconf 89' lang='lat' dir='ltr'>ligat</span> <span class='ocrx_word' id='word_1_296' title='bbox 1748 3379 1810 3429; x_wconf 91' lang='lat' dir='ltr'>sos</span> <span class='ocrx_word' id='word_1_297' title='bbox 1831 3369 1867 3430; x_wconf 89' lang='lat' dir='ltr'>et</span> 
     </span>
     <span class='ocr_line' id='line_1_29' title="bbox 439 3450 1866 3546; baseline 0.005 -28"><span class='ocrx_word' id='word_1_298' title='bbox 439 3468 516 3518; x_wconf 89' lang='lat' dir='ltr'>eam</span> <span class='ocrx_word' id='word_1_299' title='bbox 538 3450 675 3542; x_wconf 91' lang='lat' dir='ltr'>penitus</span> <span class='ocrx_word' id='word_1_300' title='bbox 700 3450 971 3543; x_wconf 89' lang='lat' dir='ltr'>parvipendunt.</span> <span class='ocrx_word' id='word_1_301' title='bbox 1001 3451 1108 3537; x_wconf 93' lang='lat' dir='ltr'>ltem,</span> <span class='ocrx_word' id='word_1_302' title='bbox 1133 3451 1255 3520; x_wconf 90' lang='lat' dir='ltr'>dicunt</span> <span class='ocrx_word' id='word_1_303' title='bbox 1277 3451 1373 3543; x_wconf 94' lang='lat' dir='ltr'>quod</span> <span class='ocrx_word' id='word_1_304' title='bbox 1395 3472 1484 3545; x_wconf 89' lang='lat' dir='ltr'>papa</span> <span class='ocrx_word' id='word_1_305' title='bbox 1508 3474 1577 3524; x_wconf 92' lang='lat' dir='ltr'>non</span> <span class='ocrx_word' id='word_1_306' title='bbox 1601 3464 1715 3546; x_wconf 88' lang='lat' dir='ltr'>potest</span> <span class='ocrx_word' id='word_1_307' title='bbox 1739 3476 1866 3527; x_wconf 92' lang='lat' dir='ltr'>secun·</span> 
     </span>
     <span class='ocr_line' id='line_1_30' title="bbox 436 3544 1866 3642; baseline 0.008 -28"><span class='ocrx_word' id='word_1_308' title='bbox 436 3544 520 3614; x_wconf 93' lang='lat' dir='ltr'>dum</span> <span class='ocrx_word' id='word_1_309' title='bbox 545 3547 654 3617; x_wconf 88' lang='lat' dir='ltr'>Deum</span> <span class='ocrx_word' id='word_1_310' title='bbox 676 3547 837 3618; x_wconf 89' lang='lat' dir='ltr'>inhibere</span> <span class='ocrx_word' id='word_1_311' title='bbox 854 3548 1020 3639; x_wconf 89' lang='lat' dir='ltr'>Bequinis</span> <span class='ocrx_word' id='word_1_312' title='bbox 1046 3548 1150 3618; x_wconf 89' lang='lat' dir='ltr'>etiam</span> <span class='ocrx_word' id='word_1_313' title='bbox 1175 3569 1236 3642; x_wconf 93' lang='lat' dir='ltr'>per</span> <span class='ocrx_word' id='word_1_314' title='bbox 1256 3551 1465 3619; x_wconf 90' lang='lat' dir='ltr'>sententiam</span> <span class='ocrx_word' id='word_1_315' title='bbox 1490 3552 1866 3626; x_wconf 88' lang='lat' dir='ltr'>excommunicationis</span> 
     </span>
     <span class='ocr_line' id='line_1_31' title="bbox 435 3644 1868 3739; baseline 0.006 -26"><span class='ocrx_word' id='word_1_316' title='bbox 435 3644 530 3736; x_wconf 91' lang='lat' dir='ltr'>qnod</span> <span class='ocrx_word' id='word_1_317' title='bbox 552 3666 620 3715; x_wconf 92' lang='lat' dir='ltr'>non</span> <span class='ocrx_word' id='word_1_318' title='bbox 643 3645 765 3717; x_wconf 92' lang='lat' dir='ltr'>vivant</span> <span class='ocrx_word' id='word_1_319' title='bbox 782 3646 827 3716; x_wconf 90' lang='lat' dir='ltr'>de</span> <span class='ocrx_word' id='word_1_320' title='bbox 847 3646 1070 3716; x_wconf 87' lang='lat' dir='ltr'>mendicitate</span> <span class='ocrx_word' id='word_1_321' title='bbox 1085 3647 1249 3739; x_wconf 92' lang='lat' dir='ltr'>quamvis</span> <span class='ocrx_word' id='word_1_322' title='bbox 1264 3659 1406 3738; x_wconf 89' lang='lat' dir='ltr'>possent</span> <span class='ocrx_word' id='word_1_323' title='bbox 1423 3647 1582 3718; x_wconf 88' lang='lat' dir='ltr'>laborare</span> <span class='ocrx_word' id='word_1_324' title='bbox 1597 3660 1632 3719; x_wconf 92' lang='lat' dir='ltr'>et</span> <span class='ocrx_word' id='word_1_325' title='bbox 1648 3649 1693 3719; x_wconf 91' lang='lat' dir='ltr'>de</span> <span class='ocrx_word' id='word_1_326' title='bbox 1707 3661 1783 3721; x_wconf 87' lang='lat' dir='ltr'>arte</span> <span class='ocrx_word' id='word_1_327' title='bbox 1802 3673 1868 3723; x_wconf 87' lang='lat' dir='ltr'>sua</span> 
     </span>
     <span class='ocr_line' id='line_1_32' title="bbox 435 3743 1869 3841; baseline 0.007 -30"><span class='ocrx_word' id='word_1_328' title='bbox 435 3744 568 3811; x_wconf 90' lang='lat' dir='ltr'>victum</span> <span class='ocrx_word' id='word_1_329' title='bbox 588 3743 655 3813; x_wconf 90' lang='lat' dir='ltr'>sibi</span> <span class='ocrx_word' id='word_1_330' title='bbox 674 3764 868 3835; x_wconf 91' lang='lat' dir='ltr'>congruum</span> <span class='ocrx_word' id='word_1_331' title='bbox 889 3764 1093 3835; x_wconf 91' lang='lat' dir='ltr'>procurare,</span> <span class='ocrx_word' id='word_1_332' title='bbox 1114 3754 1150 3813; x_wconf 89' lang='lat' dir='ltr'>et</span> <span class='ocrx_word' id='word_1_333' title='bbox 1168 3744 1328 3835; x_wconf 92' lang='lat' dir='ltr'>quamvis</span> <span class='ocrx_word' id='word_1_334' title='bbox 1349 3765 1418 3815; x_wconf 91' lang='lat' dir='ltr'>non</span> <span class='ocrx_word' id='word_1_335' title='bbox 1438 3744 1598 3816; x_wconf 89' lang='lat' dir='ltr'>laborent</span> <span class='ocrx_word' id='word_1_336' title='bbox 1615 3749 1652 3816; x_wconf 93' lang='lat' dir='ltr'>in</span> <span class='ocrx_word' id='word_1_337' title='bbox 1672 3747 1869 3841; x_wconf 85' lang='lat' dir='ltr'>Evangelio</span> 
     </span>
     <span class='ocr_line' id='line_1_33' title="bbox 434 3840 1865 3934; baseline 0.007 -26"><span class='ocrx_word' id='word_1_338' title='bbox 434 3840 588 3911; x_wconf 90' lang='lat' dir='ltr'>cumeis</span> <span class='ocrx_word' id='word_1_339' title='bbox 617 3862 688 3911; x_wconf 95' lang='lat' dir='ltr'>non</span> <span class='ocrx_word' id='word_1_340' title='bbox 717 3851 892 3934; x_wconf 90' lang='lat' dir='ltr'>competat</span> <span class='ocrx_word' id='word_1_341' title='bbox 919 3841 1046 3912; x_wconf 89' lang='lat' dir='ltr'>docere</span> <span class='ocrx_word' id='word_1_342' title='bbox 1071 3852 1132 3911; x_wconf 91' lang='lat' dir='ltr'>aut</span> <span class='ocrx_word' id='word_1_343' title='bbox 1157 3841 1352 3934; x_wconf 89' lang='lat' dir='ltr'>predicare,</span> <span class='ocrx_word' id='word_1_344' title='bbox 1383 3843 1483 3934; x_wconf 88' lang='lat' dir='ltr'>quia,</span> <span class='ocrx_word' id='word_1_345' title='bbox 1504 3854 1542 3912; x_wconf 89' lang='lat' dir='ltr'>ut</span> <span class='ocrx_word' id='word_1_346' title='bbox 1561 3844 1701 3932; x_wconf 92' lang='lat' dir='ltr'>dicunt,</span> <span class='ocrx_word' id='word_1_347' title='bbox 1730 3845 1766 3915; x_wconf 95' lang='lat' dir='ltr'>in</span> <span class='ocrx_word' id='word_1_348' title='bbox 1796 3847 1865 3919; x_wconf 91' lang='lat' dir='ltr'>boc</span> 
     </span>
     <span class='ocr_line' id='line_1_34' title="bbox 434 3936 1869 4038; baseline 0.007 -32"><span class='ocrx_word' id='word_1_349' title='bbox 434 3936 690 4009; x_wconf 88' lang='lat' dir='ltr'>diminueretur</span> <span class='ocrx_word' id='word_1_350' title='bbox 704 3939 871 4032; x_wconf 82' lang='lat' dir='ltr'>perfectio</span> <span class='ocrx_word' id='word_1_351' title='bbox 895 3941 1120 4024; x_wconf 89' lang='lat' dir='ltr'>eorumdem,</span> <span class='ocrx_word' id='word_1_352' title='bbox 1138 3959 1202 4008; x_wconf 87' lang='lat' dir='ltr'>nso</span> <span class='ocrx_word' id='word_1_353' title='bbox 1219 3939 1285 4032; x_wconf 92' lang='lat' dir='ltr'>ipsi</span> <span class='ocrx_word' id='word_1_354' title='bbox 1302 3951 1463 4010; x_wconf 87' lang='lat' dir='ltr'>tenentur</span> <span class='ocrx_word' id='word_1_355' title='bbox 1481 3941 1514 4010; x_wconf 92' lang='lat' dir='ltr'>in</span> <span class='ocrx_word' id='word_1_356' title='bbox 1531 3941 1598 4012; x_wconf 91' lang='lat' dir='ltr'>hoo</span> <span class='ocrx_word' id='word_1_357' title='bbox 1614 3942 1760 4015; x_wconf 90' lang='lat' dir='ltr'>obedire</span> <span class='ocrx_word' id='word_1_358' title='bbox 1776 3965 1869 4038; x_wconf 90' lang='lat' dir='ltr'>pape</span> 
     </span>
     <span class='ocr_line' id='line_1_35' title="bbox 434 4033 1866 4134; baseline 0.006 -30"><span class='ocrx_word' id='word_1_359' title='bbox 434 4046 470 4104; x_wconf 91' lang='lat' dir='ltr'>et</span> <span class='ocrx_word' id='word_1_360' title='bbox 495 4033 572 4105; x_wconf 89' lang='lat' dir='ltr'>talis</span> <span class='ocrx_word' id='word_1_361' title='bbox 599 4036 772 4106; x_wconf 89' lang='lat' dir='ltr'>sententia</span> <span class='ocrx_word' id='word_1_362' title='bbox 801 4058 870 4107; x_wconf 92' lang='lat' dir='ltr'>non</span> <span class='ocrx_word' id='word_1_363' title='bbox 892 4037 1016 4128; x_wconf 91' lang='lat' dir='ltr'>ligaret</span> <span class='ocrx_word' id='word_1_364' title='bbox 1039 4059 1120 4116; x_wconf 88' lang='lat' dir='ltr'>eos;</span> <span class='ocrx_word' id='word_1_365' title='bbox 1150 4039 1236 4106; x_wconf 89' lang='lat' dir='ltr'>etsi</span> <span class='ocrx_word' id='word_1_366' title='bbox 1261 4048 1401 4130; x_wconf 89' lang='lat' dir='ltr'>propter</span> <span class='ocrx_word' id='word_1_367' title='bbox 1425 4038 1491 4110; x_wconf 92' lang='lat' dir='ltr'>hoc</span> <span class='ocrx_word' id='word_1_368' title='bbox 1517 4040 1866 4134; x_wconf 86' lang='lat' dir='ltr'>condempnarentur</span> 
     </span>
     <span class='ocr_line' id='line_1_36' title="bbox 433 4128 1868 4231; baseline 0.007 -31"><span class='ocrx_word' id='word_1_369' title='bbox 433 4131 478 4201; x_wconf 92' lang='lat' dir='ltr'>ad</span> <span class='ocrx_word' id='word_1_370' title='bbox 497 4147 658 4217; x_wconf 89' lang='lat' dir='ltr'>mortem,</span> <span class='ocrx_word' id='word_1_371' title='bbox 681 4134 803 4205; x_wconf 91' lang='lat' dir='ltr'>dicunt</span> <span class='ocrx_word' id='word_1_372' title='bbox 821 4136 915 4227; x_wconf 94' lang='lat' dir='ltr'>quod</span> <span class='ocrx_word' id='word_1_373' title='bbox 937 4128 978 4230; x_wconf 85' lang='lat' dir='ltr'>[l0</span> <span class='ocrx_word' id='word_1_374' title='bbox 998 4132 1065 4226; x_wconf 83' lang='lat' dir='ltr'>llb</span> <span class='ocrx_word' id='word_1_375' title='bbox 1082 4130 1118 4231; x_wconf 87' lang='lat' dir='ltr'>b]</span> <span class='ocrx_word' id='word_1_376' title='bbox 1140 4145 1258 4204; x_wconf 88' lang='lat' dir='ltr'>essent</span> <span class='ocrx_word' id='word_1_377' title='bbox 1278 4137 1437 4206; x_wconf 89' lang='lat' dir='ltr'>martires</span> <span class='ocrx_word' id='word_1_378' title='bbox 1453 4136 1610 4226; x_wconf 89' lang='lat' dir='ltr'>gloriosi.</span> <span class='ocrx_word' id='word_1_379' title='bbox 1629 4139 1728 4222; x_wconf 83' lang='lat' dir='ltr'>ltem,</span> <span class='ocrx_word' id='word_1_380' title='bbox 1743 4140 1868 4210; x_wconf 90' lang='lat' dir='ltr'>dicunt</span> 
     </span>
     <span class='ocr_line' id='line_1_37' title="bbox 434 4231 1865 4325; baseline 0.006 -27"><span class='ocrx_word' id='word_1_381' title='bbox 434 4239 469 4299; x_wconf 92' lang='lat' dir='ltr'>et</span> <span class='ocrx_word' id='word_1_382' title='bbox 486 4242 691 4301; x_wconf 87' lang='lat' dir='ltr'>asseverant</span> <span class='ocrx_word' id='word_1_383' title='bbox 709 4231 804 4324; x_wconf 93' lang='lat' dir='ltr'>quod</span> <span class='ocrx_word' id='word_1_384' title='bbox 825 4243 895 4302; x_wconf 89' lang='lat' dir='ltr'>tota</span> <span class='ocrx_word' id='word_1_385' title='bbox 915 4232 1073 4303; x_wconf 88' lang='lat' dir='ltr'>doctrina</span> <span class='ocrx_word' id='word_1_386' title='bbox 1096 4241 1131 4302; x_wconf 89' lang='lat' dir='ltr'>et</span> <span class='ocrx_word' id='word_1_387' title='bbox 1157 4233 1328 4325; x_wconf 88' lang='lat' dir='ltr'>scriptura</span> <span class='ocrx_word' id='word_1_388' title='bbox 1349 4234 1464 4304; x_wconf 85' lang='lat' dir='ltr'>fratris</span> <span class='ocrx_word' id='word_1_389' title='bbox 1486 4234 1577 4304; x_wconf 89' lang='lat' dir='ltr'>Petri</span> <span class='ocrx_word' id='word_1_390' title='bbox 1602 4236 1771 4308; x_wconf 86' lang='lat' dir='ltr'>Iohannis</span> <span class='ocrx_word' id='word_1_391' title='bbox 1790 4237 1865 4308; x_wconf 93' lang='lat' dir='ltr'>0li·</span> 
     </span>
     <span class='ocr_line' id='line_1_38' title="bbox 434 4327 1867 4405; baseline 0.007 -10"><span class='ocrx_word' id='word_1_392' title='bbox 434 4327 468 4395; x_wconf 93' lang='lat' dir='ltr'>vi</span> <span class='ocrx_word' id='word_1_393' title='bbox 485 4327 530 4397; x_wconf 92' lang='lat' dir='ltr'>de</span> <span class='ocrx_word' id='word_1_394' title='bbox 550 4330 676 4400; x_wconf 93' lang='lat' dir='ltr'>ordine</span> <span class='ocrx_word' id='word_1_395' title='bbox 692 4329 849 4399; x_wconf 90' lang='lat' dir='ltr'>Fratrum</span> <span class='ocrx_word' id='word_1_396' title='bbox 869 4329 1042 4399; x_wconf 91' lang='lat' dir='ltr'>Minorum</span> <span class='ocrx_word' id='word_1_397' title='bbox 1065 4341 1118 4399; x_wconf 89' lang='lat' dir='ltr'>est</span> <span class='ocrx_word' id='word_1_398' title='bbox 1138 4349 1221 4398; x_wconf 90' lang='lat' dir='ltr'>vera</span> <span class='ocrx_word' id='word_1_399' title='bbox 1241 4341 1276 4400; x_wconf 94' lang='lat' dir='ltr'>et</span> <span class='ocrx_word' id='word_1_400' title='bbox 1295 4330 1464 4401; x_wconf 89' lang='lat' dir='ltr'>catholica</span> <span class='ocrx_word' id='word_1_401' title='bbox 1489 4343 1525 4402; x_wconf 91' lang='lat' dir='ltr'>et</span> <span class='ocrx_word' id='word_1_402' title='bbox 1546 4332 1695 4405; x_wconf 87' lang='lat' dir='ltr'>eandem</span> <span class='ocrx_word' id='word_1_403' title='bbox 1713 4335 1867 4405; x_wconf 91' lang='lat' dir='ltr'>credunt</span> 
     </span>
     <span class='ocr_line' id='line_1_39' title="bbox 433 4424 1864 4511; baseline 0.006 -17"><span class='ocrx_word' id='word_1_404' title='bbox 433 4433 468 4494; x_wconf 91' lang='lat' dir='ltr'>et</span> <span class='ocrx_word' id='word_1_405' title='bbox 487 4424 610 4496; x_wconf 91' lang='lat' dir='ltr'>dicunt</span> <span class='ocrx_word' id='word_1_406' title='bbox 628 4427 735 4497; x_wconf 89' lang='lat' dir='ltr'>luisse</span> <span class='ocrx_word' id='word_1_407' title='bbox 754 4429 788 4496; x_wconf 92' lang='lat' dir='ltr'>ei</span> <span class='ocrx_word' id='word_1_408' title='bbox 806 4448 827 4497; x_wconf 86' lang='lat' dir='ltr'>a</span> <span class='ocrx_word' id='word_1_409' title='bbox 843 4426 991 4499; x_wconf 90' lang='lat' dir='ltr'>Domino</span> <span class='ocrx_word' id='word_1_410' title='bbox 1010 4426 1215 4511; x_wconf 84' lang='lat' dir='ltr'>revelatam,</span> <span class='ocrx_word' id='word_1_411' title='bbox 1232 4438 1268 4497; x_wconf 89' lang='lat' dir='ltr'>et</span> <span class='ocrx_word' id='word_1_412' title='bbox 1282 4428 1403 4497; x_wconf 92' lang='lat' dir='ltr'>dicunt</span> <span class='ocrx_word' id='word_1_413' title='bbox 1417 4428 1547 4498; x_wconf 90' lang='lat' dir='ltr'>dictum</span> <span class='ocrx_word' id='word_1_414' title='bbox 1563 4429 1704 4501; x_wconf 83' lang='lat' dir='ltr'>fratrem</span> <span class='ocrx_word' id='word_1_415' title='bbox 1722 4432 1864 4503; x_wconf 89' lang='lat' dir='ltr'>Petrum</span> 
     </span>
     <span class='ocr_line' id='line_1_40' title="bbox 431 4521 1864 4618; baseline 0.007 -28"><span class='ocrx_word' id='word_1_416' title='bbox 431 4521 598 4593; x_wconf 81' lang='lat' dir='ltr'>lobannis</span> <span class='ocrx_word' id='word_1_417' title='bbox 615 4523 681 4594; x_wconf 90' lang='lat' dir='ltr'>boc</span> <span class='ocrx_word' id='word_1_418' title='bbox 699 4525 811 4618; x_wconf 90' lang='lat' dir='ltr'>ipsum</span> <span class='ocrx_word' id='word_1_419' title='bbox 829 4524 912 4594; x_wconf 92' lang='lat' dir='ltr'>dum</span> <span class='ocrx_word' id='word_1_420' title='bbox 931 4525 1076 4596; x_wconf 86' lang='lat' dir='ltr'>vivebat</span> <span class='ocrx_word' id='word_1_421' title='bbox 1092 4524 1166 4594; x_wconf 92' lang='lat' dir='ltr'>suis</span> <span class='ocrx_word' id='word_1_422' title='bbox 1187 4525 1416 4597; x_wconf 83' lang='lat' dir='ltr'>familiaribus</span> <span class='ocrx_word' id='word_1_423' title='bbox 1436 4527 1627 4599; x_wconf 88' lang='lat' dir='ltr'>revelasse.</span> <span class='ocrx_word' id='word_1_424' title='bbox 1648 4528 1755 4617; x_wconf 88' lang='lat' dir='ltr'>ltem,</span> <span class='ocrx_word' id='word_1_425' title='bbox 1775 4551 1864 4602; x_wconf 89' lang='lat' dir='ltr'>eun-</span> 
     </span>
     <span class='ocr_line' id='line_1_41' title="bbox 431 4617 1864 4719; baseline 0.008 -32"><span class='ocrx_word' id='word_1_426' title='bbox 431 4617 511 4688; x_wconf 89' lang='lat' dir='ltr'>dem</span> <span class='ocrx_word' id='word_1_427' title='bbox 531 4620 672 4691; x_wconf 86' lang='lat' dir='ltr'>fratrem</span> <span class='ocrx_word' id='word_1_428' title='bbox 699 4622 837 4692; x_wconf 89' lang='lat' dir='ltr'>Petrum</span> <span class='ocrx_word' id='word_1_429' title='bbox 857 4622 1024 4694; x_wconf 85' lang='lat' dir='ltr'>Iohannis</span> <span class='ocrx_word' id='word_1_430' title='bbox 1047 4623 1280 4693; x_wconf 89' lang='lat' dir='ltr'>communiter</span> <span class='ocrx_word' id='word_1_431' title='bbox 1300 4633 1426 4695; x_wconf 90' lang='lat' dir='ltr'>vocant</span> <span class='ocrx_word' id='word_1_432' title='bbox 1450 4635 1608 4694; x_wconf 91' lang='lat' dir='ltr'>sanctum</span> <span class='ocrx_word' id='word_1_433' title='bbox 1636 4637 1769 4719; x_wconf 90' lang='lat' dir='ltr'>patrem</span> <span class='ocrx_word' id='word_1_434' title='bbox 1793 4650 1864 4700; x_wconf 93' lang='lat' dir='ltr'>non</span> 
     </span>
     <span class='ocr_line' id='line_1_42' title="bbox 430 4718 1864 4816; baseline 0.008 -31"><span class='ocrx_word' id='word_1_435' title='bbox 430 4718 686 4789; x_wconf 88' lang='lat' dir='ltr'>canonizatum.</span> <span class='ocrx_word' id='word_1_436' title='bbox 709 4720 816 4812; x_wconf 85' lang='lat' dir='ltr'>item,</span> <span class='ocrx_word' id='word_1_437' title='bbox 838 4720 960 4791; x_wconf 92' lang='lat' dir='ltr'>dicunt</span> <span class='ocrx_word' id='word_1_438' title='bbox 985 4721 1099 4815; x_wconf 90' lang='lat' dir='ltr'>ipsum</span> <span class='ocrx_word' id='word_1_439' title='bbox 1124 4741 1202 4791; x_wconf 90' lang='lat' dir='ltr'>esse</span> <span class='ocrx_word' id='word_1_440' title='bbox 1227 4720 1273 4790; x_wconf 89' lang='lat' dir='ltr'>ita</span> <span class='ocrx_word' id='word_1_441' title='bbox 1300 4742 1464 4812; x_wconf 91' lang='lat' dir='ltr'>magnum</span> <span class='ocrx_word' id='word_1_442' title='bbox 1488 4722 1668 4794; x_wconf 89' lang='lat' dir='ltr'>doctorem</span> <span class='ocrx_word' id='word_1_443' title='bbox 1693 4726 1791 4816; x_wconf 92' lang='lat' dir='ltr'>quod</span> <span class='ocrx_word' id='word_1_444' title='bbox 1817 4727 1864 4796; x_wconf 91' lang='lat' dir='ltr'>ab</span> 
     </span>
     <span class='ocr_line' id='line_1_43' title="bbox 430 4816 1861 4917; baseline 0.008 -36"><span class='ocrx_word' id='word_1_445' title='bbox 430 4816 596 4905; x_wconf 88' lang='lat' dir='ltr'>apostolis</span> <span class='ocrx_word' id='word_1_446' title='bbox 626 4829 661 4888; x_wconf 93' lang='lat' dir='ltr'>et</span> <span class='ocrx_word' id='word_1_447' title='bbox 689 4817 916 4909; x_wconf 88' lang='lat' dir='ltr'>evangelistis</span> <span class='ocrx_word' id='word_1_448' title='bbox 947 4818 1032 4889; x_wconf 89' lang='lat' dir='ltr'>citra</span> <span class='ocrx_word' id='word_1_449' title='bbox 1063 4840 1132 4890; x_wconf 92' lang='lat' dir='ltr'>non</span> <span class='ocrx_word' id='word_1_450' title='bbox 1161 4818 1265 4888; x_wconf 88' lang='lat' dir='ltr'>luerit</span> <span class='ocrx_word' id='word_1_451' title='bbox 1294 4819 1420 4911; x_wconf 92' lang='lat' dir='ltr'>aliquis</span> <span class='ocrx_word' id='word_1_452' title='bbox 1452 4820 1562 4911; x_wconf 86' lang='lat' dir='ltr'>major</span> <span class='ocrx_word' id='word_1_453' title='bbox 1591 4843 1655 4907; x_wconf 90' lang='lat' dir='ltr'>eo,</span> <span class='ocrx_word' id='word_1_454' title='bbox 1685 4834 1721 4894; x_wconf 92' lang='lat' dir='ltr'>et</span> <span class='ocrx_word' id='word_1_455' title='bbox 1748 4824 1861 4917; x_wconf 89' lang='lat' dir='ltr'>aliqui</span> 
     </span>
     <span class='ocr_line' id='line_1_44' title="bbox 430 4910 1860 5014; baseline 0.01 -36"><span class='ocrx_word' id='word_1_456' title='bbox 430 4910 565 4981; x_wconf 91' lang='lat' dir='ltr'>addunt</span> <span class='ocrx_word' id='word_1_457' title='bbox 590 4914 684 5006; x_wconf 92' lang='lat' dir='ltr'>quod</span> <span class='ocrx_word' id='word_1_458' title='bbox 710 4914 785 5008; x_wconf 91' lang='lat' dir='ltr'>ipss</span> <span class='ocrx_word' id='word_1_459' title='bbox 810 4916 920 5006; x_wconf 87' lang='lat' dir='ltr'>major</span> <span class='ocrx_word' id='word_1_460' title='bbox 944 4916 1008 4986; x_wconf 86' lang='lat' dir='ltr'>luit</span> <span class='ocrx_word' id='word_1_461' title='bbox 1032 4916 1068 4985; x_wconf 93' lang='lat' dir='ltr'>in</span> <span class='ocrx_word' id='word_1_462' title='bbox 1090 4917 1274 4987; x_wconf 90' lang='lat' dir='ltr'>sanctitate</span> <span class='ocrx_word' id='word_1_463' title='bbox 1295 4928 1331 4987; x_wconf 91' lang='lat' dir='ltr'>et</span> <span class='ocrx_word' id='word_1_464' title='bbox 1354 4917 1524 4999; x_wconf 88' lang='lat' dir='ltr'>doctrina.</span> <span class='ocrx_word' id='word_1_465' title='bbox 1547 4917 1657 5007; x_wconf 89' lang='lat' dir='ltr'>ltsm,</span> <span class='ocrx_word' id='word_1_466' title='bbox 1678 4920 1789 5014; x_wconf 90' lang='lat' dir='ltr'>aliqui</span> <span class='ocrx_word' id='word_1_467' title='bbox 1813 4943 1860 4992; x_wconf 84' lang='lat' dir='ltr'>ex</span> 
     </span>
     <span class='ocr_line' id='line_1_45' title="bbox 429 5005 1859 5110; baseline 0.011 -36"><span class='ocrx_word' id='word_1_468' title='bbox 429 5005 480 5077; x_wconf 89' lang='lat' dir='ltr'>eis</span> <span class='ocrx_word' id='word_1_469' title='bbox 499 5008 620 5081; x_wconf 91' lang='lat' dir='ltr'>dicunt</span> <span class='ocrx_word' id='word_1_470' title='bbox 642 5012 737 5105; x_wconf 93' lang='lat' dir='ltr'>quod</span> <span class='ocrx_word' id='word_1_471' title='bbox 765 5032 833 5082; x_wconf 94' lang='lat' dir='ltr'>non</span> <span class='ocrx_word' id='word_1_472' title='bbox 858 5013 923 5084; x_wconf 87' lang='lat' dir='ltr'>luit</span> <span class='ocrx_word' id='word_1_473' title='bbox 945 5013 1072 5106; x_wconf 92' lang='lat' dir='ltr'>aliquis</span> <span class='ocrx_word' id='word_1_474' title='bbox 1092 5014 1214 5084; x_wconf 89' lang='lat' dir='ltr'>doctor</span> <span class='ocrx_word' id='word_1_475' title='bbox 1233 5013 1267 5082; x_wconf 93' lang='lat' dir='ltr'>in</span> <span class='ocrx_word' id='word_1_476' title='bbox 1287 5012 1440 5086; x_wconf 83' lang='lat' dir='ltr'>Ecclesia</span> <span class='ocrx_word' id='word_1_477' title='bbox 1459 5016 1542 5106; x_wconf 89' lang='lat' dir='ltr'>Dei,</span> <span class='ocrx_word' id='word_1_478' title='bbox 1562 5028 1714 5110; x_wconf 89' lang='lat' dir='ltr'>excepto</span> <span class='ocrx_word' id='word_1_479' title='bbox 1733 5029 1859 5090; x_wconf 90' lang='lat' dir='ltr'>sancto</span> 
     </span>
    </p>
   </div>
   <div class='ocr_carea' id='block_1_3' title="bbox 0 0 2310 6404">
    <p class='ocr_par' dir='ltr' id='par_1_3' title="bbox 0 0 2310 6404">
     <span class='ocr_line' id='line_1_46' title="bbox 0 0 2310 6404; baseline 0 5"><span class='ocrx_word' id='word_1_480' title='bbox 0 0 2310 6404; x_wconf 95' lang='lat' dir='ltr'> </span> 
     </span>
    </p>
   </div>
  </div>
 </body>
</html>
