4574 6404
430 659 497 727 tto
713 671 875 724 emortua
902 669 1142 737 troursrmoms
1168 672 1330 725 unnnrrna
1356 673 1568 726 enavimus.

426 831 586 921 ejusdem
607 829 847 922 inquisitionis
868 831 1016 922 negocio
1036 831 1324 902 inexcusabiliter
1347 832 1539 922 dejeravit;
1567 845 1745 925 postremo
1765 834 1860 905 idem

427 929 594 1000 sacerdos
613 949 653 999 se
668 949 714 998 ex
735 929 854 998 multis
875 928 1054 1020 premissis
1073 932 1290 1000 constituens
1310 930 1531 1001 manifestum
1550 925 1590 1026 [l⁰
1610 927 1656 999 hl
1675 927 1711 1028 b]
1733 930 1862 1002 hereti-

426 1048 550 1097 corum
572 1038 607 1096 et
630 1024 872 1096 hereticalium
903 1047 1131 1119 personarum
1162 1028 1355 1110 lentorem,
1384 1029 1593 1098 sententiam
1618 1030 1862 1099 excommuni-

426 1123 581 1194 cationis
603 1145 623 1194 a
649 1125 732 1214 jure
762 1124 908 1215 antiquo
933 1135 969 1195 et
994 1144 1040 1195 ex
1068 1124 1136 1194 illis
1165 1146 1235 1216 que
1262 1147 1341 1196 cum
1370 1124 1497 1196 talibus
1524 1136 1559 1195 et
1585 1125 1712 1196 talibus
1740 1139 1862 1198 contra

428 1221 657 1314 inquisitores
683 1221 838 1314 prelatos
866 1233 901 1290 et
922 1221 1160 1313 inquisitionis
1179 1220 1347 1310 olficium,
1368 1234 1406 1292 ut
1420 1224 1613 1316 prefertur,
1634 1224 1811 1294 commisit
1828 1237 1864 1296 et

426 1318 596 1389 committi
617 1318 795 1390 consuluit
814 1330 850 1388 et
869 1319 1074 1405 consensit,
1095 1323 1304 1391 sententiam
1325 1322 1428 1391 aliam
1449 1321 1863 1393 excommunicationisa

425 1418 506 1506 jure
524 1437 619 1488 novo
639 1417 674 1485 in
696 1417 783 1486 tales
809 1416 1022 1507 generaliter
1044 1418 1299 1511 promulgatam
1325 1418 1455 1510 pluries
1480 1429 1515 1488 et
1540 1419 1780 1490 indubitanter
1806 1421 1863 1489 in-

425 1515 555 1601 currit,
578 1525 613 1584 et
642 1513 761 1583 divina
787 1514 892 1584 etiam
916 1513 1130 1587 celebrando
1158 1527 1196 1584 ut
1225 1517 1323 1608 prius
1349 1516 1542 1586 sententias
1568 1516 1772 1606 hujusmodi
1800 1539 1862 1588 ne·

426 1612 509 1682 dum
533 1633 602 1683 uno
629 1633 722 1682 anno
745 1622 799 1682 s'et
824 1611 983 1703 pluribus
1002 1614 1105 1684 annis
1124 1614 1246 1683 animo
1271 1616 1451 1684 sustinens
1479 1615 1666 1705 pertinaci,
1693 1616 1759 1684 init
1778 1614 1863 1686 inde

426 1710 524 1780 velut
543 1710 719 1781 hereticus
738 1711 1073 1804 condempnandus,
1096 1711 1281 1805 presertim
1300 1733 1378 1781 cnm
1396 1712 1498 1802 juxta
1518 1733 1558 1782 ea
1576 1733 1645 1803 que
1663 1732 1779 1784 coram
1798 1734 1863 1784 no·

425 1807 480 1877 his
517 1809 698 1879 confessus
732 1819 786 1879 est
821 1830 890 1880 non
924 1808 1100 1898 ignoraret
1141 1809 1238 1902 qnod
1278 1809 1359 1879 talia
1397 1809 1563 1880 iacientes
1596 1810 1748 1879 scienter
1783 1809 1864 1881 dic-

428 1916 496 1975 tam
531 1907 613 1976 novi
640 1908 730 1998 juris
755 1906 964 1977 sententiam
996 1906 1244 1995 incurrebant;
1272 1909 1355 1998 qnia
1384 1927 1470 1977 vero
1493 1929 1538 1976 ex
1569 1906 1688 1977 verbis
1715 1920 1751 1976 et
1776 1929 1862 1979 con·

426 2003 639 2076 lessionibns
661 2005 735 2075 suis
756 2005 942 2075 manileste
965 2004 1068 2075 nobis
1087 2004 1251 2098 apparuit
1271 2004 1481 2096 impenitens
1501 2026 1608 2096 snper
1631 2004 1699 2075 illis
1715 2026 1760 2075 ex
1781 2008 1863 2098 qui·

426 2100 493 2170 hus
507 2105 700 2174 sententias
720 2105 916 2173 incurrerat
936 2123 1044 2195 snpra
1065 2103 1190 2188 dictas,
1213 2104 1327 2196 ipsum
1347 2101 1473 2189 semel,
1489 2103 1660 2185 secundo,
1681 2113 1716 2172 et
1737 2105 1861 2191 tercio,

427 2199 463 2267 in
483 2201 621 2291 scriptis
635 2200 759 2284 etiam,
777 2210 812 2270 et
831 2223 894 2293 per
912 2200 1053 2270 diversa
1071 2212 1267 2294 temporum
1286 2200 1489 2286 intervalla,
1511 2222 1552 2270 ac
1568 2201 1660 2272 dicto
1672 2201 1749 2290 jure
1766 2222 1863 2272 novo

426 2296 495 2366 sibi
515 2298 697 2389 exposito,
720 2299 892 2369 instanter
909 2301 1109 2369 monuimus
1129 2309 1168 2367 ut
1189 2319 1250 2390 per
1269 2299 1526 2370 contessionem
1549 2299 1685 2390 plenam
1707 2309 1743 2368 et
1760 2298 1863 2370 debi-

428 2401 496 2465 tam
510 2394 741 2469 absolutionis
757 2395 963 2488 petitionem
977 2417 1085 2489 snper
1101 2397 1280 2489 premissis
1297 2409 1567 2489 recognosceret
1578 2396 1716 2490 culpam
1735 2417 1836 2466 suam
1852 2416 1862 2487 ;

426 2498 486 2588 qui
507 2495 657 2566 finaliter
677 2495 798 2564 dicens
817 2516 856 2564 se
877 2496 922 2566 de
947 2496 1113 2588 predictis
1134 2495 1291 2587 penitere
1315 2509 1350 2566 et
1375 2495 1584 2590 promittens
1610 2515 1650 2564 se
1671 2505 1864 2587 susceptu-

425 2617 502 2664 rum
525 2592 751 2687 penitentiam
772 2614 878 2684 quam
900 2594 932 2664 ei
952 2593 1161 2664 duxerimus
1181 2593 1448 2685 injungendam,
1472 2592 1571 2685 petiit
1590 2614 1609 2661 a
1629 2592 1731 2662 nohis
1751 2590 1865 2662 humi·

423 2692 540 2763 litera
563 2691 665 2761 dictis
687 2692 871 2762 sententiis
892 2713 931 2762 se
950 2691 1103 2778 absolvi,
1123 2712 1272 2783 nosque,
1293 2693 1495 2782 juramento
1514 2691 1559 2760 de
1581 2688 1738 2783 parendo
1758 2710 1860 2760 man·

425 2790 516 2860 datis
544 2801 580 2859 et
609 2785 649 2884 [l0
676 2785 721 2857 ot
742 2784 773 2884 c]
803 2789 1026 2879 abjuratione
1046 2787 1181 2860 heresis
1200 2790 1378 2861 consuetis
1408 2801 1443 2860 et
1470 2788 1599 2858 debitis
1628 2787 1726 2880 prius
1745 2787 1791 2857 ah
1820 2808 1864 2859 eo

427 2888 597 2981 receptis,
619 2886 838 2958 absolvimus
859 2888 1010 2958 eundem
1038 2888 1072 2957 in
1096 2888 1209 2958 torma
1228 2887 1346 2959 debita
1365 2887 1519 2957 Ecclesia
1548 2908 1567 2956 a
1587 2885 1773 2956 sententiis
1791 2908 1863 2957 me·

424 2989 582 3056 moratis.
603 2985 730 3055 Verum
751 3007 809 3071 ue,
836 2986 927 3056 sicut
946 3007 1011 3056 nec
1035 2986 1137 3056 decet
1153 3006 1217 3056 nec
1234 2986 1401 3079 expedit,
1429 2987 1576 3055 crimina
1603 2985 1727 3054 eadem
1749 3004 1864 3055 rema·

424 3094 530 3152 neant
546 3083 731 3174 impunita,
751 3105 814 3154 nos
827 3085 984 3175 prelatus
995 3083 1196 3176 episcopus,
1206 3083 1332 3154 Christi
1346 3084 1487 3154 nomine
1499 3084 1675 3163 invocato,
1689 3079 1864 3152 habentes

424 3202 486 3273 pre
505 3180 619 3250 oculis
638 3181 750 3250 solum
770 3182 901 3264 Deum,
923 3183 982 3252 die
999 3201 1039 3250 ac
1060 3180 1137 3252 loco
1154 3182 1378 3273 presentibus
1398 3181 1443 3250 ad
1465 3181 1554 3250 hanc
1572 3191 1726 3250 nostram
1748 3180 1864 3249 leren-

424 3278 504 3347 dam
521 3279 730 3349 sententiam
751 3280 820 3350 sibi
840 3279 1102 3372 perhemptoria
1121 3280 1331 3371 assignatis,
1353 3279 1602 3350 assistentibus
1623 3278 1724 3348 nohis
1749 3297 1862 3348 vene·

425 3375 594 3445 rabilibus
615 3378 773 3468 patribus
798 3378 951 3449 dominis
973 3378 1148 3469 episcopis
1171 3378 1231 3448 tali
1253 3388 1288 3449 et
1307 3377 1368 3448 tali
1391 3399 1432 3447 ac
1451 3376 1612 3447 discretis
1628 3376 1715 3446 viris
1734 3375 1864 3468 talibus

424 3483 459 3543 et
478 3472 618 3559 talibus,
640 3477 676 3543 in
697 3476 849 3546 eundem
871 3475 1090 3547 sacerdotem
1107 3488 1276 3569 perpetue
1295 3475 1527 3567 depositionis
1544 3485 1579 3544 et
1599 3472 1863 3564 degradationis

424 3572 671 3642 asacerdotali
700 3585 735 3642 et
761 3574 856 3643 omni
883 3573 953 3644 alio
978 3573 1103 3643 ordine
1129 3574 1340 3644 sententiam
1371 3573 1516 3643 ierimus
1540 3573 1576 3641 in
1605 3571 1672 3642 hiis
1696 3570 1863 3665 scriptis,

425 3669 698 3759 pronunciantes
715 3664 963 3742 nichilominus
983 3670 1097 3764 ipsum
1119 3672 1237 3741 statim
1249 3724 1261 3758 ,
1283 3671 1486 3754 actualiter,
1506 3683 1543 3740 et
1560 3671 1593 3738 in
1615 3670 1725 3739 forma
1745 3689 1765 3738 a
1783 3670 1865 3759 jure

427 3766 551 3835 tradita
572 3767 836 3857 degradandum
858 3779 894 3839 et
909 3789 991 3839 enm
1008 3771 1105 3839 omni
1127 3769 1283 3839 clericali
1300 3769 1456 3855 honore,
1476 3767 1597 3838 habitu
1622 3778 1658 3837 et
1676 3765 1865 3859 privilegio

424 3864 642 3934 exuendum.
675 3866 745 3937 Nos
772 3860 915 3958 quoque
945 3867 1133 3959 episcopus
1158 3878 1193 3937 et
1220 3867 1409 3958 inquisitor
1427 3866 1571 3958 prelati,
1598 3876 1781 3956 postquam
1813 3864 1866 3934 sic

425 3961 638 4052 degradatus
656 3963 774 4050 luerit,
797 3966 911 4057 ipsum
933 3965 1157 4035 decernimus
1176 3977 1348 4057 perpetuo
1369 3963 1503 4034 carceri
1527 3963 1800 4055 mancipandum
1826 3961 1862 4031 in

426 4059 483 4128 tali
506 4059 582 4130 loco
601 4060 804 4149 hujusmodi
826 4063 985 4154 personis
1004 4061 1241 4154 culpabilibus
1257 4061 1447 4153 deputato,
1469 4061 1504 4129 in
1525 4082 1596 4152 quo
1619 4060 1764 4151 quidem
1784 4079 1863 4129 car·

422 4177 503 4226 cere
529 4158 596 4226 suh
625 4160 774 4229 vinculis
801 4160 923 4230 lerreis
952 4161 986 4229 in
1016 4180 1105 4252 pane
1134 4159 1265 4230 doloris
1291 4172 1326 4229 et
1346 4179 1439 4250 aqua
1465 4158 1630 4249 angustie
1655 4169 1861 4251 perpetuam

422 4265 503 4344 agat
524 4255 749 4346 penitentiam
771 4257 816 4327 de
832 4258 1043 4328 commissis.
1064 4256 1317 4346 Mitigationem
1343 4259 1461 4326 aute'm
1489 4257 1647 4348 predicte
1668 4254 1864 4349 penitentie

422 4351 457 4420 in
478 4371 617 4423 carcere
636 4354 795 4425 faciende
819 4376 882 4447 per
909 4356 1043 4447 ipsum,
1070 4355 1266 4425 secundum
1292 4354 1390 4446 quod
1417 4353 1618 4446 expedierit
1646 4365 1681 4424 et
1705 4353 1781 4445 ipse
1802 4373 1866 4444 per

422 4449 630 4542 pacientiam
648 4463 683 4521 et
703 4452 935 4523 humilitatem
955 4474 995 4523 ac
1015 4453 1131 4523 cordis
1150 4453 1289 4523 contriti
1311 4450 1526 4522 sacrificium
1546 4451 1747 4540 hujusmodi
1768 4449 1866 4519 miti-

422 4547 598 4638 gationem
617 4553 798 4637 meruerit,
819 4551 921 4621 nobis
940 4561 975 4620 et
995 4549 1123 4621 nostris
1143 4551 1179 4619 in
1198 4547 1315 4621 officio
1333 4548 1577 4642 inquisitionis
1596 4546 1865 4619 successoribus

423 4665 658 4715 reservamus.
688 4648 871 4718 Monemus
902 4642 943 4743 [l⁰
963 4645 1009 4716 bl
1037 4644 1073 4745 d]
1101 4658 1219 4719 antem
1246 4648 1360 4739 ipsum
1389 4646 1629 4734 sacerdotem,
1652 4644 1784 4738 semel,
1806 4665 1864 4715 se·

423 4742 541 4813 cundo
567 4754 602 4813 et
633 4748 762 4830 tercio,
793 4766 834 4815 ac
855 4744 1114 4839 perhemptoria
1133 4757 1169 4815 et
1188 4745 1324 4840 precise
1343 4757 1380 4816 et
1398 4745 1465 4814 snb
1485 4744 1618 4814 virtute
1643 4745 1746 4814 etiam
1769 4745 1865 4832 jnra-

425 4839 533 4908 menti
552 4861 668 4911 coram
688 4843 789 4913 nobis
809 4864 872 4936 per
892 4864 971 4914 eum
991 4842 1126 4937 prestiti
1147 4843 1214 4914 sibi
1237 4845 1450 4936 precipimus
1466 4854 1501 4912 et
1521 4841 1743 4924 mandamus,
1766 4839 1864 4931 quod

424 4935 469 5005 ad
489 4935 620 5007 dictum
640 4959 817 5011 carcerem
835 4941 912 5011 sine
932 4940 1102 5012 dilatione
1119 4940 1264 5011 accedat
1284 4952 1378 5011 etse
1407 4939 1511 5010 etiam
1535 4938 1692 5009 includat
1714 4939 1748 5007 in
1779 4936 1861 5024 illo,

424 5032 616 5125 predictam
637 5037 768 5108 ibidem
788 5038 1016 5132 penitentiam
1035 5038 1297 5140 completnrnsp
1317 5037 1461 5130 quodsi
1481 5037 1526 5106 ad
1547 5057 1723 5108 carcerem
1741 5034 1865 5124 hujus·
