4574 6404
435 662 481 730 70
721 677 882 730 rnxcrrul
909 679 1149 745 rnoursrrronrs
1176 677 1339 730 nnnmrcn
1364 676 1575 729 rnxvrrrrrs.

438 839 586 925 tenenti,
597 834 716 906 Frater
727 835 1118 922 BernardusGuidonis,
1131 835 1371 924 ord.Predic.,
1387 835 1739 927 inquisitorberetice
1752 839 1868 930 pravi·

435 933 519 1004 tatis
538 936 573 1002 in
594 954 702 1025 regno
721 932 865 1003 Francie
890 954 952 1027 per
974 934 1093 1004 sedem
1114 933 1339 1027 apostolicam
1360 933 1566 1025 deputatus,
1584 932 1732 1004 salutem
1752 934 1788 1005 in
1807 955 1866 1007 ac·

435 1040 512 1103 tore
529 1029 612 1101 fidei
629 1030 778 1102 Domino
795 1030 901 1102 Jhesu
920 1029 1070 1102 Christo.
1088 1072 1135 1085 —
1150 1030 1205 1101 Ad
1226 1031 1496 1125 extirpationem
1517 1050 1675 1101 errorum
1695 1041 1730 1102 et
1749 1052 1867 1103 erran·

435 1129 522 1198 tium
548 1129 761 1220 ubicumque
789 1137 825 1199 et
851 1129 894 1199 ad
925 1129 1174 1201 exaltationem
1205 1127 1288 1200 fidei
1316 1127 1515 1200 orthodoxe
1539 1128 1616 1199 sine
1635 1150 1705 1221 qua
1721 1151 1792 1200 non
1812 1141 1868 1204 est

434 1226 543 1312 salus,
562 1227 687 1299 merito
706 1221 747 1322 [l0
767 1226 812 1294 37
831 1222 863 1323 c]
882 1226 1014 1296 debent
1028 1228 1164 1318 accingi
1184 1229 1386 1319 omnesqui
1405 1224 1528 1296 fideles
1546 1229 1702 1319 reputari
1721 1228 1868 1321 cupiunt

434 1333 470 1394 et
482 1323 619 1409 haberi,
631 1324 797 1418 precipue
810 1324 1024 1417 quicumque
1040 1325 1204 1416 regimini
1216 1325 1436 1417 presidentes
1448 1323 1577 1416 quibus
1592 1325 1704 1415 major
1720 1326 1867 1398 lacultas

433 1421 545 1493 aDeo
564 1443 584 1492 a
603 1444 674 1514 quo
694 1432 748 1493 est
768 1422 883 1492 omnis
905 1431 1058 1514 potestas
1077 1423 1202 1494 collata
1223 1442 1302 1493 esse
1321 1421 1517 1494 dinoscitur
1533 1421 1621 1492 alios
1638 1420 1864 1495 cohercendi.

431 1519 604 1602 Quocirca
636 1542 715 1592 cum
753 1520 788 1590 in
825 1520 923 1590 libris
950 1530 985 1590 et
1011 1523 1150 1613 scriptis
1176 1519 1336 1613 pluribus
1364 1519 1578 1612 Jndeorum,
1603 1523 1758 1590 maxime
1789 1519 1867 1590 Tal-

431 1630 608 1689 mutornm
646 1631 682 1690 et
707 1617 815 1711 glosis
844 1628 879 1688 et
906 1619 1189 1711 expositionibus
1220 1617 1425 1689 eorumdem
1463 1615 1582 1709 plnres
1619 1618 1867 1688 contineantur

431 1736 568 1788 errores
595 1719 727 1811 pariter
754 1727 790 1787 et
815 1717 981 1787 horrores
1005 1737 1046 1787 ac
1070 1716 1254 1787 blaslemie
1278 1714 1431 1787 nominis
1448 1713 1587 1787 Domini
1607 1714 1713 1784 Jhesu
1738 1713 1866 1786 Christi

432 1824 467 1885 et
487 1815 563 1905 ejus
588 1815 809 1887 sanctissime
831 1815 1011 1907 genitricis
1034 1814 1188 1906 Virginis
1207 1814 1316 1884 Marie
1337 1833 1378 1883 ac
1399 1814 1552 1883 nominis
1571 1812 1772 1906 christiani,
1794 1834 1866 1905 qne

429 1914 615 2005 reprobata
637 1935 714 1986 esse
734 1923 928 1985 noscuntur
945 1912 1077 2006 pariter
1096 1923 1131 1982 et
1150 1912 1352 2004 dampnata,
1370 1930 1435 1980 vos
1454 1909 1500 1980 de
1517 1910 1618 2000 cujus
1638 1908 1707 1980 lide
1728 1931 1769 1980 ac
1787 1911 1863 1981 zelo

428 2008 512 2082 fidei
536 2015 660 2084 merito
679 2010 891 2084 confidimus
910 2022 946 2082 et
964 2011 999 2081 in
1019 2011 1169 2081 Domino
1187 2008 1475 2102 congaudemus,
1495 2007 1701 2078 anctoritate
1718 2019 1865 2101 aposto-

428 2108 494 2179 lica
520 2132 590 2203 qua
617 2111 796 2202 {ungimur
824 2109 858 2179 in
886 2108 953 2178 hac
980 2120 1100 2200 partc,
1128 2108 1341 2201 requirimus
1368 2127 1430 2199 pcr
1455 2115 1637 2198 presentes
1663 2108 1795 2197 pariter
1822 2127 1865 2177 ac

428 2228 614 2280 monemus
640 2211 807 2301 quatinus
831 2227 955 2278 omnes
978 2207 1087 2277 libros
1111 2209 1301 2298 omniaque
1324 2206 1452 2295 scripta
1478 2202 1696 2288 Judeorum,
1715 2204 1863 2295 quibus·

428 2327 580 2399 cumque
613 2305 724 2377 titulis
753 2316 815 2377 aut
849 2304 1050 2374 nominibus
1080 2315 1311 2391 censeantur,
1340 2323 1419 2372 cum
1450 2301 1569 2371 debita
1600 2298 1862 2391 sollicitudine,

429 2405 525 2475 omni
546 2404 715 2475 dilatione
734 2404 951 2498 postposita,
979 2401 1193 2495 perquiratis
1218 2422 1281 2471 seu
1301 2398 1458 2493 perquiri
1483 2398 1638 2483 laniatis,
1664 2409 1698 2468 et
1718 2399 1865 2493 capiatis

429 2502 646 2594 ubicumque
675 2512 709 2571 et
736 2501 830 2594 apud
860 2520 1102 2592 quoscumque
1128 2500 1259 2569 luerint
1288 2499 1334 2570 de
1362 2498 1527 2569 omnibus
1554 2495 1640 2568 locis
1669 2495 1773 2567 vobis
1799 2519 1863 2569 seu

429 2611 546 2671 vestro
565 2599 729 2691 regimini
748 2597 955 2684 submissis,
977 2610 1012 2668 et
1035 2597 1170 2668 laciatis
1195 2597 1326 2689 portari
1351 2595 1494 2668 eosdem
1521 2594 1629 2665 libros
1648 2615 1712 2665 seu
1731 2597 1863 2688 scripta

427 2697 524 2789 apud
551 2695 737 2790 Agenuum
770 2696 816 2766 ad
840 2696 983 2766 domum
1003 2717 1067 2766 seu
1084 2705 1295 2765 conventum
1319 2695 1477 2764 Fratrum
1497 2691 1780 2780 predicatorum,
1802 2694 1864 2764 ubi

429 2815 510 2864 cnm
536 2795 653 2887 sigillo
675 2805 795 2865 vestro
825 2803 861 2864 et
878 2793 1006 2885 prioris
1029 2794 1234 2864 eorumdem
1254 2791 1412 2863 Fratrum
1439 2812 1544 2884 quem
1564 2789 1600 2858 in
1625 2789 1694 2860 boc
1717 2791 1864 2883 deputa·

429 2912 509 2961 mus
525 2892 603 2965 loco
621 2894 733 2963 nostri
747 2901 782 2962 et
796 2892 853 2961 cni
869 2911 977 2982 super
991 2890 1172 2983 premissis
1189 2901 1225 2961 et
1242 2911 1284 2961 ea
1302 2890 1527 2981 tangentibus
1542 2887 1699 2981 plenarie
1714 2882 1755 2984 [l0
1767 2889 1813 2956 37
1824 2884 1861 2986 d]

428 2990 681 3060 committimus
708 2989 806 3060 vices
835 2998 989 3074 nostras,
1025 2989 1279 3080 consignentur
1304 2998 1340 3058 et
1367 2987 1574 3079 sigillentur,
1591 2994 1627 3056 et
1655 2984 1751 3056 fideli
1784 3006 1863 3058 cus·

429 3085 527 3156 todia
551 3096 785 3181 reponantur,
808 3097 847 3156 ut
871 3088 990 3156 exeis
1013 3087 1188 3180 possimus
1213 3086 1344 3177 eligere
1367 3105 1409 3156 ac
1428 3087 1533 3155 etiam
1553 3088 1863 3176 separare'omnes

429 3182 540 3253 libros
559 3187 621 3276 qui
641 3192 813 3255 vocantur
835 3182 990 3253 Talmutz
1013 3195 1049 3255 et
1067 3184 1155 3255 alios
1175 3204 1418 3276 quoscumque
1436 3183 1473 3251 in
1493 3181 1621 3275 quibus
1642 3201 1781 3252 errores
1799 3203 1863 3253 seu

429 3279 616 3352 blasfemia
641 3284 886 3367 continentur,
911 3282 956 3351 ad
986 3282 1186 3352 laciendum
1218 3281 1263 3353 de
1291 3284 1343 3352 eis
1375 3290 1540 3373 tanquam
1569 3278 1614 3349 de
1641 3280 1803 3371 reprobis
1829 3289 1865 3351 et

431 3377 632 3471 dampnatis
665 3379 760 3472 quod
791 3378 935 3470 justicia
962 3380 1153 3467 suadebit;
1182 3379 1219 3449 in
1245 3378 1426 3472 premissis
1457 3377 1573 3448 taliter
1598 3397 1664 3447 vos
1693 3374 1863 3450 habentes

431 3476 527 3568 quod
561 3498 631 3548 non
656 3477 800 3570 possitis
825 3475 991 3567 redargui
1017 3477 1062 3548 de
1090 3477 1305 3568 negligentia
1331 3475 1390 3546 vel
1416 3476 1573 3562 delectu,
1595 3484 1650 3545 set
1673 3477 1795 3566 pocius
1818 3475 1864 3547 de

429 3572 506 3643 zelo
526 3571 610 3644 [idei
628 3583 663 3645 et
681 3573 864 3665 diligentia
886 3577 1011 3646 merito
1030 3574 1283 3646 commendari.
1301 3575 1427 3651 Datum
1443 3572 1600 3666 Agenni,
1619 3571 1733 3665 pridie
1751 3592 1863 3643 nonas

425 3671 599 3761 januarii,
621 3691 715 3742 anno
731 3670 871 3744 Domini
891 3671 1100 3742 thecuitis

427 3924 486 3990 52.
510 3925 726 3991 commissio
743 3923 843 3989 iacta
856 3926 970 4005 priori
985 3927 1158 3991 Fratrum
1175 3927 1451 3992 Predicatornm
1466 3927 1614 4004 Agenni
1632 3942 1742 4006 super
1755 3925 1864 3990 libris
1922 3928 1927 3937 '

914 4033 1115 4099 iudeorum
1132 4035 1376 4115 inquirendis.

473 4248 593 4319 Frater
611 4249 825 4338 Beruardus,
843 4250 1043 4344 inquisitor,
1064 4263 1149 4341 etc,
1167 4252 1354 4324 karissimo
1368 4252 1438 4322 sibi
1450 4255 1486 4322 in
1501 4250 1637 4324 Christo
1649 4251 1758 4345 priori
1776 4251 1857 4323 Fra·

424 4356 516 4416 trum
530 4345 790 4419 Predicatornm
811 4345 964 4440 Agenni,
976 4349 1125 4420 salutem
1140 4360 1176 4420 et
1191 4350 1363 4421 sinceram
1378 4352 1415 4420 in
1431 4350 1581 4422 Domino
1599 4349 1793 4423 caritatem.
1809 4389 1857 4405 -

422 4442 506 4515 Cum
523 4445 559 4514 in
573 4444 672 4515 libris
688 4456 723 4516 et
736 4445 1090 4538 scriptisJudeornm,
1105 4447 1259 4519 maxime
1271 4448 1307 4517 in
1320 4447 1488 4520 Talmutis
1504 4447 1655 4539 etglosis
1672 4457 1708 4518 et
1722 4450 1858 4542 exposi-

423 4543 579 4614 tionibus
593 4543 799 4615 eorumdem
820 4543 962 4637 plurimi
982 4545 1230 4615 contineantur
1249 4566 1400 4633 errores,
1418 4548 1549 4639 pariter
1567 4554 1603 4616 et
1620 4545 1798 4634 horrores,
1815 4566 1856 4618 ac

420 4639 604 4712 blaslemie
624 4643 777 4713 nominis
787 4639 927 4711 Domini
944 4641 1050 4712 Jhesu
1060 4640 1186 4713 Christi
1205 4652 1241 4713 et
1258 4645 1335 4735 ejus
1354 4644 1575 4714 sanctissime
1591 4643 1854 4735 genitricisVir·

419 4739 512 4827 ginis
527 4738 636 4809 Marie
655 4749 691 4809 et
709 4737 863 4810 nominis
876 4739 1078 4829 christiani,
1094 4762 1164 4833 que
1183 4743 1301 4811 omnia
1320 4742 1509 4834 dampnata
1527 4752 1611 4812 sunt
1628 4751 1666 4810 ut
1685 4760 1854 4834 perversa

417 4836 551 4926 pariter
570 4847 606 4906 et
623 4836 774 4907 adversa
792 4832 877 4907 fidei
901 4837 1128 4928 orthodoxe,
1150 4837 1274 4925 vobis,
1295 4838 1341 4909 de
1359 4840 1460 4929 cujus
1479 4839 1693 4910 discretione
1710 4858 1752 4911 ac
1776 4837 1854 4911 zelo

417 4927 503 5002 fidei
522 4932 657 5002 firmam
678 4930 842 5003 fiduciam
862 4935 1082 5027 optinemhs,
1104 4945 1226 5007 tenore
1243 4939 1460 5029 presentium
1485 4931 1525 5033 [F
1544 4935 1589 5004 38
1609 4931 1643 5033 a]
1664 4935 1856 5008 committi-

419 5048 497 5100 mus
524 5031 560 5099 in
589 5039 662 5101 tota
689 5030 896 5102 senescallia
924 5032 1090 5124 Agenesii
1119 5034 1277 5128 plenarie
1305 5036 1403 5106 vices
1436 5045 1598 5122 nostras,
1622 5033 1787 5108 volentes
1819 5043 1855 5105 et
