4612 6404
947 718 950 726 ·
1029 695 1156 762 nutura
1181 696 1278 748 raas.
1799 682 1870 750 537

436 864 524 924 tasa
541 853 693 923 Domino
709 852 814 924 lhesn
831 852 968 923 Christo
985 854 1109 923 collata
1128 853 1283 923 Ecclesia
1297 853 1453 924 Romane
1467 866 1520 924 est
1538 855 1683 925 omnino
1701 867 1872 927 evacuata

427 960 470 1028 ,ει
494 950 705 1040 jamdudum
735 951 888 1020 cessavit
909 961 1052 1043 propter
1082 950 1255 1022 maliciam
1283 952 1514 1042 prelatorum,
1536 965 1571 1022 ει
1597 954 1692 1044 quod
1716 953 1870 1025 Ecclesia

436 1048 593 1119 Romana
621 1070 726 1140 quam
758 1061 877 1118 tenent
903 1069 991 1141 papa
1018 1060 1052 1117 et
1076 1050 1272 1118 cardinales
1291 1059 1325 1118 et
1351 1048 1468 1119 clerici
1489 1061 1523 1118 et
1549 1049 1704 1141 religiosi
1730 1072 1800 1120 non
1819 1061 1873 1122 εει

382 1208 385 1212 .
437 1144 594 1217 Ecclesia
615 1145 691 1229 Dei,
714 1156 767 1216 set
788 1146 972 1238 reprobata
994 1147 1140 1216 ecclesia
1159 1147 1235 1216 sine
1256 1148 1383 1216 tractu.
1400 1147 1501 1240 ltem,
1517 1147 1611 1239 quod
1632 1147 1785 1218 Ecclesia
1805 1150 1872 1221 tto-

438 1263 540 1314 maua
558 1254 612 1313 est
627 1243 683 1313 illa
701 1244 868 1313 meretrix
888 1265 956 1334 que
972 1264 990 1311 a
1008 1242 1077 1313 tide
1093 1243 1218 1313 Christi
1237 1244 1448 1335 apostatavit
1464 1245 1592 1336 deque
1609 1246 1730 1315 scribit
1744 1247 1872 1317 loban-

437 1343 504 1410 nes
517 1341 553 1410 in
572 1341 786 1433 apocalipsi.
804 1341 903 1426 ltem,
921 1342 1015 1430 qnod
1036 1352 1105 1412 tota
1125 1341 1180 1410 illa
1198 1354 1351 1434 potestas
1368 1343 1559 1434 spiritualis
1578 1337 1618 1438 [ι0
1636 1341 1704 1413 182
1716 1341 1752 1442 b]
1765 1365 1871 1435 quam

436 1436 594 1508 Christus
618 1437 713 1509 dedit
740 1439 894 1509 Ecclesie
915 1440 959 1508 ab
979 1440 1079 1509 initio
1100 1440 1266 1509 translata
1288 1453 1341 1510 εει
1366 1441 1400 1508 in
1422 1452 1551 1510 sectam
1578 1441 1716 1510 illorum
1738 1442 1797 1533 qui
1818 1442 1871 1511 di·

438 1547 565 1606 cuntur
581 1536 740 1629 Apostoli
758 1559 820 1606 seu
841 1539 886 1607 de
903 1536 1026 1606 ordine
1043 1537 1305 1629 Apostolorum,
1324 1549 1568 1628 quamsectam
1587 1551 1714 1609 vocant
1729 1561 1872 1630 congre

416 1637 612 1725 galiaeam
629 1635 847 1726 spiritualem
865 1657 884 1704 a
901 1635 973 1705 Deo
991 1636 1130 1704 missam
1147 1648 1182 1704 et
1197 1635 1343 1705 electam
1363 1639 1395 1704 in
1415 1636 1489 1705 istis
1507 1637 1709 1706 novissimis
1725 1637 1866 1724 dicbuS,

438 1744 472 1802 ει
490 1734 558 1824 ipsi
579 1745 614 1802 et
636 1733 723 1802 nulli
744 1733 802 1801 alii
826 1732 953 1802 babent
978 1744 1183 1823 potestatem
1210 1756 1314 1824 qnam
1341 1734 1464 1803 habuit
1483 1735 1606 1803 beatus
1626 1735 1747 1804 Petrus
1767 1756 1869 1827 apos·

437 1830 541 1900 tolus.
572 1831 671 1905 ltem.
694 1831 790 1921 qnod
810 1830 987 1900 Gerardus
1011 1831 1178 1920 Segarelli
1208 1831 1252 1901 de
1276 1832 1396 1900 Parma
1425 1832 1602 1924 predictus
1629 1833 1693 1901 luit
1719 1832 1867 1925 primum

437 1926 542 2021 hujus
567 1940 662 1998 secte
695 1940 811 2009 actor,
848 1931 930 2021 qui,
966 1940 1002 1997 ut
1022 1928 1190 1998 Duloinus
1210 1929 1295 1999 dicit
1324 1941 1359 1999 et
1378 1931 1519 2016 asserit,
1540 1929 1604 1997 luit
1632 1950 1724 1999 nova
1753 1931 1867 2022 planta

437 2023 497 2095 Dei
519 2025 695 2118 pullulans
715 2028 749 2094 iu
772 2027 890 2096 radice
907 2025 988 2096 fidei
1009 2030 1043 2094 in
1061 2049 1129 2118 qua
1149 2027 1242 2097 Deus
1259 2031 1351 2120 cepit
1372 2028 1540 2098 reducere
1559 2026 1747 2098 Ecclesiam
1768 2050 1867 2099 suam

437 2123 481 2192 ad
501 2125 829 2209 conversationem,
852 2135 887 2194 ει
907 2125 1181 2214 perlectionem,
1203 2137 1237 2195 et
1256 2126 1387 2211 vitam,
1411 2136 1446 2194 ει
1464 2138 1613 2211 statum,
1635 2137 1668 2194 et
1689 2140 1870 2217 pauperta-

438 2231 505 2290 tem
526 2223 674 2292 ecclesie
695 2223 874 2314 primitive
899 2225 934 2289 in
957 2223 1015 2292 illo
1039 2234 1130 2292 statn
1152 2223 1186 2291 in
1208 2244 1278 2313 qno
1302 2222 1459 2292 Cbristns
1486 2223 1661 2292 commisit
1686 2223 1868 2293 ecclesiam

436 2317 539 2390 beato
555 2320 656 2389 Petro
670 2321 843 2412 apostolo.
864 2320 962 2406 ltem,
985 2320 1080 2411 qnod
1100 2320 1165 2412 ipsi
1178 2321 1244 2390 soli
1258 2321 1318 2412 qui
1339 2320 1504 2390 dicuntur
1521 2320 1694 2412 Apostoli,
1717 2322 1869 2391 dedicta

436 2429 529 2486 secta
549 2439 612 2488 seu
633 2419 923 2509 congregatione,
946 2430 1028 2487 suut
1048 2419 1199 2488 Ecclesia
1221 2418 1281 2489 Dei
1303 2431 1338 2490 et
1357 2430 1440 2488 sunt
1459 2421 1494 2488 in
1516 2418 1574 2487 illa
1597 2419 1811 2511 perfectione
1831 2421 1868 2488 in

436 2534 504 2605 qna
525 2516 665 2586 luerunt
687 2518 787 2607 primi
815 2516 965 2608 apostoli
989 2516 1136 2596 Christi,
1158 2529 1193 2586 ει
1218 2516 1298 2586 ideo
1324 2539 1393 2586 non
1418 2526 1583 2586 tenentur
1607 2517 1710 2586 alicui
1732 2516 1865 2587 homini

435 2611 602 2699 obedire,
628 2636 694 2685 nec
719 2636 858 2684 summo
888 2613 1040 2705 pontifici
1068 2635 1132 2683 neo
1158 2615 1279 2699 alteri,
1302 2615 1383 2706 quia
1411 2636 1532 2685 eorum
1560 2615 1679 2705 regula
1707 2636 1777 2706 que
1802 2617 1868 2685 fuit

436 2710 638 2783 immediate
655 2735 674 2781 a
691 2711 828 2782 Christo
845 2713 953 2782 libera
970 2725 1022 2782 cst
1040 2724 1074 2781 ει
1090 2712 1341 2803 perfectissima
1358 2713 1443 2781 vita.
1458 2714 1557 2805 llam,
1574 2712 1669 2810 qnod
1688 2735 1752 2783 nec
1762 2734 1865 2807 papa,

437 2828 502 2878 neo
527 2809 654 2902 aliquis
677 2812 767 2879 alius
794 2822 909 2904 potest
931 2810 981 2880 eis
1012 2813 1191 2903 precipere
1215 2811 1311 2901 qnod
1339 2810 1502 2880 deserant
1527 2822 1655 2879 statum
1685 2811 1782 2879 illum
1803 2833 1866 2882 sen

437 2908 544 2976 vitam
572 2920 668 2979 tante
699 2909 944 3000 perlectioniS,
975 2929 1040 2978 neo
1063 2909 1167 2978 etiam
1197 2920 1312 3000 potest
1331 2930 1391 2979 eos
1420 2909 1740 2979 excommunicare.
1765 2908 1864 2996 ltem,

436 3005 529 3094 quod
551 3006 595 3076 de
613 3007 772 3097 quolibet
790 3018 881 3076 statu
902 3018 936 3075 et
956 3007 1080 3075 ordine
1102 3018 1216 3098 potest
1235 3007 1383 3098 quilibet
1403 3006 1496 3077 licite
1515 3006 1665 3076 transire
1683 3007 1726 3075 ad
1743 3027 1864 3076 eorum

436 3101 543 3171 vitam
571 3115 606 3173 et
631 3116 758 3173 statum
788 3127 849 3174 seu
878 3104 1062 3191 ordinem,
1091 3105 1169 3174 sive
1200 3105 1246 3173 sit
1273 3104 1457 3196 religiosus
1484 3105 1561 3174 sive
1585 3105 1779 3187 secularis,
1820 3106 1866 3175 ita

437 3203 530 3289 quod
552 3205 608 3270 vir
627 3202 708 3270 sine
723 3224 896 3271 consensu
920 3203 1055 3287 uxoris,
1073 3214 1108 3273 ει
1128 3223 1219 3273 uxor
1236 3203 1313 3272 sine
1332 3224 1506 3273 consensu
1527 3202 1614 3283 viri,
1632 3215 1746 3295 potest
1763 3202 1867 3273 relin-

435 3317 544 3387 quere
571 3311 698 3368 statum
729 3301 940 3369 matrimonii
969 3313 1004 3368 et
1031 3302 1162 3370 intrare
1188 3302 1347 3370 ordinem
1377 3305 1554 3392 ipsorum,
1577 3312 1612 3368 et
1632 3302 1726 3391 quod
1750 3301 1867 3372 nullus

438 3387 479 3489 [ll
500 3395 568 3468 tsa
588 3393 620 3495 c]
646 3397 799 3489 prelatus
819 3398 972 3467 Ecclesia
994 3410 1108 3490 potest
1131 3418 1295 3490 separare
1316 3399 1600 3482 matrimonium,
1621 3410 1675 3467 set
1699 3398 1765 3489 ipsi
1788 3419 1866 3490 pos·

434 3505 529 3565 suut.
551 3495 649 3578 Item,
670 3496 763 3587 quod
786 3497 902 3564 nullus
922 3497 966 3565 de
985 3497 1057 3565 vita
1076 3518 1138 3566 sen
1158 3496 1453 3565 statuvelordine
1474 3496 1627 3588 ipsorum
1640 3506 1754 3586 potest
1770 3495 1864 3566 licite

435 3588 565 3662 intrare
584 3595 690 3661 alium
712 3595 871 3663 ordinem
892 3616 953 3663 seu
976 3594 1130 3684 regulam
1157 3594 1234 3662 siue
1254 3604 1395 3685 peccato
1417 3594 1576 3677 mortali,
1603 3614 1667 3662 nec
1692 3603 1807 3684 potest
1825 3614 1864 3663 εε

432 3688 632 3782 subponere
666 3691 868 3761 obedientie
913 3690 1063 3760 bominis
1100 3693 1374 3781 cujuscumque,
1414 3690 1495 3781 quia
1536 3690 1601 3761 hoc
1643 3702 1737 3760 essct
1779 3690 1863 3760 des-

338 3837 343 3844 ·
433 3788 584 3858 condere
619 3809 637 3858 a
671 3789 741 3857 vita
778 3789 1026 3881 perfectissima
1047 3790 1090 3858 ad
1115 3792 1230 3857 minus
1260 3790 1462 3879 perlectam.
1485 3788 1593 3873 ltem,
1623 3790 1720 3879 quod
1747 3788 1864 3857 nullus

433 3897 548 3976 potest
579 3886 708 3955 salvari
747 3908 810 3956 nec
841 3887 971 3955 intrare
1003 3909 1147 3977 regnum
1185 3885 1355 3970 celorum,
1385 3885 1452 3954 nisi
1484 3886 1529 3954 sit
1559 3885 1604 3955 de
1630 3897 1722 3954 statu
1749 3899 1784 3955 et
1808 3906 1864 3956 or-

434 3981 515 4054 dine
534 3985 714 4074 ipsorum,
750 3985 830 4076 quia
863 3996 961 4053 extra
993 3994 1120 4053 statum
1150 4005 1210 4054 sen
1242 3983 1399 4052 ordinem
1429 3983 1526 4052 illum
1552 3983 1719 4076 deinceps
1747 3983 1864 4053 nullus

432 4081 639 4151 salvabitur.
660 4084 766 4165 ltem,
798 4082 891 4174 quod
923 4082 1125 4174 omnesqui
1146 4091 1381 4174 persequatur
1407 4100 1467 4150 eos
1492 4092 1637 4173 peccaut
1660 4093 1695 4151 et
1725 4092 1807 4150 sunt
1828 4083 1862 4150 in

432 4188 524 4249 statu
563 4179 821 4272 dampnationis
854 4190 888 4248 ει
919 4180 1140 4271 perditionis.
1175 4180 1281 4264 ltem,
1316 4179 1411 4270 quod
1442 4180 1557 4248 nullus
1591 4199 1679 4271 papa
1706 4179 1863 4249 Romane

431 4272 586 4346 Ecclesia
606 4288 721 4369 potest
740 4279 891 4368 aliquem
913 4277 1097 4348 absolvere
1117 4299 1201 4347 vere
1220 4299 1240 4347 a
1262 4276 1427 4368 peccatis,
1451 4277 1516 4346 nisi
1535 4287 1629 4346 esset
1649 4277 1695 4345 ita
1719 4287 1863 4346 sanctus

432 4375 522 4443 sicut
541 4373 606 4442 init
626 4376 749 4445 beatus
769 4375 890 4444 Petrus
909 4376 1089 4466 apostolus
1108 4376 1264 4445 vivendo
1282 4377 1317 4442 in
1337 4374 1538 4444 omnimoda
1559 4385 1765 4466 paupertate
1785 4373 1863 4443 sine

432 4473 574 4564 proprio
612 4484 647 4542 ει
673 4477 708 4541 iu
743 4473 957 4558 bumilitate,
987 4494 1055 4542 uou
1089 4473 1248 4543 iaciendo
1275 4493 1434 4563 guerras,
1467 4493 1529 4541 nec
1558 4471 1710 4562 aliquem
1743 4491 1863 4563 perse·

354 4588 359 4595 ·
431 4571 594 4660 quenda,
616 4584 670 4640 set
697 4568 930 4663 permittendo
957 4572 1080 4640 vivere
1098 4570 1290 4662 quemlibet
1309 4572 1343 4638 iu
1364 4591 1427 4640 sua
1445 4561 1744 4662 libertate‘ltem,
1764 4568 1861 4661 quod
1961 4630 1965 4637 .

432 4687 554 4738 omues
582 4669 705 4760 prelati
731 4669 884 4739 Romane
912 4666 1065 4737 Ecclesie
1093 4680 1161 4738 tam
1189 4668 1339 4757 majores
1358 4687 1463 4759 quam
1492 4667 1646 4737 minores
1665 4686 1684 4735 a
1705 4677 1863 4759 tempore

432 4767 542 4836 sancti
569 4766 749 4851 Silvestri,
770 4779 952 4858 postquam
972 4765 1275 4835 declinaverunta
1298 4764 1402 4834 modo
1422 4764 1567 4834 vivendi
1586 4764 1739 4856 priorum
1758 4785 1861 4834 sanc·

433 4874 570 4947 torum,
599 4878 681 4934 snat
708 4866 985 4956 prevaricatores
1012 4873 1047 4931 ει
1070 4862 1298 4945 seductores,
1324 4872 1473 4954 excepto
1498 4861 1604 4931 lratre
1630 4863 1675 4931 de
1701 4862 1862 4934 Marrone

431 4962 492 5054 qni
523 4963 588 5030 luit
621 4982 710 5054 papa
743 4961 936 5032 Celestinus
962 4959 1172 5052 appellatus.
1207 4960 1306 5046 ltem,
1335 4961 1431 5050 quod
1457 4979 1579 5029 omnes
1613 4957 1755 5029 ordines
1780 4959 1861 5029 reli·

431 5059 610 5151 giosorum
641 5070 676 5128 et
706 5060 926 5130 sacerdotum
956 5071 990 5128 et
1017 5056 1282 5151 dyachouorum
1304 5068 1339 5126 ει
1357 5056 1691 5152 subdyacbonorum
1721 5068 1756 5127 et
1781 5078 1861 5150 pre·

1666 5176 1704 5242 43
