4574 6404
965 631 1085 684 ruurru
1111 632 1208 684 raus.
1732 614 1799 683 127

373 786 451 859 ficte
472 807 682 859 conversum
708 798 743 858 et
768 788 1031 881 impenitentem
1058 804 1099 860 ac
1123 792 1301 882 periurum
1333 808 1374 857 ac
1400 788 1445 858 de
1472 798 1539 858 tam
1568 790 1701 860 enormi
1729 790 1797 860 cri·

372 886 465 956 mine
486 885 668 955 manifeste
692 906 730 955 se
754 887 1026 978 incorrigibilem
1052 886 1292 970 ostendendo,
1315 885 1481 977 omnique
1500 887 1611 977 gratia
1633 898 1669 957 et
1690 887 1795 958 mise·

372 982 524 1054 ricordia
542 995 577 1053 et
595 982 773 1053 audientia
794 993 958 1076 tauquam
981 985 1138 1077 relapsus
1163 985 1197 1053 in
1218 985 1368 1054 heresim
1390 984 1511 1054 lecerit
1533 1004 1573 1053 se
1593 984 1792 1076 indiguum,

373 1081 418 1151 ita
444 1080 540 1171 quod
569 1080 861 1172 promissionibus
896 1092 931 1152 et
954 1083 1162 1172 juramentis
1198 1082 1273 1152 suis
1301 1080 1394 1151 nulla
1421 1081 1467 1151 sit
1491 1078 1578 1151 fides
1607 1083 1653 1152 de
1680 1095 1797 1155 cetero

372 1177 586 1249 adhibenda.
615 1176 747 1250 ldcirco
775 1199 839 1250 nos
866 1180 989 1271 prelati
1015 1181 1254 1272 inquisitores
1282 1179 1327 1249 de
1347 1178 1536 1249 multorum
1554 1179 1727 1251 bonorum
1755 1202 1796 1252 ac

372 1277 563 1368 peritorum
597 1275 633 1344 in
663 1287 813 1367 utroque
839 1277 920 1366 jure
948 1287 982 1347 et
1012 1278 1255 1369 religiosorum
1291 1280 1447 1346 virorum
1479 1286 1616 1348 maturo
1646 1279 1795 1351 consilio

372 1371 576 1466 prehabito,
599 1372 769 1443 habentes
790 1395 851 1464 pre
872 1375 1004 1446 occulis
1022 1375 1136 1445 solum
1156 1375 1266 1445 Deum
1290 1385 1326 1444 et
1344 1374 1542 1445 orthodoxe
1562 1372 1646 1445 lidei
1665 1379 1796 1467 purita-

374 1481 460 1555 tem,
494 1470 727 1542 sacrosanctis
751 1470 813 1541 Dei
843 1472 1044 1564 Evangeliis
1069 1474 1190 1565 positis
1206 1491 1323 1542 coram
1349 1472 1451 1542 nobis
1478 1483 1515 1542 ut
1540 1472 1584 1542 de
1608 1472 1708 1542 vultu
1734 1475 1795 1545 Dei

373 1578 530 1639 nostrum
551 1568 699 1662 prodeat
713 1567 880 1659 juditium
903 1582 939 1640 et
964 1571 1074 1641 occuli
1096 1571 1206 1641 nostri
1227 1569 1372 1640 videant
1396 1571 1610 1661 equitatem,
1632 1570 1796 1642 sedentes

372 1686 433 1758 pro
459 1666 646 1751 tribunali,
671 1666 730 1736 die
753 1676 789 1736 et
811 1667 888 1738 loco
911 1669 1133 1760 presentibus
1158 1668 1204 1738 ad
1230 1666 1442 1737 audiendam
1467 1666 1688 1738 diffinitivam
1712 1689 1795 1739 sen-

372 1765 512 1833 tentiam
534 1765 649 1834 eidem
668 1763 709 1835 N.
736 1764 995 1857 perhemptorie
1017 1766 1225 1858 assignatis,
1246 1765 1395 1836 dicimus
1418 1776 1452 1835 et
1472 1787 1535 1859 per
1555 1775 1707 1836 nostram
1731 1766 1794 1837 dil·

372 1856 540 1931 linitivam
558 1864 767 1932 seutentiam
789 1865 824 1930 in
845 1862 914 1933 biis
935 1863 1157 1955 presentibus
1176 1863 1314 1955 scriptis
1336 1866 1607 1955 pronunciamus
1627 1876 1662 1934 et
1678 1864 1794 1935 decla·

372 1977 486 2028 ramus
509 1959 624 2052 ipsum
643 1958 684 2027 N.
703 1981 780 2029 esse
801 1961 977 2054 relapsum
998 1963 1033 2030 in
1052 1961 1204 2031 heresim
1224 1981 1245 2030 a
1262 1981 1301 2030 se
1322 1963 1356 2028 in
1373 1960 1502 2050 juditio
1522 1961 1737 2050 abjuratam3
1760 1973 1795 2033 et

370 2075 446 2125 cum
467 2049 509 2151 [N
527 2056 574 2124 70
595 2052 631 2153 b]
652 2055 805 2128 Ecclesia
827 2058 918 2128 ultra
945 2080 1014 2130 non
1039 2057 1168 2129 haheat
1185 2059 1280 2150 quod
1301 2058 1404 2127 iaciat
1430 2080 1493 2150 pro
1517 2061 1591 2128 suis
1614 2058 1794 2131 demeritis

370 2164 489 2225 contra
518 2157 656 2247 ipsum,
677 2154 809 2226 idcirco
834 2156 985 2227 eundem
1006 2157 1048 2227 N.
1072 2168 1237 2249 tanquam
1267 2157 1370 2225 talem
1394 2157 1625 2247 relinquimus
1648 2157 1792 2229 brachio

369 2262 403 2321 et
424 2251 555 2342 juditio
582 2253 679 2321 curie
704 2253 895 2341 secularis,
922 2256 1069 2326 eandem
1100 2255 1291 2325 affectuose
1319 2265 1498 2345 rogantes,
1522 2265 1624 2346 prout
1642 2255 1793 2325 suadent

368 2349 534 2420 canonice
552 2353 765 2436 sanctiones,
791 2353 957 2444 quatinus
976 2353 1062 2422 citra
1081 2362 1228 2423 mortem
1248 2362 1283 2422 et
1303 2352 1538 2422 membrorum
1559 2353 1634 2443 ejus
1655 2352 1794 2423 mutila·

368 2446 498 2519 tionem
518 2449 608 2519 circa
637 2449 750 2539 ipsum
775 2470 877 2519 sunm
895 2450 1061 2539 juditium
1086 2459 1121 2519 et
1138 2471 1237 2519 suam
1260 2450 1468 2519 sententiam
1505 2451 1705 2521 moderetur
1723 2446 1795 2541 (nel

367 2542 444 2614 sic:
465 2544 630 2637 quatinus
650 2545 757 2615 vitam
779 2557 814 2616 et
834 2547 989 2618 membra
1007 2547 1075 2618 sibi
1092 2545 1224 2616 illibata
1239 2549 1461 2638 conservet);
1479 2548 1612 2640 prelato
1627 2568 1712 2619 vero
1730 2546 1790 2635 N.,

367 2643 398 2710 si
426 2641 533 2733 digne
560 2642 774 2734 penituerit,
806 2647 977 2736 penitenti
1004 2664 1045 2714 ac
1081 2644 1211 2737 petenti
1240 2656 1496 2714 sacramentum
1528 2645 1723 2737 penitencie
1755 2656 1791 2715 et

368 2737 577 2809 eucharistie
598 2760 666 2811 non
691 2753 860 2833 negetur,
881 2741 965 2834 quin
989 2742 1108 2835 pocius
1132 2742 1361 2812 ministretur.
1384 2743 1464 2812 lata
1485 2743 1550 2812 suit
1570 2742 1633 2813 hec
1650 2751 1790 2813 senten·

367 2837 435 2924 tia,
457 2846 525 2907 etc.

366 3090 424 3155 30.
448 3093 580 3157 Forma
594 3110 679 3157 vero
695 3095 877 3158 sententie
893 3095 1095 3158 sacerdotis
1112 3095 1249 3175 relapsi
1271 3096 1311 3159 in
1333 3095 1491 3159 heresim
1517 3095 1578 3176 qui
1597 3095 1707 3160 luerit
1726 3096 1788 3159 de·

402 3200 617 3276 medendus
638 3208 674 3263 et
693 3201 917 3278 degradatus
933 3202 1136 3266 tradendus
1154 3202 1303 3266 brachio
1321 3210 1358 3267 et
1373 3203 1510 3281 juditio
1525 3203 1624 3266 curie
1646 3204 1787 3268 secula·

403 3307 457 3371 ris
470 3308 606 3386 poterit
619 3309 673 3372 sic
688 3309 857 3374 concludi
872 3357 879 3371 .

412 3523 450 3594 ln
474 3526 616 3596 nomine
634 3525 795 3610 Domini,
816 3546 933 3596 amen.
955 3523 1125 3607 Quoniam
1147 3546 1210 3597 nos
1233 3526 1418 3619 episcopus
1439 3525 1481 3594 N.
1503 3537 1538 3596 et
1561 3527 1786 3619 inquisitores

366 3619 518 3693 heretice
540 3623 735 3715 pravitatis.
759 3633 843 3707 etc..
870 3629 908 3692 ut
928 3643 1051 3716 supro,
1071 3645 1178 3716 usque
1197 3622 1248 3695 ibi
1264 3624 1394 3716 infra:
1417 3624 1565 3694 dicimus
1585 3636 1620 3694 et
1640 3645 1700 3717 per
1719 3623 1787 3694 dil-

365 3715 534 3790 finitiuam
554 3720 765 3790 sententiam
790 3724 826 3789 in
844 3720 913 3790 hiis
934 3721 1155 3814 presentibus
1173 3721 1312 3814 scriptis
1332 3724 1604 3814 pronunciamus
1621 3732 1656 3791 et
1674 3721 1788 3793 decla·

365 3835 481 3887 mmus
501 3819 615 3911 ipsum
636 3818 740 3888 talem
765 3819 807 3889 N.
830 3818 1048 3889 sacerdotem
1068 3840 1146 3888 esse
1165 3819 1340 3912 relapsum
1369 3820 1403 3888 in
1423 3818 1575 3889 heresim
1603 3819 1639 3888 in
1658 3818 1787 3908 juditio

364 3914 579 4006 abjuratam,
602 3916 692 3985 etin
713 3917 864 3987 eundem
884 3916 1103 3987 sacerdotem
1124 3925 1295 4010 perpetuo
1314 3917 1544 4009 depositionis
1565 3929 1600 3987 et
1615 3916 1786 4007 degrada·

365 4011 469 4083 tionis
486 4033 506 4082 a
526 4014 733 4084 sacerdotali
753 4025 789 4084 et
807 4014 903 4085 omni
924 4014 993 4084 alio
1012 4013 1137 4084 ordine
1155 4015 1365 4084 senteutiam
1386 4014 1529 4085 ierimus
1546 4015 1580 4084 in
1597 4012 1666 4085 hiis
1680 4017 1786 4106 scrip

365 4109 427 4200 tis,
455 4112 727 4203 pronunciantes
753 4112 1001 4183 nichilominus
1027 4111 1140 4205 ipsum
1167 4115 1282 4182 statim
1310 4112 1492 4183 actualiter
1519 4123 1555 4181 et
1579 4115 1615 4181 in
1636 4112 1787 4182 lormaa

360 4207 439 4297 jure
466 4208 592 4279 tradita
618 4209 882 4300 degradandum
910 4220 946 4280 et
969 4209 1121 4280 eundem
1150 4211 1244 4280 omni
1271 4210 1421 4281 clericali
1441 4208 1576 4280 honore
1599 4204 1641 4305 [l0
1661 4210 1706 4278 70
1726 4206 1759 4307 c]
1772 4264 1782 4300 ‚

363 4303 508 4399 babitu,
526 4315 560 4377 et
581 4315 746 4393 tonsura,
766 4319 802 4377 et
821 4306 1007 4401 privilegio
1026 4307 1250 4397 exuendum,
1272 4328 1313 4378 ac
1332 4318 1513 4400 postquam
1538 4307 1588 4377 sic
1612 4306 1786 4399 degrada-

363 4412 418 4473 tus
438 4403 563 4491 luerit,
586 4425 664 4473 cum
684 4404 838 4475 Ecclesia
858 4405 948 4474 ultra
969 4425 1038 4474 non
1056 4404 1184 4474 habeat
1203 4405 1289 4496 quid
1308 4406 1410 4474 laciat
1430 4426 1492 4498 pro
1511 4405 1585 4475 suis
1605 4404 1785 4476 demeritis

362 4509 481 4571 contra
501 4504 642 4594 ipsum,
667 4502 816 4572 dicimus
833 4512 868 4573 et
886 4501 1159 4595 pronunciamus
1178 4524 1257 4573 cum
1279 4503 1353 4574 iore
1374 4502 1581 4574 tradendum
1600 4523 1663 4572 seu
1684 4502 1786 4572 relin-

362 4598 541 4690 quendum
566 4598 710 4670 brachio
737 4609 772 4670 et
798 4599 928 4690 juditio
948 4600 1044 4670 curie
1069 4599 1257 4688 secularis3
1280 4599 1436 4687 demum,
1465 4601 1534 4670 lata
1550 4622 1612 4694 per
1639 4621 1701 4671 nos
1720 4598 1785 4670 hu-

358 4696 512 4786 jusmodi
532 4699 719 4785 sententia,
741 4698 986 4791 utprelertur:
1009 4697 1079 4768 Nos
1097 4697 1175 4767 talis
1194 4701 1394 4792 episcopus,
1415 4697 1660 4768 assistentibus
1680 4697 1783 4768 nobis

361 4794 624 4865 venerabilibus
650 4795 807 4887 patribus
831 4816 871 4866 ac
895 4795 1046 4867 dominis
1068 4794 1195 4865 talibus
1215 4806 1250 4866 et
1268 4795 1397 4866 talibus
1416 4798 1590 4888 episcopis
1609 4796 1707 4888 (uno,
1728 4796 1785 4866 vel

363 4888 506 4978 daubo,
528 4893 582 4962 vet
600 4892 739 4986 tribea),
760 4914 838 4963 cum
861 4893 977 4985 plures
996 4894 1041 4962 ad
1062 4892 1128 4963 hoc
1147 4896 1330 4987 episcopos
1348 4893 1479 4964 habere
1496 4894 1643 4965 comode
1659 4894 1781 4987 nequi·

361 4987 533 5077 verimus,
553 5001 589 5061 et
604 4991 789 5061 abbatibus
809 4991 937 5061 talibus
963 5002 998 5062 et
1028 4989 1201 5082 religiosis
1221 4991 1307 5061 viris
1321 5011 1363 5062 ac
1381 4991 1530 5080 clericis,
1550 4992 1782 5064 incontinenti
