4574 6404
919 701 1039 753 rursm
1066 699 1184 752 reuss
1691 682 1752 749 itt

327 859 493 952 conpruis
519 860 557 928 iu
581 859 663 930 ucis
682 857 746 927 sibi
769 858 1060 951 competentibus,
1082 867 1195 953 prout
1219 859 1370 951 qualitas
1389 866 1423 928 et
1447 859 1605 929 uarietas
1631 859 1758 929 talium

327 957 484 1050 caeperit
494 1013 503 1043 ,
525 955 619 1051 quod
636 978 682 1026 ea
700 963 835 1026 uoturo
853 963 888 1026 et
905 962 1048 1028 tratura
1063 978 1269 1049 processum
1289 956 1453 1050 liquidius
1471 957 1674 1049 apparebit.

327 1186 384 1250 37.
408 1186 542 1250 Forma
557 1186 739 1248 sententie
753 1185 862 1263 alicuj
870 1199 911 1247 us
924 1185 1075 1249 heretici
1089 1187 1267 1250 obstinati
1282 1187 1326 1249 de
1341 1194 1442 1249 secta
1454 1203 1518 1249 seu
1534 1185 1655 1248 heresi
1673 1200 1758 1264 quo-

363 1294 532 1358 rumdam
548 1293 663 1372 quise
679 1293 810 1356 dicunt
828 1292 1015 1369 Beguinos
1037 1311 1101 1357 seu
1115 1309 1293 1374 pauperes
1308 1295 1445 1358 Christi
1467 1294 1544 1356 sive
1567 1294 1610 1356 de
1628 1293 1756 1355 ordine

363 1390 607 1482 penitentium
623 1400 819 1479 appellato,
841 1409 878 1464 et
891 1399 1109 1481 profitentur
1123 1403 1277 1465 terciam
1299 1401 1466 1477 regulam
1492 1400 1621 1464 Sancti
1639 1399 1754 1461 Fran-

364 1509 463 1584 cisci,
478 1516 694 1588 separantes
707 1524 745 1571 se
760 1525 783 1572 a
797 1510 1060 1573 communitate
1077 1509 1233 1573 aliorum
1249 1517 1286 1572 et
1300 1517 1516 1588 potestatem
1530 1523 1622 1586 pape
1637 1514 1673 1569 et
1689 1508 1757 1571 Ec-

365 1615 476 1678 clesie
492 1623 723 1679 enervantes.

375 1827 428 1927 [1⁴¹⁰
448 1831 493 1899 77
515 1828 551 1929 d]
571 1832 608 1900 ln
630 1833 771 1902 nomine
790 1831 943 1919 Domini,
960 1854 1076 1903 amen.
1090 1833 1229 1903 Dudum
1250 1853 1313 1903 nos
1332 1832 1417 1902 tales
1434 1855 1474 1903 ac
1491 1834 1590 1920 tales,
1612 1832 1757 1923 inquisi-

331 1941 420 2000 tores
447 1928 601 1999 heretice
628 1929 827 2021 pravitatis,
851 1952 914 2023 per
941 1931 1204 2022 inquisitionem
1231 1951 1300 2022 que
1328 1930 1365 1999 fit
1394 1931 1605 2020 generaliter
1634 1939 1756 1999 contra

329 2048 449 2098 omnes
466 2026 626 2112 infectos,
645 2039 848 2118 suspectos,
870 2041 931 2097 aut
951 2039 1089 2099 notatos
1107 2029 1152 2098 de
1172 2028 1324 2098 heretica
1346 2029 1518 2121 pravitate
1539 2028 1754 2112 invenimus

330 2145 465 2196 necnon
503 2146 566 2216 per
593 2125 850 2196 confessionem
879 2127 1056 2218 propriam
1083 2126 1160 2195 talis
1186 2125 1227 2193 N.
1255 2126 1299 2196 de
1325 2126 1384 2195 tali
1410 2127 1486 2197 loco
1520 2127 1577 2218 qui
1601 2125 1686 2195 dicit
1723 2136 1758 2195 et

329 2223 463 2307 asserit,
483 2234 517 2291 et
539 2244 600 2314 per
618 2222 794 2316 publicum
814 2223 1100 2309 instrumentum,
1122 2223 1176 2294 vel
1200 2246 1261 2316 per
1279 2233 1386 2294 testes
1402 2244 1518 2294 coram
1534 2223 1636 2294 nobis
1651 2222 1755 2293 fidem

329 2320 407 2390 fecit
425 2341 464 2390 se
484 2340 563 2389 esse
583 2321 627 2390 de
654 2321 761 2391 tercio
781 2322 906 2390 ordine
929 2323 1048 2392 Sancti
1067 2322 1265 2407 Francisci,
1288 2322 1412 2391 factam
1433 2322 1468 2390 iu
1494 2321 1645 2411 iuditio,
1669 2321 1756 2412 legi-

330 2417 409 2487 time
436 2416 538 2488 nobis
562 2429 699 2488 constat
724 2421 818 2510 quod
847 2419 961 2489 dictus
986 2421 1065 2489 talis
1086 2419 1128 2489 N.
1152 2420 1237 2489 dicit
1264 2432 1299 2489 et
1323 2421 1449 2490 asserit
1475 2418 1699 2511 pertinaciter
1718 2438 1757 2488 se

328 2515 470 2585 credere
494 2525 529 2585 et
550 2527 669 2585 tenere
696 2517 792 2607 quod
814 2536 882 2587 non
908 2530 962 2587 est
986 2517 1223 2588 obediendum
1251 2517 1355 2587 alicui
1385 2518 1518 2608 prelato
1548 2516 1754 2609 precipieuti

329 2612 537 2705 quibusdam
563 2615 820 2705 professoribus
841 2615 961 2706 regule
978 2616 1112 2687 ordinis
1131 2616 1246 2685 Sancti
1267 2615 1439 2689 francisci
1460 2615 1556 2707 quod
1575 2616 1753 2707 deponant

328 2711 495 2801 quosdam
520 2710 661 2781 habitus
683 2724 800 2783 curtos
829 2726 862 2782 et
892 2715 1051 2796 strictos,
1082 2713 1262 2783 difformes
1283 2713 1327 2782 ab
1354 2713 1532 2783 habitibus
1555 2717 1751 2784 communi·

328 2809 406 2878 tatis
424 2809 572 2899 aliqrum
595 2811 687 2879 dicte
707 2812 828 2900 regule
849 2812 1100 2903 professorum,
1118 2833 1207 2902 quos
1224 2832 1285 2902 per
1302 2831 1341 2879 se
1359 2812 1453 2902 ipsos
1469 2823 1748 2902 assumpserunt.

328 2905 428 2989 Item,
457 2906 551 2999 quod
578 2907 694 2976 nullus
715 2908 913 2979 mortalium
934 2920 1048 3003 potest
1068 2931 1128 2979 eos
1148 2930 1274 3000 cogere
1298 2909 1343 2978 ad
1359 2909 1453 3001 ipsos
1472 2908 1610 2978 habitus
1631 2909 1751 2979 dimit-

330 3002 464 3090 tendos,
487 3027 532 3075 ex
556 3026 599 3074 eo
619 3007 713 3096 quod
735 3006 819 3076 illud
844 3018 897 3077 est
919 3018 1040 3077 contra
1063 3007 1324 3077 observantiam
1354 3010 1485 3099 prefate
1511 3007 1630 3096 regule
1655 3007 1750 3077 Beati

328 3100 496 3172 francisci
524 3113 558 3172 et
584 3103 660 3196 ejus
690 3104 960 3194 intelligentiam
984 3116 1097 3175 etesi
1121 3126 1181 3196 per
1200 3126 1420 3196 consequeus
1444 3117 1564 3174 contra
1590 3105 1751 3196 Evange-

329 3198 409 3268 lium
430 3210 465 3270 et
484 3210 605 3271 contra
633 3199 758 3287 fidem,
787 3213 822 3272 et
844 3205 948 3272 etiam
962 3224 989 3272 e
1005 3224 1177 3272 converso
1197 3203 1283 3271 alias
1303 3203 1394 3272 diota
1425 3201 1543 3293 regula
1567 3224 1638 3273 nou
1658 3214 1752 3273 esset

328 3300 465 3391 penitus
503 3299 596 3368 idem
631 3299 727 3390 quod
770 3300 890 3390 regula
929 3300 1165 3391 evangelica,
1205 3313 1239 3369 et
1275 3300 1481 3392 impugnare
1526 3300 1611 3370 tales
1652 3300 1750 3370 habi·

330 3409 381 3473 tus
412 3410 448 3471 et
483 3417 611 3488 cogere
645 3408 824 3488 portantes
863 3420 924 3469 eos
958 3398 1003 3467 ad
1037 3398 1284 3490 deponendum
1323 3398 1504 3468 veritatem
1539 3410 1593 3468 est
1630 3410 1751 3470 contra

329 3499 509 3569 veritatem
533 3495 625 3564 dicte
654 3496 773 3586 regule
800 3508 836 3566 et
863 3518 924 3589 per
950 3517 1169 3586 consequeus
1194 3507 1314 3567 contra
1340 3494 1569 3586 Evangelium
1591 3491 1631 3592 [f0
1650 3497 1695 3564 78
1714 3493 1747 3594 a]

329 3608 361 3668 et
397 3595 522 3679 fidem,
558 3603 594 3663 et
626 3602 680 3662 est
711 3594 821 3665 verbo
852 3606 887 3664 et
923 3596 1013 3665 facto
1050 3593 1175 3664 Christi
1209 3594 1437 3685 Evangelium
1471 3609 1506 3664 et
1542 3595 1618 3684 ejus
1649 3616 1751 3684 regu-

329 3695 393 3765 lam
423 3695 655 3786 impugnare,
688 3704 722 3761 et
751 3694 845 3783 quod
872 3714 917 3762 ex
945 3693 1011 3763 hoc
1037 3704 1245 3784 sequeretur
1278 3693 1468 3763 destructio
1498 3694 1569 3762 vite
1599 3691 1747 3779 Christi,

328 3804 360 3864 et
376 3791 444 3863 hoc
468 3803 522 3861 est
544 3790 717 3860 Christum
744 3791 789 3861 de
812 3811 991 3884 synagoga
1012 3793 1139 3860 eicere.
1169 3790 1268 3876 Item,
1291 3791 1386 3882 quod
1407 3789 1534 3881 illiqui
1557 3789 1750 3881 procedunt

328 3901 443 3962 contra
465 3890 589 3959 fratres
612 3900 790 3980 portantes
811 3889 922 3959 dictos
948 3888 1089 3958 habitus
1108 3898 1226 3959 curtos
1246 3900 1281 3958 et
1302 3888 1442 3958 strictos
1467 3889 1602 3957 suntin
1630 3909 1749 3959 errore

328 3998 445 4060 contra
462 3987 646 4057 veritatem
668 3987 872 4078 evangelice
900 3987 1020 4076 regule
1040 4000 1074 4057 et
1101 4008 1163 4078 per
1181 4007 1401 4078 consequeus
1423 3997 1544 4055 contra
1568 3985 1748 4055 veritatem

327 4081 538 4178 Evangeliffl
569 4095 604 4154 et
639 4082 734 4154 fidei.
771 4085 877 4170 ftem,
912 4084 1007 4175 quud
1030 4085 1195 4155 dominus
1222 4105 1309 4178 papa
1347 4104 1415 4153 non
1443 4082 1566 4152 habuit
1596 4104 1660 4153 nec
1688 4083 1748 4153 ha·

328 4183 383 4255 bet
397 4193 604 4277 potestatem
625 4204 687 4253 seu
703 4184 945 4253 auctoritatem
965 4182 1115 4252 faciendi
1133 4183 1319 4273 quamdam
1340 4181 1624 4251 constitutionem
1643 4202 1749 4272 quam

329 4282 407 4353 fecit
426 4280 471 4350 de
493 4280 640 4350 consilio
662 4281 907 4365 cardinalium,
924 4281 1024 4371 cujus
1047 4291 1146 4350 tenor
1161 4281 1283 4373 incipit
1306 4305 1312 4347 :
1339 4278 1585 4355 Quorumdam
1594 4303 1610 4364 ;
1629 4279 1663 4348 in
1680 4300 1750 4371 qua

330 4380 538 4471 prefatorum
560 4378 643 4447 dicti
661 4378 795 4448 ordinis
810 4378 940 4469 juditio
960 4377 1136 4448 commisit
1155 4378 1390 4448 determinare
1414 4388 1449 4444 et
1467 4377 1629 4447 arbitrari
1649 4379 1749 4467 cujus

329 4476 556 4569 longitudinis
574 4488 608 4545 et
629 4475 822 4545 latitudinis
843 4477 954 4546 forme
973 4497 1036 4546 seu
1056 4473 1168 4566 figure
1188 4488 1224 4545 et
1242 4475 1407 4544 similium
1429 4474 1661 4544 accidentium
1683 4476 1746 4545 de·

328 4574 432 4646 beant
448 4595 527 4644 esse
549 4573 689 4643 habitus
710 4574 945 4667 professorum
963 4573 1055 4643 dicte
1073 4573 1194 4663 regule
1214 4584 1249 4642 et
1267 4573 1367 4661 cujus
1387 4583 1589 4663 quanteque
1606 4573 1750 4642 vilitatis

329 4672 546 4742 vestimentis
566 4671 664 4739 indui
684 4682 845 4764 opportet
866 4672 960 4764 ipsos
979 4671 1123 4754 fratres,
1145 4683 1180 4739 et
1194 4672 1336 4762 insuper
1351 4669 1587 4739 determinare
1607 4680 1642 4738 et
1657 4671 1750 4740 arbi-

330 4770 409 4839 trari
430 4790 471 4839 ac
490 4769 670 4862 precipere
689 4790 760 4859 quo
778 4789 883 4854 casu,
906 4766 1069 4859 qualiter,
1090 4767 1168 4855 ubi,
1187 4781 1221 4839 et
1240 4769 1405 4859 quando,
1427 4779 1463 4836 et
1480 4767 1648 4858 quociens
1667 4788 1748 4860 gra·

329 4888 430 4952 uum,
455 4887 579 4958 panem
601 4877 636 4934 et
655 4865 776 4934 vinum
799 4888 862 4959 pro
880 4866 952 4935 vite
970 4866 1114 4935 fratrum
1140 4866 1348 4936 necessariis
1368 4865 1493 4936 fratres
1515 4865 1579 4957 ipsi
1599 4887 1750 4956 querere

328 4963 495 5046 debeant,
514 4983 725 5033 conservare
745 4985 807 5034 seu
829 4983 1019 5056 reponere3
1042 4972 1078 5032 et
1099 4963 1256 5034 districte
1274 4961 1500 5056 precipiendo
1521 4965 1701 5034 mandavit
1716 4964 1750 5033 in

328 5061 491 5153 predictis
511 5060 596 5131 etin
617 5060 793 5132 similibus
812 5061 1016 5132 eorumdem
1039 5060 1250 5154 prelatorum
1272 5060 1470 5148 arbitrium,
1490 5061 1752 5155 determinatio
