4574 6404
845 638 965 692 renni
989 635 1088 692 rans.
1634 619 1681 689 87

248 793 501 868 commissariis
528 795 741 888 supradictis
767 797 988 868 reverendus
1017 796 1053 866 in
1078 793 1215 866 Christo
1243 804 1399 887 pateret
1425 793 1590 865 dominns
1617 794 1680 866 do-

251 894 367 965 minus
394 893 437 962 N.
471 893 549 965 talis
586 893 872 987 archiepiscopus
906 894 963 966 vel
991 894 1177 987 episcopus
1204 891 1282 963 talis
1313 890 1410 962 dedit
1442 900 1477 962 et
1507 892 1681 964 concessit

250 1012 313 1086 per
339 1011 421 1062 suas
446 1000 607 1084 patentes
631 990 764 1064 litteras
789 992 964 1064 licentiam
985 991 1188 1086 specialem,
1210 989 1376 1083 predictis
1394 989 1452 1060 die
1474 999 1509 1059 et
1530 989 1606 1061 loco
1625 1011 1679 1061 se-

251 1088 368 1160 dendo
383 1109 448 1184 pro
465 1088 653 1175 tribunali,
668 1089 874 1180 judicandi,
889 1087 1089 1160 dilliniendi
1107 1096 1142 1159 et
1158 1087 1275 1160 omnia
1291 1087 1359 1157 alia
1379 1086 1553 1173 faciendi,
1571 1109 1681 1180 quan-

252 1186 389 1257 tumad
413 1206 582 1279 personas
606 1186 709 1259 etde
736 1186 895 1280 personis
920 1208 1063 1258 suarum
1090 1185 1281 1281 dyocesum
1308 1184 1499 1277 unicuique
1524 1185 1678 1279 ipsorum

250 1282 401 1354 subditis
420 1283 510 1354 inira
532 1282 692 1377 scriptis,
712 1285 933 1378 presentibus
954 1284 1085 1356 ibidem
1104 1283 1200 1354 curia
1220 1280 1331 1374 regali
1349 1291 1385 1353 et
1406 1281 1533 1352 talibus
1552 1303 1679 1354 consu-

251 1380 343 1453 libus
366 1389 402 1451 et
419 1380 505 1452 cleri
525 1402 567 1452 ac
591 1381 711 1475 populi
733 1381 957 1452 multitudine
978 1376 1020 1478 [l0
1040 1379 1084 1450 l8
1104 1377 1141 1479 b]
1161 1381 1325 1475 copiosa,
1344 1387 1379 1450 et
1398 1400 1453 1450 me
1472 1378 1515 1450 N.
1539 1380 1597 1450 tali
1618 1400 1680 1451 no·

253 1478 341 1549 tario
356 1478 446 1549 inlra
461 1478 592 1572 scripto
611 1481 672 1572 qni
690 1501 834 1572 presens
850 1480 1007 1566 interlui,
1029 1489 1064 1550 et
1080 1479 1126 1550 de
1146 1478 1310 1548 mandato
1326 1498 1389 1549 seu
1403 1477 1503 1567 jussu
1524 1477 1679 1569 religiosi

251 1575 320 1645 viri
339 1575 382 1647 N.
411 1575 488 1646 talis
512 1576 753 1668 inquisitoris,
775 1577 893 1672 recepi
921 1588 956 1647 et
980 1576 1103 1672 scripsi
1124 1597 1192 1647 nna
1211 1598 1290 1647 cnm
1315 1574 1442 1645 talibus
1461 1575 1606 1647 notariis
1623 1578 1679 1646 in·

251 1673 300 1744 lra
326 1674 394 1743 scri
423 1674 479 1745 tis.

296 1696 570 1864 Euprguuuur
594 1773 741 1845 ucmluu
767 1771 1010 1868 episcoporum
1035 1777 1068 1842 ei
1092 1771 1344 1868 inquisitorum
1370 1777 1402 1842 el
1421 1768 1677 1843 commissario·

249 1889 335 1939 rum
352 1890 465 1964 supra
483 1869 522 1940 iu
541 1870 623 1941 locis
640 1869 723 1941 suis.

249 2095 284 2160 3.
309 2058 442 2162 Forma
457 2098 662 2178 juramenti
682 2098 879 2163 senescalli
906 2106 943 2163 et
964 2097 1160 2164 curialium
1184 2097 1325 2162 domlni
1349 2097 1449 2175 regis
1472 2112 1587 2162 manu
1609 2095 1680 2160 ele.-

652 2213 741 2271 uata
754 2206 802 2270 ad
817 2205 954 2271 librum
973 2204 1274 2283 Evangelicrum.

298 2418 369 2491 Nos
395 2420 474 2491 talis
496 2421 735 2504 senescallus,
757 2432 793 2494 et
820 2421 898 2493 talis
923 2421 1078 2493 vicarius
1103 2418 1273 2509 Tholose,
1298 2430 1333 2491 et
1353 2419 1432 2491 talis
1448 2420 1564 2510 judex
1582 2420 1679 2493 ordi·

251 2516 370 2588 narius
389 2517 439 2608 (et
456 2516 507 2591 sic
525 2518 569 2590 de
587 2518 669 2590 aliis
687 2517 902 2613 officialibus
916 2516 1133 2614 presentibus
1156 2518 1317 2610 thedom,
1340 2521 1501 2609 juramus
1528 2540 1591 2612 per
1616 2518 1681 2591 hec

250 2625 370 2686 sancta
396 2615 458 2687 Dei
482 2615 673 2709 Evangelia
694 2617 789 2709 qnod
810 2615 914 2688 fidem
936 2617 1074 2690 Domini
1093 2617 1203 2689 nostri
1227 2614 1335 2688 lhesn
1360 2613 1486 2686 Christi
1506 2625 1542 2687 et
1559 2628 1680 2689 sancte

249 2710 410 2784 Romane
430 2712 586 2786 Ecclesia
614 2715 811 2786 tenebimus
838 2726 874 2786 et
901 2726 1023 2787 tenere
1051 2715 1220 2785 iaciemus
1246 2725 1281 2785 et
1307 2714 1418 2808 ipsam
1448 2713 1679 2786 defendemus

251 2830 316 2902 pro
343 2810 481 2883 viribus
506 2821 628 2883 contra
652 2833 793 2902 omnes,
824 2813 907 2883 item
935 2812 1029 2906 quod
1054 2812 1250 2898 hereticos,
1271 2811 1476 2895 credentes,
1503 2811 1677 2900 fautores,

250 2916 488 3001 receptatores
514 2930 555 2980 ac
580 2909 785 2982 defensores
812 2931 934 2981 eorum
962 2930 1099 2981 necnon
1126 2931 1190 3003 pro
1216 2909 1331 2981 heresi
1355 2908 1539 3000 lugittivos
1560 2930 1680 3002 perse·

248 3025 399 3096 qnemus
426 3017 461 3077 et
488 3007 666 3100 capiemus
693 3029 755 3079 seu
779 3008 857 3101 capi
884 3008 1053 3079 iaciemus
1078 3008 1374 3100 quandocumque
1398 3006 1614 3099 poterimus,
1644 3020 1680 3081 et

248 3102 494 3175 accusabimus
518 3115 553 3176 et
577 3105 870 3177 denunciabimos
888 3104 1038 3176 Ecclesie
1059 3115 1094 3176 et
1112 3104 1394 3199 inquisitoribus,
1414 3104 1445 3175 si
1464 3104 1592 3176 alicubi
1611 3106 1678 3177 sci·

249 3201 408 3271 verimus
425 3222 486 3273 eos
503 3222 581 3273 esse
596 3203 653 3274 vel
674 3203 827 3296 aliquem
844 3203 890 3275 de
909 3202 1094 3296 predictis;
1114 3203 1196 3273 item
1216 3202 1312 3297 quod
1332 3223 1402 3274 non
1419 3205 1678 3277 committemus

249 3297 401 3389 bajuliae
416 3352 426 3386 ,
448 3299 668 3391 judicatores
691 3301 750 3372 vel
768 3301 1091 3372 administrationes
1110 3300 1218 3389 alias,
1241 3320 1305 3371 nec
1321 3300 1390 3370 alia
1406 3298 1522 3371 officia
1539 3301 1680 3395 publica

247 3395 356 3467 alicui
382 3395 429 3467 de
451 3397 621 3490 predictis
644 3398 803 3491 personis
854 3398 1027 3490 astiteris,
1051 3419 1116 3471 nec
1141 3400 1313 3492 suspectis
1340 3407 1403 3468 aut
1420 3397 1611 3470 diffamatis
1632 3399 1678 3472 de

250 3491 394 3580 heresi,
412 3515 477 3566 nec
492 3495 597 3566 alieni
616 3496 673 3566 cni
692 3491 734 3593 [p
750 3493 794 3565 l8
808 3421 1064 3594 cfimpositum
1082 3497 1186 3566 luerit
1202 3496 1340 3567 ratione
1352 3496 1509 3566 criminis
1529 3496 1677 3585 heresis,

252 3591 311 3662 vel
337 3591 425 3663 alias
449 3592 663 3686 prohibitum
689 3594 734 3664 ab
758 3593 1046 3686 inquisitoribus,
1068 3593 1124 3664 vel
1148 3615 1168 3664 a
1188 3595 1291 3686 jure,
1312 3593 1408 3686 qnod
1431 3593 1582 3687 publicis
1606 3593 1682 3666 olfi-

250 3687 316 3759 ciis
336 3709 408 3760 non
428 3690 640 3782 longantur,
662 3711 728 3763 nec
746 3711 808 3762 eos
826 3691 875 3760 uti
896 3692 1062 3784 predictis
1082 3712 1147 3763 nec
1167 3703 1287 3763 tenere
1306 3689 1420 3764 cilicia
1441 3691 1580 3785 publica
1601 3713 1681 3786 per-

249 3789 452 3876 mittemus;
479 3788 562 3859 item
591 3788 686 3880 quod
712 3789 846 3860 nullum
874 3788 919 3859 de
944 3789 1109 3882 predictis
1135 3789 1366 3884 recipiemus,
1389 3810 1454 3860 nec
1470 3789 1678 3861 habebimus

248 3886 287 3954 in
311 3894 430 3956 nostra
458 3885 589 3956 lamilia
610 3887 667 3957 vel
685 3886 864 3960 consortio
892 3886 949 3957 vel
968 3886 1115 3959 servitio
1134 3908 1198 3958 nec
1215 3889 1251 3956 in
1267 3899 1388 3959 nostro
1406 3886 1554 3960 consilio
1567 3887 1679 3958 scien-

249 3994 321 4066 ter;
344 3995 379 4053 et
400 3983 430 4053 si
448 3982 538 4054 forte
556 3985 770 4054 contrarium
797 3984 926 4054 lactum
947 3985 1051 4055 fuerit
1072 3984 1288 4075 ignoranter,
1309 3984 1402 4070 illos,
1423 3994 1610 4079 postquam
1632 3985 1678 4055 ad

247 4077 415 4151 noticiam
440 4092 594 4151 nostram
616 4103 679 4174 per
702 4081 928 4175 inquisitores
954 4081 1108 4154 heretice
1133 4082 1316 4176 pravitatis
1341 4081 1398 4153 vel
1418 4081 1586 4175 paralius
1607 4080 1678 4154 fide

248 4178 377 4269 dignos
404 4179 625 4272 pervenerit,
653 4179 811 4272 protinus
839 4179 1073 4272 expellemus.
1102 4179 1144 4250 Et
1168 4180 1203 4250 in
1229 4177 1297 4251 hiis
1321 4181 1415 4250 etin
1441 4178 1518 4249 aliis
1544 4201 1614 4272 qne
1633 4180 1677 4250 ad
1720 4258 1723 4269 ¹

247 4274 404 4348 cilicium
431 4275 667 4368 inquisitionis
695 4276 851 4348 heretice
885 4277 1066 4369 pravitatis
1094 4277 1272 4371 pertinent
1306 4279 1438 4348 erimus
1470 4276 1677 4349 obedientes

247 4372 321 4445 Deo
345 4384 381 4445 et
403 4373 559 4446 Romane
579 4373 734 4446 Ecclesie
758 4387 794 4446 ot
818 4373 1084 4467 inquisitoribus
1112 4374 1270 4466 ejusdem
1298 4373 1454 4446 heretice
1478 4374 1675 4469 pravitatis.

245 4470 305 4542 Sic
322 4471 417 4544 Deus
435 4491 499 4542 nos
515 4472 661 4563 adjuvet
678 4482 714 4543 et
731 4472 797 4543 hec
812 4481 932 4542 sancta
952 4471 1014 4543 Dei
1032 4471 1235 4564 Evangelia.

546 4698 582 4764 4.
603 4699 741 4766 Eadem
757 4706 814 4764 est
827 4697 1158 4779 formaturamenti
1173 4700 1377 4765 consulum.

296 4914 367 4988 Nos
384 4916 469 4988 tales
489 4926 524 4989 et
544 4917 631 4989 tales
647 4918 811 4989 consules
825 4913 1013 5013 (cupressu
1030 4914 1229 4989 nominihus
1245 4915 1501 5016 siupulorum),
1516 4919 1678 5010 juramus

247 5033 313 5107 per
331 5011 399 5086 hec
417 5026 537 5088 sancta
557 5014 620 5088 Dei
639 5014 844 5110 Evangelia,
860 5027 945 5106 etc„
968 5026 1143 5110 utsupra.

1151 5784 1825 6028 m.
