4574 6404
1003 648 1155 708 sneunnn
1182 653 1280 705 rans.
1814 633 1859 701 8t

428 808 552 902 pectis,
572 808 782 878 auctoritate
798 807 991 900 apostolica
1008 810 1109 881 nobis
1125 811 1160 880 in
1181 809 1246 880 bac
1264 822 1362 902 parte
1381 810 1583 893 commissa,
1605 808 1665 878 tali
1686 807 1728 880 N.
1746 817 1782 878 et
1801 807 1862 878 tali

427 905 468 976 tt.
496 904 576 976 talis
599 904 763 999 dyocesis
786 904 1045 993 servientibus,
1071 907 1239 979 videlicet
1266 907 1421 1000 ipsorum
1451 906 1600 997 singulis
1628 905 1862 977 servientium

428 1002 684 1096 predictorum,
699 1022 763 1095 pro
780 1021 903 1073 eorum
920 1013 1032 1075 status
1052 1017 1087 1077 et
1108 1005 1182 1075 vite
1204 1005 1459 1077 sustentatione
1482 1003 1621 1076 decenti
1640 1003 1860 1089 ordinamus,

429 1100 1866 1194 taxamnsetassignamusacdeeernimusassignandumdebonisordinisHospi·

429 1197 508 1269 talis
531 1197 648 1269 Sancti
665 1196 835 1269 lobannis
851 1197 1122 1270 lerosolimitani
1141 1220 1206 1292 pro
1224 1199 1373 1290 singulis
1394 1200 1519 1270 diebus
1536 1199 1627 1270 duos
1641 1197 1864 1270 Turonenses

429 1315 571 1386 grossos
590 1295 727 1387 argenti
743 1297 788 1367 de
804 1295 962 1380 Francia,
977 1297 1167 1368 akalendis
1179 1297 1258 1367 talis
1271 1298 1401 1369 mensis
1415 1297 1577 1390 proximo
1596 1296 1753 1389 preteriti
1768 1306 1862 1366 etex

429 1393 647 1486 tunc'quoad
668 1393 776 1463 vitam
800 1392 969 1463 duxerint
989 1395 1023 1463 in
1043 1395 1222 1479 humanis,
1242 1395 1448 1466 ordinantes
1470 1405 1506 1465 et
1526 1393 1727 1487 specialiter
1741 1392 1864 1463 decer·

431 1501 556 1562 nentes
586 1501 624 1561 nt
650 1511 713 1584 per
732 1490 935 1582 religiosum
960 1491 1075 1562 virum
1104 1493 1255 1585 priorem
1281 1494 1453 1586 prioratus
1481 1493 1560 1562 talis
1584 1495 1681 1583 regni
1706 1490 1762 1560 vel
1784 1491 1864 1561 talis

430 1589 612 1682 provincie
632 1589 743 1682 ipsius
763 1589 898 1658 ordinis
919 1589 1108 1682 Hospitalis
1128 1591 1189 1682 qni
1215 1603 1269 1662 est
1295 1591 1351 1661 vel
1382 1593 1444 1684 qui
1470 1611 1536 1683 pro
1565 1602 1721 1682 tempore
1741 1588 1881 1676 luerit,

431 1700 492 1757 aut
508 1689 585 1777 eius
603 1688 718 1758 locum
741 1696 941 1771 tenentem,
959 1686 1061 1757 dictis
1083 1688 1141 1757 tali
1160 1687 1202 1760 N.
1222 1700 1256 1759 et
1278 1689 1337 1758 tali
1356 1689 1399 1761 N.
1422 1699 1458 1759 et
1476 1687 1627 1778 singulis
1653 1706 1774 1757 eorum
1798 1707 1863 1777 pro

431 1785 579 1875 singulis
597 1784 723 1855 diebus
743 1784 873 1876 quibus
891 1785 1048 1854 vixerint
1066 1785 1272 1856 exsolvatur
1289 1797 1325 1856 et
1345 1788 1488 1857 realiter
1507 1785 1706 1875 assignetur
1723 1804 1862 1854 summa

430 1880 601 1953 dictorum
621 1882 773 1954 duorum
792 1880 1047 1953 Turonensium
1075 1883 1209 1975 argenti
1239 1905 1301 1976 per
1328 1905 1407 1971 nos,
1427 1894 1464 1952 ut
1491 1881 1721 1976 premittitur,
1744 1893 1862 1952 taxata

431 1989 466 2047 et
485 1980 659 2064 estimata,
683 1979 738 2049 vel
759 2001 880 2050 eorum
902 1973 943 2075 [l0
964 1976 1008 2047 44
1026 1976 1060 2077 a]
1081 1981 1183 2050 valor
1202 1981 1237 2049 in
1263 1992 1402 2052 monet-a
1430 1982 1587 2050 currenti
1614 1979 1648 2048 in
1670 1999 1780 2070 reguo
1798 2000 1861 2051 seu

431 2077 611 2168 provincia
644 2077 819 2171 predicta,
851 2098 958 2169 super
984 2078 1087 2149 benis
1117 2079 1223 2149 etde
1251 2079 1354 2149 bonis
1375 2078 1483 2172 ipsius
1508 2077 1644 2149 ordinis
1672 2076 1864 2169 Hospitalis

430 2171 547 2246 Sancti
565 2175 734 2246 lobannis
754 2175 1024 2245 lerosolimitani
1047 2176 1082 2246 in
1103 2176 1259 2269 prioratu
1286 2177 1433 2270 predicti
1464 2175 1561 2266 regni
1588 2196 1650 2245 seu
1681 2176 1863 2267 provincie

430 2271 645 2365 ubicumque
666 2272 789 2359 luerit;
811 2272 941 2365 quibos
964 2273 1203 2344 servientibus
1219 2276 1336 2366 quoad
1355 2275 1424 2346 boc
1443 2273 1680 2367 preceptorias
1699 2284 1735 2343 et
1755 2273 1861 2343 etiam

430 2365 505 2440 loca
524 2392 565 2441 ac
586 2371 711 2443 domos
731 2370 814 2440 dicti
834 2372 969 2442 ordinis
988 2372 1178 2464 Hospitalis
1202 2372 1318 2443 Sancti
1338 2373 1509 2443 lobannis
1533 2369 1808 2442 lerosolimitani
1827 2380 1863 2441 et

430 2479 655 2561 preceptores
683 2489 803 2538 earum
834 2481 903 2538 tam
931 2481 1155 2562 expressatos
1185 2470 1396 2560 generaliter
1423 2472 1457 2540 in
1485 2469 1641 2563 prioratu
1669 2467 1864 2539 existentes

432 2566 566 2654 prelato
585 2586 664 2636 cum
686 2586 807 2636 eorum
824 2567 965 2658 juribus
984 2578 1020 2637 et
1043 2568 1264 2660 pertinentiis
1285 2568 1460 2638 universis
1483 2567 1644 2637 astrictos
1666 2577 1700 2636 et
1724 2565 1859 2656 obliga·

431 2670 484 2732 tos
504 2664 579 2734 tore
599 2664 696 2733 etad
717 2663 783 2735 boo
803 2665 914 2735 teneri
935 2665 1170 2754 decernimus,
1193 2669 1240 2735 ita
1262 2666 1427 2737 videlicet
1446 2677 1500 2749 ut,
1522 2664 1610 2734 inlra
1630 2663 1704 2733 XV.
1724 2663 1861 2732 dierum

430 2763 585 2852 spacium
612 2763 886 2853 computandum
915 2784 934 2833 a
961 2763 1220 2855 presentatione
1244 2765 1347 2856 bujns
1372 2763 1564 2833 litterarum
1586 2762 1637 2831 eis
1657 2761 1761 2846 lacta,
1784 2780 1861 2829 eam

429 2877 601 2928 summam
630 2853 765 2957 qu[am]
793 2861 986 2931 secundum
1015 2861 1230 2931 taxationem
1256 2874 1409 2932 nostram
1444 2860 1612 2953 prefatam
1640 2880 1703 2950 pro
1736 2858 1861 2928 diebus

428 2957 577 3048 singulis
597 2977 709 3048 usque
735 2958 780 3028 ad
803 2958 870 3028 tale
898 2960 1024 3029 festum
1054 2959 1108 3029 vel
1137 2960 1240 3029 talem
1269 2960 1361 3029 diem
1387 2953 1579 3056 proxim[e]
1609 2951 1794 3052 ln[turum]
1826 2965 1863 3026 et

429 3074 508 3123 cum
527 3054 652 3125 diebus
671 3055 891 3127 intermediis
915 3078 935 3127 a
962 3068 1120 3151 tempore
1149 3058 1419 3149 presentationis
1445 3057 1548 3147 bujus
1579 3056 1771 3137 litterarum
1801 3076 1860 3125 no-

428 3149 483 3222 bis
515 3152 606 3222 lacte
632 3174 694 3223 seu
723 3154 885 3227 faciende
905 3155 956 3225 eis
983 3173 1165 3226 eteorum
1194 3155 1342 3247 singulis
1372 3154 1515 3225 debebit
1541 3154 1655 3225 dictus
1684 3153 1780 3245 prior
1801 3153 1858 3223 vel

429 3249 505 3339 ejus
523 3248 638 3320 locum
661 3264 784 3323 tenens
799 3252 931 3322 eisdem
952 3253 1012 3322 tali
1031 3253 1072 3322 N.
1095 3264 1129 3322 et
1147 3252 1205 3321 tali
1222 3252 1263 3324 N.
1287 3263 1322 3323 et
1342 3252 1490 3344 singulis
1510 3272 1646 3335 eorum,
1668 3250 1808 3321 solvere
1824 3262 1860 3321 et

428 3347 632 3418 satisfacere
655 3349 871 3440 integraliter
899 3360 1079 3431 teneatur;
1119 3351 1153 3420 in
1184 3351 1326 3442 prelatis
1356 3369 1442 3420 vero
1474 3349 1635 3419 kalendis
1664 3347 1699 3416 iu
1730 3349 1858 3440 quibus

429 3464 474 3514 ex
494 3455 577 3516 ωηο
597 3462 729 3516 annum
748 3469 811 3540 pro
838 3449 1048 3518 successivis
1073 3448 1291 3540 temporibus
1317 3448 1481 3518 volumus
1508 3458 1543 3516 et
1562 3446 1784 3516 decernimus
1806 3446 1858 3516 in-

428 3540 548 3614 cboari
580 3544 802 3615 medietatem
833 3547 908 3637 ejus
945 3567 1083 3616 somme
1118 3546 1287 3638 peccunie
1319 3546 1364 3615 ad
1395 3565 1500 3637 quam
1538 3543 1693 3637 predicta
1737 3555 1855 3614 nostra

431 3640 565 3742 topatio
585 3662 649 3733 pro
669 3641 794 3713 diebus
820 3643 969 3734 singulis
992 3643 1155 3736 superius
1175 3644 1263 3714 facta
1291 3664 1354 3736 pro
1375 3654 1447 3714 toto
1467 3663 1561 3713 anno
1586 3645 1749 3733 sequenti
1769 3643 1857 3713 lacta

426 3739 689 3832 computatione
713 3740 899 3825 ascendet,
924 3751 959 3809 et
986 3741 1090 3810 aliam
1112 3741 1335 3811 medietatem
1369 3741 1404 3810 in
1435 3741 1524 3810 festo
1549 3740 1665 3809 Sancti
1689 3738 1858 3810 lobannis
1930 3741 1933 3747 '

425 3831 581 3928 Baptiste
599 3859 644 3907 ex
665 3847 747 3907 ωηο
767 3838 929 3930 proxime
944 3838 1173 3931 subsequenti
1191 3833 1231 3934 [N
1251 3836 1295 3906 44
1311 3835 1363 3935 b],
1379 3850 1415 3909 et
1430 3838 1597 3930 deinceps
1612 3837 1717 3906 simili
1735 3836 1853 3920 modo,

426 3935 544 4023 quoad
565 3935 732 4018 vixerint,
755 3937 790 4004 in
808 3936 941 4006 eisdem
962 3936 1123 4007 kalendis
1146 3948 1181 4005 et
1204 3937 1393 4007 festivitate
1417 3935 1597 4006 annuatim
1626 3935 1758 4003 eisdem
1785 3955 1859 4004 ser-

426 4029 609 4102 vientibus
637 4044 816 4103 eteorum
843 4034 992 4125 singulis
1017 4035 1107 4105 solvi
1141 4034 1304 4104 volumus
1332 4047 1367 4104 et
1395 4033 1601 4103 mandamus
1630 4054 1690 4124 per
1715 4031 1792 4102 illos
1813 4031 1858 4101 de

427 4128 557 4218 quibus
578 4139 631 4198 est
652 4151 713 4222 per
741 4152 805 4200 nos
826 4133 988 4223 superius
1012 4132 1237 4203 ordinatum.
1253 4131 1302 4200 De
1327 4132 1394 4200 alia
1417 4152 1502 4201 vero
1528 4150 1663 4198 summa
1691 4130 1859 4221 peccunie

426 4244 497 4315 que
515 4228 567 4297 eis
581 4239 616 4297 et
635 4248 754 4297 eorum
772 4228 916 4299 cuilibet
936 4229 1083 4300 debetur
1102 4251 1122 4299 a
1146 4230 1306 4299 kalendis
1334 4229 1411 4298 talis
1439 4227 1568 4297 mensis
1593 4226 1753 4319 proximo
1775 4249 1855 4319 pre-

427 4324 522 4393 teriti
542 4326 718 4417 usquead
740 4337 878 4418 tempus
893 4328 1161 4418 presentationis
1179 4327 1283 4417 hujus
1305 4326 1495 4396 litterarum
1514 4327 1566 4394 eis
1579 4324 1738 4394 faciende
1753 4326 1856 4415 juxta

427 4423 643 4493 taxationem
665 4434 818 4494 nostram
841 4426 1024 4517 prelatum,
1048 4425 1188 4495 terciam
1206 4435 1338 4516 partem
1358 4425 1392 4492 in
1407 4424 1495 4493 leste
1509 4423 1774 4492 resurrectionis
1791 4423 1855 4492 llo-

426 4517 513 4589 mini
530 4542 575 4591 ex
587 4530 668 4590 tuno
683 4523 843 4612 proximo
854 4524 1051 4614 sequuturi,
1064 4522 1227 4591 videlicet
1238 4522 1320 4589 anui
1335 4521 1470 4591 Domini
1487 4517 1854 4604 mittesimtccctxxt,

426 4621 463 4681 et
481 4618 585 4687 aliam
608 4619 747 4688 terciam
763 4630 895 4711 partem
915 4621 949 4688 in
972 4621 1059 4690 sesto
1079 4619 1195 4689 Sancti
1209 4618 1387 4688 Michaelis
1407 4640 1451 4688 ex
1472 4628 1552 4687 ωηο
1568 4617 1858 4709 proximosubse·

426 4717 564 4802 quenti,
582 4725 617 4785 et
632 4717 735 4785 aliam
748 4716 889 4786 terciam
903 4728 1034 4809 partem
1048 4717 1082 4784 in
1095 4718 1183 4786 sesto
1195 4715 1497 4786 Pentbecostesex
1514 4726 1596 4784 ωηο
1611 4736 1629 4784 a
1644 4715 1856 4785 lestoSancti
1886 4766 1891 4775 -

424 4808 606 4883 Michaelis
623 4815 783 4906 proximo
801 4814 1052 4906 subsequenti,
1069 4813 1237 4884 videlicet
1258 4814 1341 4883 anni
1362 4813 1500 4884 Domini
1520 4809 1762 4896 Miccctxxtt,
1782 4812 1855 4883 dic·

426 4906 472 4976 tis
491 4911 729 4982 servientibus
750 4912 916 4982 fratribus
934 4913 1112 5004 quondam
1133 4911 1216 4981 dicti
1235 4912 1369 4982 ordinis
1385 4910 1517 5003 Templi
1537 4923 1573 4981 et
1594 4932 1714 4982 eorum
1739 4911 1858 5002 singu-

423 5006 469 5076 lis
502 5030 565 5102 per
596 5010 747 5080 eundem
776 5009 927 5102 priorem
958 5010 1012 5081 vel
1042 5011 1118 5099 ejus
1148 5009 1263 5080 locum
1292 5019 1468 5081 tenentem
1498 5008 1589 5080 solvi
1619 5008 1785 5079 volumus
1822 5021 1858 5077 ct

1648 5130 1678 5190 ll

1517 5836 2226 6024 m...
