4612 6404
1032 688 1151 740 rnarm
1178 689 1274 743 runs.
1770 666 1773 672 ’
1803 677 1870 745 lbi

438 847 500 918 tris
518 847 560 916 N.
582 843 658 941 (seu
674 845 874 941 presbiteri)
899 868 1015 918 coram
1034 849 1136 919 nobis
1155 852 1191 919 in
1210 850 1367 920 restibus
1386 847 1667 919 sacerdotalibus
1687 849 1870 925 existentis

437 944 621 1016 actualiter
641 944 885 1039 procedentes,
909 947 1124 1016 ornamentis
1153 956 1188 1017 et
1215 947 1457 1017 instrumentis
1492 967 1562 1038 qne
1587 946 1621 1014 in
1649 946 1872 1022 ordinatione

438 1063 501 1114 sua
519 1052 701 1135 receperat
720 1044 885 1113 exuendo
906 1044 1059 1114 eundem
1088 1055 1195 1136 atque
1223 1044 1418 1137 privando,
1442 1042 1730 1135 degradationem
1761 1044 1872 1139 ipsius

437 1139 674 1212 conclusimus
699 1140 766 1210 suh
796 1139 864 1210 hiis
895 1142 1045 1212 verbis:
1076 1140 1294 1212 Auctoritate
1318 1143 1380 1212 Dei
1398 1141 1663 1233 omnipotentis,
1685 1142 1814 1232 Patris,
1838 1155 1873 1215 et

436 1237 527 1320 Filii,
549 1247 585 1307 et
598 1237 747 1331 Spiritus
764 1237 895 1324 Sancti,
917 1261 958 1309 ac
978 1250 1095 1311 nostra
1122 1237 1190 1334 (ael
1214 1239 1320 1310 sicin
1342 1260 1425 1310 casn
1448 1233 1489 1334 [l⁰
1508 1235 1555 1306 8l
1576 1233 1613 1333 d]
1636 1238 1811 1332 speciali:
1837 1251 1874 1313 et

420 1334 628 1428 ⁴apostolica
658 1335 735 1404 freti
759 1339 794 1404 in
823 1335 888 1406 hac
906 1339 1033 1430 parte),
1054 1336 1247 1407 auferimus
1276 1338 1337 1407 tibi
1363 1337 1459 1406 tratri
1487 1336 1528 1404 N.
1561 1335 1632 1425 (ael
1661 1337 1868 1432 presbitero)

437 1430 595 1503 habitum
609 1431 783 1515 clericale,
798 1444 903 1525 teque
915 1435 960 1504 ab
978 1437 1075 1505 omni
1091 1435 1300 1506 sacerdotali
1313 1446 1347 1504 et
1366 1433 1436 1505 alio
1455 1433 1616 1525 quolibet
1630 1433 1872 1529 ordinedepo·

438 1529 579 1616 nimus,
610 1539 645 1600 et
665 1529 920 1621 degradamus,
947 1533 1161 1625 spoliamus,
1192 1543 1298 1624 atque
1324 1532 1512 1602 eximimus
1533 1531 1578 1600 ab
1597 1530 1692 1600 omni
1713 1529 1869 1624 honore,

436 1625 611 1698 beneficio
630 1636 664 1697 et
684 1627 937 1725 privilegio,et
959 1640 1118 1715 tonsura,
1137 1641 1172 1700 et
1190 1630 1311 1700 habitu
1332 1628 1502 1705 clericali.
1525 1629 1606 1697 Lata
1632 1628 1696 1696 luit
1715 1631 1872 1720 predicta

437 1724 612 1796 sententia
633 1734 668 1795 et
690 1724 836 1796 actualis
855 1725 1061 1818 degradatio
1080 1728 1282 1815 subsecuta,
1303 1748 1414 1813 anno,
1436 1726 1494 1797 die
1511 1736 1546 1796 et
1564 1724 1659 1815 loco,
1679 1733 1747 1796 etc.

488 1821 535 1892 Si
550 1843 634 1891 vero
652 1820 872 1916 inquisitores
894 1823 1048 1896 heretice
1063 1824 1261 1918 pravitatis
1284 1823 1444 1895 hahentes
1468 1822 1652 1915 specialem
1679 1835 1743 1893 ant
1764 1848 1871 1918 pene·

436 1919 553 1990 ratem
571 1941 680 2013 saper
696 1919 757 1991 hoc
768 1925 979 2016 potestatem
997 1929 1032 1992 et
1049 1922 1180 1993 vicarii
1203 1943 1263 1993 sen
1280 1922 1520 1993 commissarii
1543 1921 1695 2012 aiicujus
1718 1922 1875 2016 episcopi

435 2016 644 2088 sententiam
662 2015 865 2112 hujusmodi
883 2019 984 2114 ferre
1001 2025 1038 2091 et
1054 2020 1286 2114 penitentiam
1303 2020 1394 2090 dare
1412 2018 1604 2102 debuerint,
1622 2041 1703 2089 cnm
1719 2019 1789 2113 ipsi
1800 2045 1870 2093 non

433 2115 569 2210 possint
579 2115 756 2209 deponere
770 2138 830 2186 seu
848 2116 1055 2209 depredare
1070 2116 1299 2200 sacerdotem,
1314 2125 1480 2210 poterant
1494 2117 1552 2188 nti
1564 2116 1678 2187 verbis
1695 2115 1757 2187 snb
1769 2121 1870 2191 modo

437 2223 470 2284 et
496 2213 622 2307 forma
649 2213 822 2307 sequenti,
846 2216 1045 2309 poteritque
1074 2215 1167 2309 facti
1184 2214 1367 2310 culpabilis
1393 2215 1520 2286 relatio
1538 2237 1598 2285 sen
1615 2215 1803 2308 descriptio
1821 2218 1871 2290 sic

432 2310 639 2405 perstringi
655 2312 765 2384 asab
783 2311 849 2382 tuli
862 2313 1068 2406 compendio
1086 2312 1338 2408 comprehendi
1356 2338 1367 2381 :

485 2408 523 2479 In
542 2409 685 2480 nomine
699 2410 853 2506 Domini,
869 2431 985 2482 amen.
1003 2410 1175 2493 Quoniam
1189 2431 1252 2482 nos
1268 2411 1367 2498 tales,
1381 2411 1608 2503 inquisitores
1623 2409 1776 2483 heretice
1792 2435 1867 2505 pra-

437 2506 571 2593 vitatis,
595 2517 630 2577 et
649 2507 749 2590 tales,
769 2508 889 2579 vicarii
908 2530 971 2580 seu
989 2510 1222 2581 commissarii
1235 2509 1313 2579 talis
1324 2509 1478 2602 episcopi
1492 2507 1664 2602 deputati,
1678 2528 1740 2602 per
1756 2510 1870 2602 inqui-

437 2603 600 2675 sitionem
623 2625 686 2697 per
705 2625 770 2677 nos
790 2607 915 2676 laetam
946 2606 1158 2699 generaliter
1177 2617 1298 2678 contra
1317 2627 1442 2677 omnes
1464 2607 1648 2700 pestiferos
1667 2605 1866 2696 maleficos,

437 2701 643 2793 sortilegos,
666 2713 701 2772 et
720 2702 860 2775 divinos
881 2706 1103 2777 invocatores
1120 2716 1155 2776 et
1171 2706 1413 2796 conjuratores
1431 2704 1644 2791 demonum,
1667 2714 1702 2774 et
1720 2704 1869 2777 factores

437 2799 640 2893 ymaginum
663 2796 736 2897 [ud]
758 2805 884 2893 quevis
906 2801 1076 2873 maleficia
1100 2803 1356 2896 perpetranda,
1379 2812 1415 2872 et
1433 2812 1558 2873 contra
1578 2802 1866 2894 nigromanticus,

439 2907 473 2967 et
489 2896 690 2992 ydolatrae,
711 2909 746 2968 et
763 2898 999 2971 sacrificantes
1015 2921 1078 2970 seu
1095 2900 1317 2970 immolantes
1328 2900 1539 2970 demonibus
1554 2901 1610 2970 vel
1629 2901 1680 2970 eis
1697 2899 1869 2971 honorem

438 3003 473 3066 et
493 2996 727 3066 reverentiam
747 3017 809 3067 seu
830 2996 1033 3090 homagium
1049 2992 1146 3093 [aaa
1159 2994 1194 3094 a]
1207 2997 1433 3091 exhibentes,
1450 3006 1870 3091 etcontraquoscumque

438 3090 526 3162 alios
543 3092 774 3164 observantes
790 3099 1060 3186 supersticiosas
1082 3097 1169 3165 ritus
1187 3105 1224 3165 et
1242 3094 1450 3188 dampnatas
1465 3094 1709 3166 observantias
1723 3115 1868 3168 consec·

439 3198 571 3276 tentes,
594 3211 634 3260 ao
654 3191 758 3261 etiam
779 3213 841 3284 per
861 3203 967 3263 testes
991 3196 1027 3263 in
1049 3194 1278 3284 inquisitione
1300 3202 1461 3284 receptos
1487 3192 1706 3281 invenimus,
1729 3215 1867 3265 necnon

305 3350 317 3371 ,
439 3307 501 3380 per
519 3287 776 3359 confessionem
799 3289 875 3359 talis
893 3291 933 3359 N.
956 3291 1000 3361 de
1027 3290 1086 3361 tali
1114 3290 1191 3361 loco
1220 3292 1344 3360 iactam
1372 3291 1407 3358 in
1431 3287 1562 3381 juditio
1591 3288 1746 3381 legitime
1765 3291 1867 3363 nobis

439 3387 680 3477 constatquod
701 3386 816 3456 dictus
835 3387 912 3458 talis
925 3388 967 3456 N.
988 3388 1069 3459 lecit
1088 3398 1123 3460 et
1142 3387 1308 3480 figuravit
1327 3387 1415 3458 duas
1433 3387 1615 3481 ymagines
1630 3389 1675 3458 de
1694 3410 1774 3460 cera
1787 3411 1867 3460 cum

439 3482 583 3576 plumbo
602 3481 722 3556 habito
749 3484 793 3555 de
813 3486 879 3557 reti
906 3486 1139 3579 piscatorum,
1161 3487 1310 3557 formato
1329 3486 1443 3577 capite
1468 3485 1691 3571 earumdem,
1716 3507 1865 3578 congre·

438 3580 528 3672 gatis
545 3590 581 3650 et
597 3579 752 3652 collectis
770 3584 916 3677 muscis,
934 3584 1085 3669 araneis,
1107 3587 1201 3654 ranis
1219 3593 1254 3654 et
1270 3583 1487 3669 britonibus,
1508 3583 1621 3676 spolio
1638 3586 1812 3678 serpentis
1831 3595 1868 3654 et

437 3677 648 3771 quibusdum
670 3680 776 3751 rebus
796 3679 873 3751 aliis
895 3681 1055 3775 plurimis
1073 3682 1161 3752 inira
1183 3685 1364 3775 ymagines
1385 3680 1548 3773 repositis
1569 3692 1604 3753 ot
1623 3681 1767 3752 inclusis
1784 3702 1864 3752 cum

438 3776 740 3866 conjurationibus
760 3789 794 3849 et
809 3779 1092 3850 invocationibus
1110 3780 1315 3866 demonum,
1338 3787 1497 3848 extracto
1511 3779 1616 3850 etiam
1635 3779 1807 3871 sanguine
1820 3780 1866 3849 de

437 3871 554 3967 ulique
575 3883 673 3967 parte
689 3876 744 3945 sui
763 3878 921 3969 corporis
942 3887 977 3947 et
998 3876 1190 3947 commixto
1214 3897 1293 3945 oum
1314 3875 1487 3965 sanguine
1506 3876 1658 3947 ballonis
1686 3887 1722 3946 et
1746 3876 1864 3947 oblato

436 3990 498 4043 scu
520 3969 602 4041 dato
622 3970 833 4043 demonibus
852 3974 1026 4045 invocatis
1046 3974 1123 4044 loco
1142 3971 1302 4044 sacrificii
1325 3975 1360 4042 in
1382 3973 1551 4044 honorem
1573 3984 1608 4044 et
1628 3974 1861 4044 reverentiam

437 4068 664 4155 eorumdem,
688 4090 767 4138 enm
789 4071 916 4142 talibus
937 4082 972 4141 ot
997 4071 1125 4142 talibus
1154 4071 1473 4162 conjurationibus,
1494 4071 1728 4141 observantiis
1755 4080 1790 4140 et
1817 4073 1864 4138 ri·

437 4165 532 4238 tibus
547 4167 825 4258 supersticiosis,
842 4169 1016 4262 pestiferis
1030 4179 1065 4240 et
1082 4168 1280 4262 dampnatis
1297 4167 1595 4265 (emprimantnr),
1613 4167 1657 4238 ad
1676 4186 1864 4259 procuran-

437 4261 520 4335 dnm
538 4263 620 4334 talia
638 4276 673 4334 et
690 4266 769 4335 talia
786 4264 956 4336 maleficia
976 4264 1031 4361 (in
1054 4266 1118 4336 isto
1137 4268 1207 4338 ioco
1226 4268 1483 4360 emprimantnr
1498 4266 1617 4336 omnia
1633 4286 1699 4360 qne
1714 4271 1867 4357 tangunt

435 4361 591 4455 culpam,
610 4369 721 4454 prom
739 4360 884 4434 adtrahi
899 4369 1061 4456 poterunt
1089 4385 1136 4435 eac
1153 4363 1422 4457 confessionibus
1448 4370 1480 4433 et
1501 4385 1668 4456 processa
1690 4361 1751 4432 sab
1775 4384 1863 4434 com·

432 4457 563 4553 pendia
574 4459 892 4554 singillatim).Nos
904 4481 1004 4554 vero,
1019 4462 1246 4552 inquisitores
1254 4461 1418 4532 etvicarii
1430 4462 1612 4556 antedicti,
1622 4460 1861 4552 inquisitionis

436 4567 471 4628 ct
491 4557 722 4628 confessionis
741 4558 897 4649 ejusdem
921 4579 1085 4651 processu
1110 4558 1289 4652 proposito
1309 4570 1344 4630 et
1364 4559 1582 4650 integraliter
1600 4558 1778 4652 explicato
1797 4577 1861 4627 uo·

434 4672 508 4725 rum
528 4657 647 4725 multis
667 4656 839 4747 religiosis
860 4656 946 4726 viris
968 4656 1002 4725 in
1022 4676 1119 4726 sacra
1141 4656 1267 4750 pagina
1288 4656 1435 4728 eruditis
1462 4651 1503 4753 [l⁰
1530 4655 1576 4725 85
1599 4652 1659 4753 b]‚
1688 4676 1728 4724 ac
1755 4654 1862 4726 etiam

433 4771 551 4824 coram
573 4753 690 4823 multis
716 4754 934 4845 sapientibus
956 4755 992 4824 in
1021 4765 1170 4847 utroque
1190 4756 1271 4846 jure
1290 4754 1434 4848 peritis,
1458 4765 1632 4824 maturum
1659 4764 1694 4823 et
1712 4772 1862 4823 concors

433 4849 618 4922 consilium
636 4849 823 4921 habuimus
838 4873 916 4921 cum
934 4851 1067 4923 eisdem
1086 4874 1193 4945 super
1209 4852 1351 4944 prelatis
1366 4852 1479 4945 culpis
1498 4864 1533 4921 et
1545 4850 1737 4921 sceleribus
1755 4849 1858 4943 penis

433 4956 469 5020 et
488 4947 603 5018 modis
621 4946 750 5019 debitis
769 4950 979 5041 puniendis,
1000 4950 1129 5041 quibus
1147 4952 1184 5019 in
1206 4971 1312 5019 unum
1334 4949 1462 5042 pariter
1480 4950 1721 5040 congregatis,
1749 4947 1861 5018 oolla-

434 5045 531 5116 tione
549 5044 741 5138 superbiis
762 5045 880 5116 habita
900 5046 1082 5139 diligenti,
1107 5047 1222 5118 visum
1245 5057 1297 5118 est
1317 5047 1412 5139 qnod
1433 5044 1630 5117 sacrificare
1648 5066 1712 5116 sen
1726 5045 1862 5116 immo·

1669 5167 1707 5229 tu
