4574 6404
427 652 495 722 108
710 665 871 718 annerici
898 665 1138 732 rueursrrrorus
1166 665 1328 720 anamma
1354 665 1567 718 nnavrrnrrs.

424 826 510 897 falsa
529 835 564 896 et
583 824 713 895 nullam
731 825 950 894 continentia
964 824 1163 909 veritatem,
1182 846 1344 896 asserens
1359 845 1398 896 se
1411 845 1452 895 ea
1469 825 1622 905 scienter
1637 825 1725 898 falso
1744 826 1858 919 depo-

423 925 537 995 suisse
557 934 592 994 et
611 921 764 1014 maligno
778 921 903 1013 spiritu
924 921 1126 1013 instigatus,
1152 922 1264 994 livore
1286 922 1422 993 invidie
1439 923 1646 1010 concitatus,
1669 933 1772 1017 prout
1790 925 1859 995 ista

427 1023 462 1091 in
486 1042 650 1115 processu
678 1019 914 1090 revocationis
932 1040 995 1089 seu
1021 1020 1278 1091 retractationis
1306 1021 1463 1111 ejusdem
1491 1020 1574 1091 inde
1601 1021 1693 1092 lacto
1719 1022 1858 1115 plenius

424 1119 665 1191 continentur.
686 1116 762 1199 Que
781 1120 898 1188 omnia
914 1116 1119 1208 singillatim
1137 1118 1381 1211 postmodum,
1402 1139 1496 1188 anno
1511 1128 1547 1188 et
1564 1117 1622 1189 die
1640 1119 1698 1189 tali
1709 1173 1719 1208 ,
1742 1119 1777 1189 in
1796 1119 1858 1190 tali

425 1217 521 1304 loco,
555 1216 669 1286 eidem
703 1213 760 1284 tali
788 1215 829 1284 N.
855 1214 1002 1285 fecimus
1029 1214 1096 1306 legi
1128 1236 1169 1286 ac
1196 1216 1333 1286 recitari
1357 1214 1625 1308 intelligibiliter
1652 1217 1686 1286 in
1715 1217 1854 1309 vulgari

424 1335 541 1386 eoram
563 1314 665 1384 nobis
684 1332 725 1382 ac
751 1311 1013 1382 venerabilibus
1033 1315 1120 1382 viris
1150 1313 1277 1383 talibus
1301 1324 1336 1383 et
1363 1312 1490 1384 talibus
1510 1313 1652 1385 vicariis
1678 1336 1741 1385 seu
1762 1336 1860 1385 cnm·

429 1410 601 1482 missariis
619 1408 796 1503 deputatis
811 1409 999 1480 reverendi
1018 1410 1052 1479 in
1070 1408 1207 1498 Christo
1223 1411 1330 1504 patris
1349 1409 1427 1481 talis
1443 1413 1613 1504 episcopi,
1633 1412 1858 1504 presentibus

428 1521 463 1581 et
482 1506 773 1580 coassistentibus
794 1507 922 1577 talibus
942 1518 978 1577 et
1003 1507 1130 1578 talibus
1148 1508 1411 1579 venerabilibus
1429 1529 1470 1578 ac
1495 1508 1669 1600 religiosis
1688 1509 1796 1595 viris,
1824 1519 1862 1581 et

426 1606 558 1678 ibidem
580 1606 647 1676 sub
666 1605 798 1676 virtute
814 1626 834 1674 a
849 1624 888 1674 se
907 1604 1046 1698 prestiti
1063 1606 1252 1695 juramenti
1269 1609 1386 1677 omnia
1407 1616 1442 1676 et
1460 1605 1597 1698 singula
1615 1628 1722 1699 supra
1749 1607 1858 1695 dicta,

424 1715 549 1798 sponte
578 1715 613 1774 et
641 1703 775 1790 libere,
805 1723 844 1773 ac
871 1705 949 1773 sine
968 1701 1136 1773 violentia
1164 1704 1389 1794 recognovit,
1414 1724 1575 1774 asserens
1599 1705 1859 1798 depositionem

429 1813 582 1874 suamet
601 1811 763 1872 contenta
784 1803 818 1870 in
839 1821 880 1870 ea
907 1808 1026 1870 contra
1048 1800 1222 1894 predictas
1242 1822 1410 1894 personas
1429 1822 1507 1871 esse
1527 1800 1632 1894 laisa,
1659 1813 1695 1872 et
1713 1824 1859 1875 revoca·

426 1904 556 1972 tionem
593 1921 655 1970 seu
695 1897 978 1969 retractationem
1010 1918 1109 1967 suam
1141 1899 1264 1968 iactam
1301 1920 1408 1991 snper
1442 1899 1597 1991 predicta
1636 1901 1860 1993 depositione

425 2019 543 2068 veram
567 1993 608 2093 [N
628 1997 673 2065 ta
693 1992 730 2093 d]
754 2018 851 2083 esse3
875 2017 1079 2088 supponens
1098 2018 1137 2067 se
1156 2017 1262 2089 super
1281 1996 1460 2090 premissis
1480 1997 1653 2067 voluntati
1676 2008 1710 2068 et
1725 1999 1860 2088 juditio

426 2108 563 2181 nostro,
595 2115 850 2186 recognoscens
877 2093 1014 2186 culpam
1047 2114 1172 2187 suam,
1215 2106 1250 2164 et
1282 2116 1321 2164 se
1351 2095 1504 2166 ollerens
1536 2094 1581 2165 ad
1613 2096 1859 2188 recipiendum

425 2214 551 2287 penam
571 2215 633 2263 seu
664 2191 890 2285 penitentiam
914 2213 1019 2283 quam
1040 2191 1155 2261 eidem
1176 2190 1383 2263 duxerimus
1405 2192 1673 2283 injungendam.
1700 2193 1770 2265 Nos
1790 2195 1860 2287 igi-

426 2303 482 2361 tur
501 2291 687 2382 inquisitor
708 2290 861 2382 prelatus
880 2310 922 2359 ac
941 2288 1027 2359 tales
1047 2301 1082 2359 ct
1099 2290 1185 2360 tales
1200 2288 1241 2359 N.
1260 2301 1296 2360 et
1311 2291 1354 2362 N.
1372 2290 1601 2360 commissarii
1620 2290 1778 2384 deputati
1795 2314 1861 2388 per

427 2388 529 2459 talem
546 2389 765 2481 episcopum,
790 2386 942 2480 pensatis
957 2386 1137 2479 premissis
1157 2397 1192 2457 et
1206 2387 1283 2457 aliis
1295 2388 1573 2458 circumstanciis
1591 2387 1771 2460 nonnullis
1781 2391 1862 2484 qui-

425 2487 492 2556 bns
514 2497 628 2557 motus
650 2485 757 2554 animi
779 2484 888 2555 nostri
904 2495 941 2554 et
954 2483 1145 2575 cujuslibet
1157 2483 1353 2578 judicantis
1372 2486 1497 2556 merito
1519 2486 1632 2579 potnit
1650 2487 1859 2578 informari,

424 2584 591 2655 certiores
615 2583 732 2655 attacti
751 2583 846 2674 quod
867 2582 1045 2675 predictus
1064 2582 1142 2652 talis
1162 2582 1223 2668 Ν.,
1246 2594 1416 2674 quantum
1437 2584 1473 2653 in
1504 2583 1580 2676 ipso
1597 2583 1683 2672 luit,
1702 2583 1861 2657 officinm

423 2681 661 2774 inquisitionis
690 2678 774 2750 fidei
796 2679 1001 2766 delusisset,
1033 2690 1118 2762 eto,
1145 2679 1235 2751 sicut
1260 2679 1408 2752 bobum
1430 2681 1469 2751 in
1493 2680 1707 2775 precedenti
1731 2684 1859 2776 forma

421 2780 586 2850 sententie
601 2777 803 2848 immediate
818 2799 944 2871 supro.

474 2876 677 2949 Secundum
709 2898 792 2945 cero
823 2876 1032 2946 varietatem
1058 2881 1120 2946 out
1146 2875 1385 2948 diversitatem
1411 2876 1615 2967 hujusmodi
1641 2873 1859 2977 selatut[is],

422 2974 542 3045 debent
561 2996 744 3067 processus
766 2973 892 3044 iulium
908 2980 1020 3066 prout
1042 2973 1194 3068 qualiter
1212 2997 1336 3044 eornm
1354 2973 1470 3068 suerit
1492 2981 1523 3045 et
1544 2975 1704 3067 exegerit
1719 2975 1863 3069 plenius

422 3079 454 3142 et
471 3072 634 3142 seriosius
651 3078 733 3142 ente
750 3070 910 3165 sormam
920 3074 1085 3142 sententie
1102 3071 1163 3141 snb
1182 3073 1386 3164 compendio
1404 3073 1659 3166 comprehendi,
1679 3080 1724 3161 et,
1748 3075 1862 3146 consi-

422 3170 551 3240 derate
575 3169 711 3261 majori
727 3169 784 3240 nel
800 3168 933 3239 reineri
949 3169 1056 3262 eulpa
1074 3177 1107 3239 et
1132 3169 1276 3241 malicia
1295 3193 1340 3242 uc
1358 3170 1544 3255 scandolo,
1565 3170 1663 3241 debet
1683 3193 1779 3264 pene
1799 3195 1863 3245 sen

420 3267 615 3361 penitentie
632 3267 761 3338 lelium
783 3267 910 3338 temari
927 3274 958 3337 et
976 3268 1109 3352 minui,
1129 3268 1185 3340 uel
1203 3269 1351 3360 nuperi,
1372 3268 1417 3339 de
1434 3268 1577 3340 consilio
1589 3269 1808 3363 peritorum.

426 3467 483 3532 18.
509 3469 643 3533 Forma
660 3469 844 3532 sententie
859 3468 1120 3544 mgittivornm
1135 3485 1199 3550 pro
1215 3470 1335 3534 heresi
1359 3470 1403 3533 ds
1423 3485 1496 3551 qua
1518 3478 1582 3535 aut
1601 3470 1752 3534 fuerunt
1773 3487 1861 3536 oon·

447 3576 536 3641 fessi
552 3585 618 3640 aut
633 3577 811 3652 convicti,
829 3584 894 3641 ant
909 3585 1107 3659 utrumque
1120 3577 1248 3652 simul,
1266 3585 1302 3640 st
1317 3578 1580 3642 nichilominus
1595 3578 1834 3654 aufugerunt.

474 3767 511 3835 ln
538 3765 678 3836 nomine
697 3764 862 3851 Domini,
884 3786 1001 3836 amen.
1023 3765 1196 3848 Quoniam
1226 3787 1290 3836 nos
1316 3766 1543 3858 inquisitores
1569 3767 1724 3838 heretice
1744 3769 1863 3861 pravi·

425 3864 504 3934 tatis
524 3874 559 3933 et
583 3863 668 3932 tales
688 3862 917 3933 commissarii
937 3863 1115 3956 deputati,
1138 3886 1202 3956 per
1222 3885 1410 3956 processus
1433 3858 1474 3960 [1⁰
1493 3863 1539 3932 60
1561 3861 1594 3961 a]
1616 3865 1724 3936 iactos
1743 3876 1779 3945 et
1799 3887 1863 3959 per

423 3972 500 4033 acta
521 3961 657 4054 publica
678 3959 916 4051 inquisitionis
937 3982 1007 4052 que
1030 3959 1068 4029 fit
1091 3960 1302 4052 generaliter
1328 3972 1450 4031 contra
1477 3983 1600 4033 omnes
1627 3964 1774 4033 inlectos
1799 3962 1863 4034 be·

424 4061 530 4130 retica
552 4058 742 4150 pravitate,
765 4059 967 4128 invenimus
987 4069 1022 4128 et
1041 4058 1197 4150 legitime
1217 4059 1319 4128 nobis
1339 4069 1477 4129 constat
1496 4059 1592 4151 quod
1613 4059 1699 4131 tales
1719 4072 1755 4130 et
1772 4060 1861 4132 tales

424 4156 465 4227 N.
490 4167 526 4226 et
543 4157 585 4225 N.
609 4157 653 4225 de
674 4155 732 4226 tali
759 4155 854 4241 loeo,
880 4155 957 4225 talis
984 4155 1167 4249 dyocesis,
1188 4155 1321 4226 dudum
1351 4156 1522 4226 diffamati
1544 4168 1607 4228 aut
1629 4158 1862 4229 vehementer

424 4254 576 4346 suspecti
604 4253 648 4322 de
672 4253 809 4335 heresi,
830 4274 967 4323 necnon
989 4253 1075 4323 tales
1095 4265 1130 4323 et
1151 4253 1237 4323 tales
1255 4254 1296 4322 N.
1319 4265 1356 4324 et
1373 4254 1415 4324 N.
1437 4276 1500 4346 per
1518 4254 1757 4326 confessiones
1776 4275 1860 4348 pro·

423 4352 517 4443 prias
536 4351 617 4420 olim
641 4351 748 4420 factas
774 4351 808 4418 in
834 4350 985 4441 juditio,
1007 4351 1151 4424 fuerunt
1169 4352 1204 4420 in
1227 4350 1343 4421 heresi
1364 4351 1599 4444 deprehensi,
1622 4374 1758 4424 necnon
1781 4353 1862 4424 talis

421 4449 464 4519 N.
487 4470 549 4542 per
567 4448 824 4518 consessionem
845 4448 1020 4542 propriam
1042 4449 1167 4518 laetam
1187 4449 1222 4518 in
1240 4449 1371 4539 juditio
1392 4449 1634 4542 deprehensos
1654 4451 1721 4520 luit
1739 4450 1861 4545 lapsus

422 4549 458 4615 in
480 4546 630 4617 heresim
651 4546 779 4637 pariter
797 4558 832 4616 et
857 4547 1034 4639 relapsus,
1056 4546 1152 4616 citati
1172 4567 1258 4617 vero
1279 4547 1503 4637 postmodum
1524 4549 1694 4619 canonice
1720 4560 1757 4619 et
1777 4567 1861 4619 cnm

423 4644 546 4713 edictis
575 4643 741 4736 publicis,
763 4643 855 4714 datis
879 4644 946 4714 sibi
972 4644 1252 4736 competentibus
1277 4643 1510 4715 dilationibus
1539 4643 1575 4715 el
1601 4644 1797 4716 intervallis
1822 4657 1863 4716 ut

424 4741 529 4811 certis
550 4741 676 4811 diebus
696 4752 731 4811 et
751 4740 827 4812 loco
846 4741 1078 4834 personaliter
1097 4752 1134 4811 et
1154 4741 1414 4835 perhemptorie
1433 4754 1691 4835 comparerent,
1713 4764 1862 4837 respon·

424 4839 497 4907 suri
518 4839 562 4909 de
582 4837 652 4909 lide
670 4849 706 4908 et
724 4838 768 4908 de
788 4837 855 4908 biis
874 4860 944 4930 que
962 4848 1083 4910 contra
1103 4859 1165 4909 eos
1190 4840 1464 4911 inveniebantur
1492 4861 1533 4911 ac
1558 4840 1712 4935 suspecti
1733 4840 1862 4913 merito

427 4934 648 5006 habebantur
672 4946 793 5005 contra
813 4933 917 5006 iidem
938 4935 1140 5007 incrimine
1163 4936 1298 5008 heresis
1320 4937 1558 5025 commisisse,
1579 4938 1706 5009 dicturi
1724 4948 1760 5010 et
1781 4959 1860 5009 res·

427 5033 572 5124 ponsuri
597 5031 642 5104 de
666 5054 705 5103 se
730 5042 765 5103 et
789 5032 834 5102 de
857 5033 935 5103 aliis
961 5034 996 5102 in
1025 5055 1129 5105 causa
1158 5032 1237 5106 fidei
1266 5034 1458 5128 plenariam
1484 5039 1692 5122 veritatem,
1714 5036 1861 5108 minime
