4612 6404
439 641 512 710 aaa
723 655 1149 723 rnrcrrcnrnoursrrtonrs
1175 657 1338 710 annarias
1364 657 1577 711 nnrvrrarrs.

442 818 547 888 etiam
568 838 612 886 ex
631 817 957 908 congregationibus
977 818 1122 911 privatis
1155 829 1191 888 et
1218 818 1474 889 conventiculis
1500 840 1570 911 que
1599 820 1726 889 iecisse
1744 820 1868 912 sepius

441 914 647 1006 deprehensi
657 915 940 1000 suntinocculto,
957 927 992 985 et
1005 916 1087 1008 quia
1105 916 1207 986 etiam
1225 917 1260 985 in
1277 916 1474 987 dictasecta
1495 930 1531 987 et
1545 916 1670 988 ordine
1688 913 1730 1013 [ί0
1745 914 1816 988 lib
1828 914 1867 1016 b]

441 1013 663 1103 quamplures
681 1011 824 1083 heretici
849 1014 1032 1084 manifeste
1057 1013 1267 1106 deprehensi
1286 1025 1370 1084 sunt
1395 1015 1430 1083 in
1451 1015 1582 1105 juditio
1613 1025 1648 1085 et
1673 1015 1871 1108 condemp-

441 1113 513 1178 nati
533 1121 567 1178 et
585 1110 775 1196 combusti3
797 1111 877 1181 ideo
896 1112 983 1181 tales
1003 1124 1167 1203 tanquam
1189 1109 1419 1182 vehementer
1442 1114 1597 1205 suspecti
1624 1112 1758 1184 debent
1777 1113 1871 1184 deti·

441 1207 515 1277 neri
536 1208 727 1278 incarcere
751 1208 863 1279 donec
886 1210 1036 1279 confessi
1063 1209 1193 1279 inerint
1217 1209 1416 1278 veritatem.
1442 1208 1647 1280 Cavendum
1676 1222 1871 1282 esttamen

440 1325 485 1374 ne
502 1304 617 1397 plures
633 1305 773 1376 insimul
795 1307 828 1375 in
846 1328 915 1377 uno
933 1328 1072 1378 carcere
1095 1316 1291 1391 teneantur,
1309 1318 1363 1376 set
1378 1307 1528 1398 quilibet
1541 1309 1710 1402 separati,
1730 1329 1776 1379 ne
1793 1330 1871 1378 mu·

440 1414 499 1472 tuo
519 1401 658 1472 valeant
673 1404 740 1473 sibi
762 1405 869 1496 loqui,
890 1405 973 1496 quia
991 1405 1041 1474 sic
1060 1404 1105 1475 ab
1123 1404 1175 1474 eis
1197 1404 1321 1475 melius
1337 1405 1466 1475 veritas
1482 1406 1618 1476 eruitur
1635 1417 1670 1476 et
1684 1405 1840 1476 habetur
1859 1432 1868 1475 ε

437 1510 520 1569 sunt
547 1501 665 1586 enim,
694 1502 785 1571 sicut
811 1514 1002 1594 pretectnm
1034 1513 1113 1587 est,
1141 1503 1186 1571 ad
1213 1500 1451 1572 confitendum
1482 1503 1669 1574 veritatem
1698 1504 1734 1573 in
1757 1525 1870 1574 unum

437 1597 614 1669 obstinati.
637 1599 715 1669 Vidi
735 1621 800 1691 ego
817 1613 852 1671 et
868 1613 1035 1693 expertus
1063 1622 1141 1670 sum
1162 1601 1206 1670 de
1226 1621 1297 1670 uno
1322 1601 1418 1691 qnod
1447 1621 1509 1693 per
1528 1600 1619 1672 dnos
1652 1601 1727 1672 iere
1751 1622 1867 1673 annos

437 1695 599 1765 detentus
618 1696 652 1764 in
672 1717 811 1768 carcere
831 1711 866 1768 et
884 1700 1002 1791 sepius
1021 1701 1241 1768 examinatus
1262 1697 1528 1787 tergiversando
1545 1698 1732 1769 veritatem
1751 1699 1869 1770 noluit

435 1791 607 1879 confiteri,
627 1815 730 1885 quam
752 1797 891 1866 tandem
911 1796 1065 1889 aperuit,
1086 1807 1121 1866 et
1140 1795 1296 1880 detexit,
1315 1807 1350 1864 et
1368 1796 1543 1888 penituit,
1563 1809 1598 1865 et
1613 1796 1679 1866 init
1694 1809 1881 1889 tanquam·

436 1891 597 1986 penitens
616 1892 791 1963 hereticus
812 1895 857 1964 ad
876 1894 1113 1988 peragendum
1135 1893 1362 1986 penitentiam
1380 1894 1591 1965 inmuratus.

807 2199 861 2268 lV.
891 2240 938 2250 -
964 2199 1013 2269 De
1037 2219 1139 2271 sacra
1163 2198 1390 2278 Brontnonnu
1417 2199 1486 2290 (t).

437 2502 469 2561 1.
499 2497 673 2577 Sequitur
694 2499 738 2561 de
760 2508 859 2562 secto
882 2499 1030 2563 illorum
1056 2502 1118 2579 qui
1145 2500 1299 2579 Bsquini
1326 2509 1362 2563 et
1388 2501 1550 2583 Bsquine
1573 2502 1783 2579 vulgariter
1804 2520 1870 2584 ap-

1049 2606 1246 2686 pellantur.

482 2850 717 2941 Bequinorum
738 2863 853 2935 secta,
879 2852 938 2943 qui
956 2852 1093 2920 Fratres
1111 2850 1286 2944 Pauperes
1303 2871 1341 2919 se
1359 2851 1536 2943 appellant
1553 2863 1588 2921 et
1610 2853 1733 2923 dicunt
1751 2875 1795 2924 se
1815 2865 1868 2926 te·

437 2969 520 3018 nere
537 2959 573 3017 et
593 2948 743 3041 profiteri
766 2951 907 3019 terciam
932 2949 1087 3040 regulam
1107 2948 1225 3018 Sancti
1245 2948 1431 3030 Francisci,
1451 2949 1629 3019 modernis
1644 2952 1869 3042 temporibus

436 3047 636 3116 exsurrexit
655 3047 688 3115 in
713 3047 892 3140 provincia
909 3047 1092 3117 Provineie
1116 3057 1151 3116 et
1177 3047 1211 3114 in
1232 3045 1411 3138 provincia
1431 3045 1664 3120 Narbonensi.
1687 3048 1869 3142 Ceperuut

436 3154 552 3212 autem
574 3145 786 3214 manifestari
810 3156 845 3216 et
873 3145 989 3235 detegi
1011 3144 1045 3212 in
1076 3142 1402 3237 suisopinionihus
1429 3147 1586 3215 erroneis
1611 3145 1703 3216 circa
1728 3167 1867 3218 annum

435 3240 654 3313 Dominilllm.
665 3241 774 3310 CCCm.
786 3242 902 3328 live,
915 3243 1017 3335 paulo
1029 3242 1107 3335 plus
1124 3242 1300 3325 minusve,
1313 3242 1476 3333 quamvis
1493 3242 1588 3332 prius
1602 3245 1756 3337 suspecti
1772 3267 1868 3317 com-

382 3354 385 3358 *
436 3339 620 3408 munitera
642 3339 800 3432 pluribus
816 3339 1049 3425 haberentur;
1068 3340 1278 3429 fueruntque
1295 3339 1516 3431 postmodum
1531 3342 1743 3412 successivis
1758 3344 1867 3415 annis

436 3437 471 3505 in
493 3439 672 3529 provincia
696 3437 935 3524 Narbonensi,
957 3448 992 3508 et
1006 3436 1219 3523 Tholosana,
1240 3447 1275 3506 et
1296 3436 1330 3505 in
1350 3435 1577 3524 cathalonis,
1606 3439 1724 3531 plures
1744 3442 1864 3535 capti,

435 3546 470 3605 et
489 3535 636 3622 detenti,
658 3547 693 3605 et
711 3536 921 3629 deprehensi
941 3536 975 3604 in
995 3535 1186 3618 erroribus,
1209 3545 1244 3603 et
1261 3533 1378 3626 plures
1396 3538 1582 3627 utriusque
1599 3558 1708 3608 sexus
1722 3538 1864 3610 inventi

435 3643 516 3702 sunt
534 3643 569 3703 et
580 3633 726 3725 J'udicati
742 3633 885 3704 heretici
907 3643 942 3703 et
960 3632 1154 3715 combusti,
1176 3631 1220 3701 ab
1240 3653 1333 3701 anno
1352 3631 1490 3701 Domini
1510 3633 1558 3701 M⁰
1581 3633 1668 3703 CCC⁰
1687 3635 1796 3705 xvii>
1812 3639 1866 3708 ci-

435 3741 506 3817 tra,
531 3732 684 3801 maxime
704 3726 746 3826 [t0
768 3728 836 3801 tta
862 3728 894 3826 c]
915 3730 1100 3810 Narbone,
1123 3729 1285 3816 Biterris,
1311 3739 1346 3798 et
1371 3729 1406 3797 in
1426 3731 1567 3824 dyocesi
1589 3730 1805 3822 agathensi,
1828 3748 1867 3807 et

433 3829 468 3898 in
487 3828 642 3916 Lodova‚
663 3839 699 3898 et
715 3828 808 3922 apud
825 3829 1007 3899 Luneiium
1032 3827 1289 3918 Magalonensis
1310 3826 1494 3919 dyocesis,
1521 3839 1556 3898 et
1575 3829 1610 3897 in
1629 3828 1863 3922 carcassona,

433 3937 468 3996 et
484 3926 633 3998 Tholose
652 3937 721 3997 tres
739 3926 951 4017 alienigene.

432 4180 466 4243 2.
496 4183 669 4262 Sequitur
690 4183 734 4245 de
755 4181 940 4246 erroribus
965 4197 1030 4244 seu
1056 4179 1291 4259 opinionibus
1317 4181 1481 4244 erroneis
1507 4182 1754 4262 Bsquinorum
1783 4201 1865 4249 mo-

709 4289 814 4352 derni
836 4288 1011 4368 temporis
1033 4289 1130 4350 unde
1153 4288 1335 4363 originem
1356 4288 1576 4352 habuerunt.

478 4530 624 4624 Bsquini
645 4530 750 4622 igitur
771 4532 953 4624 utriusque
968 4553 1075 4603 sexus
1097 4530 1255 4602 moderni
1276 4532 1443 4624 temporis
1460 4532 1511 4602 sic
1528 4532 1720 4623 vulgariter
1739 4537 1865 4627 appel·

432 4629 506 4715 lati,
529 4629 590 4721 qui
612 4650 651 4700 se
666 4629 787 4699 dicunt
799 4629 935 4699 Fratres
951 4629 1125 4723 Pauperes
1143 4628 1188 4699 de
1203 4629 1393 4722 penitentia
1414 4631 1459 4701 de
1477 4631 1583 4700 tercio
1596 4630 1720 4701 ordine
1738 4631 1862 4704 Sancti

430 4726 620 4813 Francisci,
643 4738 821 4819 portantes
840 4727 991 4797 brunum
1015 4749 1077 4797 seu
1109 4727 1154 4798 de
1175 4726 1310 4797 burello
1330 4726 1486 4797 habitum
1506 4749 1585 4797 cum
1606 4729 1801 4820 mantello,
1824 4742 1864 4803 et

429 4823 536 4916 aliqui
577 4825 654 4895 sine
695 4825 885 4912 mantello,
932 4826 1115 4896 manifeste
1159 4824 1369 4919 deprehensi
1415 4838 1497 4896 sunt
1541 4836 1576 4896 et
1618 4826 1771 4897 confessi
1824 4829 1865 4901 in

465 5050 503 5120 (l)
517 5049 557 5106 Ge
570 5052 635 5106 titre
650 5051 725 5106 n’est
738 5067 790 5124 pas
805 5051 877 5107 dans
891 5052 918 5106 le
933 5053 1100 5108 manuscrit.
