4574 6404
433 625 499 694 156
715 642 878 695 annerici
904 643 1144 709 inautstrmms
1172 643 1333 697 nanneten
1359 640 1570 693 incurrans,

428 820 508 868 nem
530 799 814 891 rebaptizationis
833 799 1014 870 hominum
1031 855 1039 886 ,
1059 812 1094 872 et
1115 814 1152 872 ut
1170 805 1216 873 sit
1233 802 1300 873 sibi
1323 805 1358 870 in
1381 800 1542 872 velamen
1564 811 1599 870 et
1617 802 1862 873 confusionem

428 895 629 968 occulorum
658 906 693 967 et
721 896 798 967 aliis
822 897 857 966 in
883 898 1100 991 exemplum.
1128 899 1312 971 hicnemus
1333 908 1450 970 autem
1472 898 1666 992 predictum
1690 900 1793 971 talem
1813 901 1857 970 N.

429 992 514 1179 (melfi
514 993 786 1086 presbiterum),
809 1005 892 1081 etc,
916 1006 1099 1090 utsupra,
1123 996 1160 1066 in
1179 996 1301 1090 forma
1325 997 1492 1068 sententie
1510 996 1732 1089 precedentis
1755 1019 1864 1090 usque

427 1113 466 1161 m
513 1111 606 1162 nem.

479 1182 531 1284 [F0
554 1187 600 1256 86
619 1184 652 1285 c]
670 1187 714 1260 Si
730 1211 814 1260 cero
838 1189 1052 1284 inquisitores
1070 1190 1220 1265 heretice
1239 1190 1434 1285 pravitatis
1454 1191 1688 1262 commissarii
1707 1192 1865 1285 alicujus

427 1285 581 1378 episcopi
597 1284 766 1357 haherent
780 1286 883 1381 ferre
895 1288 1099 1380 predictam
1116 1291 1349 1375 sententiam,
1368 1311 1450 1359 cnm
1469 1288 1539 1383 ipsi
1554 1310 1624 1359 nan
1643 1289 1780 1382 possint
1802 1290 1864 1362 de·

422 1404 556 1476 ponere
573 1404 634 1453 seu
653 1384 860 1476 degradare
878 1385 1030 1480 aliquem
1049 1387 1289 1475 sacerdotem,
1318 1393 1472 1458 utantur
1492 1386 1642 1457 modoet
1658 1387 1777 1480 forma
1795 1411 1864 1483 pue

427 1480 465 1549 in
487 1480 691 1572 precedenti
714 1504 798 1555 casn
824 1483 999 1555 consimili
1026 1488 1191 1579 superins
1214 1492 1261 1556 est
1286 1491 1441 1573 notatas,
1467 1484 1614 1556 diemde
1636 1484 1675 1554 in
1703 1484 1775 1557 loco
1799 1508 1864 1558 suo

428 1578 649 1649 convenienti
665 1578 728 1652 hoc
746 1580 848 1650 modo
868 1607 880 1650 .·
1734 1669 1736 1673 v

476 1675 701 1747 Declarantes
721 1689 756 1749 et
774 1680 1047 1772 pronunciantes
1064 1680 1325 1767 nichilominus,
1342 1690 1511 1773 quantum
1530 1691 1647 1752 nostra
1664 1681 1811 1753 interest
1822 1683 1859 1753 in

429 1774 494 1844 bac
514 1785 625 1866 parte,
648 1786 769 1847 contra
789 1778 941 1848 eundem
959 1777 1062 1848 talem
1083 1778 1315 1870 presbiterum
1335 1799 1414 1848 esse
1430 1777 1692 1871 procedendum
1712 1779 1861 1852 ulterius

428 1892 492 1962 per
514 1871 717 1965 episcopum
738 1873 924 1946 habentem
945 1896 1052 1968 super
1069 1874 1135 1946 boc
1154 1886 1361 1969 potestatem
1386 1877 1431 1946 ad
1451 1875 1709 1967 depositionem
1735 1886 1770 1948 et
1794 1877 1860 1949 de-

428 1968 669 2059 gradationem
690 1971 849 2060 ejusdem
869 1993 889 2042 a
914 1973 1125 2044 sacerdotali
1146 1985 1180 2043 et
1207 1973 1278 2044 alio
1298 1973 1456 2065 quolibet
1475 1972 1600 2044 ordine
1619 1983 1655 2045 et
1677 1975 1721 2045 ad
1741 1977 1861 2067 priva-

428 2068 559 2137 tionem
589 2068 634 2137 ab
658 2071 755 2138 omni
788 2068 941 2139 clericali
967 2069 1129 2157 honore,
1161 2069 1311 2157 habitu,
1343 2071 1528 2164 privilegio
1558 2081 1593 2141 et
1622 2083 1792 2159 tonsura,
1824 2073 1862 2143 in

429 2163 538 2234 lorma
557 2186 577 2235 a
599 2166 678 2256 jure
696 2165 821 2236 tradita
846 2166 1040 2238 secundum
1065 2171 1252 2239 canonicas
1279 2168 1501 2255 sanctiones,
1522 2179 1614 2256 etc,
1638 2179 1675 2238 ut
1692 2170 1862 2262 superius

430 2271 483 2331 est
502 2272 673 2333 notatum.
1575 2288 1578 2293 ·

426 2541 487 2606 42.
510 2544 643 2607 Forma
669 2545 852 2609 sententie
877 2546 1159 2621 degradationis
1185 2553 1222 2610 et
1250 2546 1515 2611 inmurationis
1547 2556 1677 2612 contra
1700 2546 1862 2629 aliquem

465 2651 691 2714 sacerdotem
709 2651 767 2714 vel
782 2652 957 2717 clericum
974 2662 1039 2718 aut
1056 2671 1252 2734 personam
1265 2655 1555 2719 ecclesiasticam
1578 2655 1641 2737 qui
1659 2655 1865 2734 baptizavit

464 2757 610 2839 aliquas
624 2760 819 2838 ymagines
833 2760 872 2824 in
888 2760 1054 2825 lontibus
1073 2761 1358 2842 baptismalibus
1372 2762 1413 2825 in
1428 2760 1545 2825 torma
1562 2761 1733 2841 baptismi
1747 2761 1788 2825 in
1804 2778 1862 2826 ec·

464 2863 576 2929 alesia
590 2866 715 2948 aliqua
729 2867 788 2931 rel
803 2868 914 2932 etiam
930 2876 1036 2932 extra
1054 2868 1249 2934 ecclesiam
1274 2871 1320 2932 ad
1338 2867 1546 2933 iaciendum
1566 2867 1691 2948 aliqua
1715 2868 1862 2932 sortile-

464 2973 526 3047 gia
540 2973 598 3035 vel
615 2972 796 3038 maleficia
821 2991 886 3039 seu
907 2976 955 3039 ad
974 2976 1118 3056 aliquos
1138 2984 1245 3040 actus
1270 2976 1420 3040 illicitos
1445 2975 1504 3039 vel
1527 2975 1712 3039 indebitos
1731 2990 1862 3054 procu·

463 3079 633 3142 randum.
652 3080 745 3144 Item
756 3082 819 3162 qui
835 3082 994 3145 hostiam
1011 3098 1086 3147 non
1102 3091 1356 3148 consecratam
1370 3083 1601 3147 ministravit
1616 3084 1779 3147 scienter
1795 3082 1863 3146 ali·

464 3185 522 3248 cui
537 3185 616 3250 loco
631 3186 750 3250 hostie
766 3196 981 3252 consecrate
1001 3204 1084 3252 cum
1100 3188 1181 3268 pari
1200 3189 1409 3253 reverentia
1424 3189 1622 3252 ethonore.

476 3443 528 3543 [F0
547 3446 593 3515 86
613 3443 650 3544 d]
669 3448 706 3517 ln
731 3448 873 3518 nomine
893 3448 1049 3536 Domini,
1072 3469 1187 3520 amen.
1206 3447 1379 3530 Quoniam
1406 3469 1470 3519 nos
1492 3449 1681 3542 episcopus
1700 3447 1777 3519 talis
1798 3469 1862 3541 per

427 3545 687 3637 inquisitionem
708 3567 778 3637 que
798 3566 860 3638 per
880 3568 944 3617 nus
962 3547 1051 3616 lacta
1072 3556 1125 3616 est
1144 3546 1361 3638 generaliter
1380 3558 1501 3618 contra
1515 3566 1640 3616 omnes
1658 3545 1860 3636 sortilegos,

427 3640 623 3730 maleficos,
649 3655 683 3714 et
706 3643 867 3729 divinos,
889 3655 924 3714 et
942 3645 1161 3736 baptizantes
1190 3644 1375 3737 ymagines
1394 3665 1459 3715 seu
1484 3664 1540 3714 res
1565 3643 1797 3729 inanimatas,
1826 3653 1863 3713 et

426 3739 682 3833 rebaptizantes
706 3740 868 3811 homines
894 3741 1113 3833 baptizatos,
1134 3751 1170 3810 et
1191 3741 1381 3811 abutentes
1406 3751 1628 3811 sacramento
1648 3739 1864 3811 eucharistie

426 3838 482 3908 vel
503 3838 580 3910 aliis
597 3838 839 3924 sacramentis,
859 3839 1073 3923 invenimus,
1089 3859 1229 3909 necnon
1248 3860 1312 3932 per
1333 3838 1594 3911 cenfessionem
1617 3839 1696 3908 talis
1712 3837 1755 3907 N.
1768 3858 1864 3931 pres·

425 3935 527 4007 biteri
549 3936 594 4007 de
613 3935 672 4006 tali
693 3936 770 4006 locu
784 3935 862 4005 talis
877 3935 1038 4029 dyocesis
1058 3937 1184 4005 iactam
1206 3936 1241 4005 in
1259 3936 1390 4026 juditio
1409 3935 1566 4027 legitime
1583 3935 1687 4006 nobis
1706 3947 1860 4023 constat,

308 4047 310 4051 ’
425 4034 519 4124 quod
536 4034 649 4105 dictus
669 4032 855 4127 presbiter,
876 4033 922 4102 ad
943 4032 1146 4104 mandatum
1165 4054 1228 4103 seu
1248 4035 1514 4125 persuasionem
1533 4033 1611 4103 talis
1627 4044 1662 4103 et
1676 4032 1755 4103 talis
1769 4054 1863 4125 quos

424 4131 460 4200 in
480 4132 700 4203 contessione
719 4151 782 4201 sua
802 4130 972 4218 nominat,
993 4130 1185 4223 baptizavit
1204 4140 1254 4201 tot
1273 4130 1459 4224 ymagines
1482 4131 1527 4201 de
1547 4152 1627 4201 cera
1649 4130 1683 4200 in
1703 4130 1863 4202 lontibus

423 4228 690 4320 baptismalibus
704 4229 885 4319 cujusdam
902 4228 1064 4312 ecclesie,
1081 4229 1270 4298 observata
1287 4229 1398 4299 forma
1411 4228 1593 4320 baptismi,
1613 4241 1649 4298 et
1663 4227 1748 4320 ipsis
1762 4247 1862 4320 yma-

423 4326 564 4417 ginibus
590 4329 732 4397 nomina
754 4325 920 4418 imposuit
947 4345 1175 4418 personarum
1204 4345 1267 4419 pro
1291 4325 1422 4417 quibus
1443 4325 1536 4396 dicte
1559 4325 1743 4419 ymagines
1768 4324 1864 4396 facte

424 4436 543 4514 erant,
565 4424 716 4495 dicendo
736 4423 771 4493 in
792 4422 1030 4515 baptizando:
1055 4421 1177 4509 Petra,
1198 4422 1255 4494 vel
1273 4419 1417 4510 Jccohe,
1440 4444 1569 4494 numen
1590 4422 1633 4492 ad
1655 4420 1863 4516 ymaginem

423 4521 625 4616 dirigendo,
646 4543 710 4614 epo
727 4527 759 4591 te
776 4519 918 4614 baptizo
936 4520 974 4592 in
991 4521 1131 4591 nomine
1148 4519 1288 4607 Patris,
1313 4525 1357 4591 ei*
1368 4520 1475 4609 Filii,
1496 4527 1527 4590 et
1547 4518 1706 4613 Spiritm
1720 4519 1861 4615 Sancti,

423 4641 547 4707 amen,
569 4619 736 4690 adhibitis
764 4640 827 4689 seu
850 4617 985 4689 traditis
1011 4639 1072 4711 per
1100 4619 1215 4710 ipsum
1236 4617 1277 4688 N.
1304 4617 1407 4688 dictis
1435 4618 1677 4712 ymaginibus,
1704 4617 1864 4690 camisiis

423 4736 485 4788 seu
505 4717 712 4812 capitalibus
731 4736 829 4787 more
848 4716 1033 4786 infantium
1052 4717 1113 4808 qui
1134 4715 1168 4784 in
1193 4714 1349 4785 Ecclesia
1367 4715 1605 4808 baptizantur,
1628 4715 1743 4785 sciens
1762 4715 1864 4805 quod

423 4812 515 4885 dicte
532 4816 712 4909 ymagines
728 4816 866 4884 luerunt
881 4814 971 4884 lacte
989 4823 1025 4884 et
1044 4811 1317 4907 baptizabantur
1333 4812 1380 4883 ad
1402 4813 1549 4884 ellectus
1568 4812 1708 4883 illicitus
1727 4821 1789 4881 aut
1808 4812 1865 4881 in-

424 4910 561 4983 debitus
577 4911 817 5005 procurandos
834 4909 890 5006 (in
907 4909 970 4980 ista
989 4910 1061 4982 loco
1078 4910 1339 5006 eccprirncntnr
1354 4910 1474 4981 omnic
1488 4917 1520 4980 et
1540 4910 1683 5002 sinpnlu
1699 4930 1766 5003 qne
1777 4929 1863 5000 per·

424 5012 534 5078 tinent
559 5009 610 5080 od
637 5009 780 5103 cuipam
808 5015 970 5081 extructa
999 5009 1043 5080 de
1064 5029 1232 5102 processu
1262 5015 1298 5079 et
1323 5007 1539 5100 confessione
1564 5007 1626 5078 suh
1653 5006 1862 5100 compendio
