<?xml version="1.0" encoding="UTF-8"?>
<!DOCTYPE html PUBLIC "-//W3C//DTD XHTML 1.0 Transitional//EN"
    "http://www.w3.org/TR/xhtml1/DTD/xhtml1-transitional.dtd">
<html xmlns="http://www.w3.org/1999/xhtml" xml:lang="en" lang="en">
 <head>
  <title>
</title>
<meta http-equiv="Content-Type" content="text/html;charset=utf-8" />
  <meta name='ocr-system' content='tesseract 3.04.00' />
  <meta name='ocr-capabilities' content='ocr_page ocr_carea ocr_par ocr_line ocrx_word'/>
</head>
<body>
  <div class='ocr_page' id='page_1' title='image "./practicainquisi00douagoog_0152.png"; bbox 0 0 4574 6404; ppageno 0'>
   <div class='ocr_carea' id='block_1_1' title="bbox 929 667 1766 735">
    <p class='ocr_par' dir='ltr' id='par_1_1' title="bbox 929 667 1766 735">
     <span class='ocr_line' id='line_1_1' title="bbox 929 667 1766 735; baseline 0.007 -7"><span class='ocrx_word' id='word_1_1' title='bbox 929 678 1049 729; x_wconf 77' lang='lat' dir='ltr'>rmam</span> <span class='ocrx_word' id='word_1_2' title='bbox 1075 678 1171 729; x_wconf 76' lang='lat' dir='ltr'>rsus,</span> <span class='ocrx_word' id='word_1_3' title='bbox 1700 667 1766 735; x_wconf 80' lang='lat' dir='ltr'>l59</span> 
     </span>
    </p>
   </div>
   <div class='ocr_carea' id='block_1_2' title="bbox 230 836 1766 931">
    <p class='ocr_par' dir='ltr' id='par_1_2' title="bbox 230 836 1766 931">
     <span class='ocr_line' id='line_1_2' title="bbox 230 836 1766 931; baseline 0.005 -25"><span class='ocrx_word' id='word_1_4' title='bbox 230 849 232 853; x_wconf 70' lang='lat'>‘</span> <span class='ocrx_word' id='word_1_5' title='bbox 337 836 578 928; x_wconf 87' lang='lat' dir='ltr'>perseveravit</span> <span class='ocrx_word' id='word_1_6' title='bbox 599 836 708 907; x_wconf 93' lang='lat' dir='ltr'>multo</span> <span class='ocrx_word' id='word_1_7' title='bbox 731 850 887 929; x_wconf 89' lang='lat' dir='ltr'>temporo</span> <span class='ocrx_word' id='word_1_8' title='bbox 908 839 1082 929; x_wconf 89' lang='lat' dir='ltr'>usquead</span> <span class='ocrx_word' id='word_1_9' title='bbox 1105 837 1172 907; x_wconf 92' lang='lat' dir='ltr'>tale</span> <span class='ocrx_word' id='word_1_10' title='bbox 1199 849 1335 929; x_wconf 89' lang='lat' dir='ltr'>tempus</span> <span class='ocrx_word' id='word_1_11' title='bbox 1357 837 1632 931; x_wconf 76' lang='lat' dir='ltr'>(enprimntnr).</span> <span class='ocrx_word' id='word_1_12' title='bbox 1655 841 1696 910; x_wconf 85' lang='lat' dir='ltr'>Et</span> <span class='ocrx_word' id='word_1_13' title='bbox 1720 864 1766 913; x_wconf 85' lang='lat' dir='ltr'>ex</span> 
     </span>
    </p>
   </div>
   <div class='ocr_carea' id='block_1_3' title="bbox 310 934 1830 5135">
    <p class='ocr_par' dir='ltr' id='par_1_3' title="bbox 310 934 1830 5135">
     <span class='ocr_line' id='line_1_3' title="bbox 339 934 1764 1027; baseline 0.006 -26"><span class='ocrx_word' id='word_1_14' title='bbox 339 946 418 1002; x_wconf 89' lang='lat' dir='ltr'>tunc</span> <span class='ocrx_word' id='word_1_15' title='bbox 438 934 553 1004; x_wconf 88' lang='lat' dir='ltr'>dictus</span> <span class='ocrx_word' id='word_1_16' title='bbox 575 934 652 1004; x_wconf 91' lang='lat' dir='ltr'>talis</span> <span class='ocrx_word' id='word_1_17' title='bbox 677 935 717 1005; x_wconf 90' lang='lat' dir='ltr'>N.</span> <span class='ocrx_word' id='word_1_18' title='bbox 740 935 833 1027; x_wconf 90' lang='lat' dir='ltr'>cepit</span> <span class='ocrx_word' id='word_1_19' title='bbox 859 935 904 1004; x_wconf 92' lang='lat' dir='ltr'>ab</span> <span class='ocrx_word' id='word_1_20' title='bbox 924 934 992 1005; x_wconf 92' lang='lat' dir='ltr'>illis</span> <span class='ocrx_word' id='word_1_21' title='bbox 1012 956 1081 1027; x_wconf 89' lang='lat' dir='ltr'>que</span> <span class='ocrx_word' id='word_1_22' title='bbox 1108 935 1289 1005; x_wconf 86' lang='lat' dir='ltr'>confessus</span> <span class='ocrx_word' id='word_1_23' title='bbox 1311 935 1423 1004; x_wconf 88' lang='lat' dir='ltr'>luerat</span> <span class='ocrx_word' id='word_1_24' title='bbox 1448 936 1603 1025; x_wconf 88' lang='lat' dir='ltr'>resilire,</span> <span class='ocrx_word' id='word_1_25' title='bbox 1628 947 1662 1008; x_wconf 90' lang='lat' dir='ltr'>et</span> <span class='ocrx_word' id='word_1_26' title='bbox 1681 960 1764 1010; x_wconf 92' lang='lat' dir='ltr'>con-</span> 
     </span>
     <span class='ocr_line' id='line_1_4' title="bbox 337 1031 1767 1123; baseline 0.005 -23"><span class='ocrx_word' id='word_1_27' title='bbox 337 1032 463 1103; x_wconf 88' lang='lat' dir='ltr'>lessata</span> <span class='ocrx_word' id='word_1_28' title='bbox 490 1032 650 1118; x_wconf 90' lang='lat' dir='ltr'>variare,</span> <span class='ocrx_word' id='word_1_29' title='bbox 672 1053 713 1103; x_wconf 90' lang='lat' dir='ltr'>ac</span> <span class='ocrx_word' id='word_1_30' title='bbox 740 1053 869 1122; x_wconf 88' lang='lat' dir='ltr'>negare</span> <span class='ocrx_word' id='word_1_31' title='bbox 889 1054 928 1102; x_wconf 88' lang='lat' dir='ltr'>se</span> <span class='ocrx_word' id='word_1_32' title='bbox 954 1033 1152 1103; x_wconf 82' lang='lat' dir='ltr'>consessum</span> <span class='ocrx_word' id='word_1_33' title='bbox 1174 1032 1283 1102; x_wconf 86' lang='lat' dir='ltr'>fuisse</span> <span class='ocrx_word' id='word_1_34' title='bbox 1309 1031 1442 1123; x_wconf 89' lang='lat' dir='ltr'>aliquid</span> <span class='ocrx_word' id='word_1_35' title='bbox 1470 1032 1515 1103; x_wconf 91' lang='lat' dir='ltr'>de</span> <span class='ocrx_word' id='word_1_36' title='bbox 1535 1032 1674 1121; x_wconf 87' lang='lat' dir='ltr'>heresi,</span> <span class='ocrx_word' id='word_1_37' title='bbox 1699 1038 1767 1108; x_wconf 90' lang='lat' dir='ltr'>nisi</span> 
     </span>
     <span class='ocr_line' id='line_1_5' title="bbox 339 1129 1766 1225; baseline 0.004 -26"><span class='ocrx_word' id='word_1_38' title='bbox 339 1149 397 1223; x_wconf 89' lang='lat' dir='ltr'>per</span> <span class='ocrx_word' id='word_1_39' title='bbox 424 1129 630 1201; x_wconf 84' lang='lat' dir='ltr'>violentiam</span> <span class='ocrx_word' id='word_1_40' title='bbox 663 1140 936 1215; x_wconf 88' lang='lat' dir='ltr'>tormentorum,</span> <span class='ocrx_word' id='word_1_41' title='bbox 959 1133 1121 1222; x_wconf 85' lang='lat' dir='ltr'>quamvis</span> <span class='ocrx_word' id='word_1_42' title='bbox 1148 1130 1303 1220; x_wconf 89' lang='lat' dir='ltr'>legitime</span> <span class='ocrx_word' id='word_1_43' title='bbox 1329 1132 1559 1202; x_wconf 86' lang='lat' dir='ltr'>convincatur</span> <span class='ocrx_word' id='word_1_44' title='bbox 1587 1154 1649 1225; x_wconf 89' lang='lat' dir='ltr'>per</span> <span class='ocrx_word' id='word_1_45' title='bbox 1677 1135 1766 1205; x_wconf 93' lang='lat' dir='ltr'>dnos</span> 
     </span>
     <span class='ocr_line' id='line_1_6' title="bbox 338 1226 1767 1319; baseline 0.005 -24"><span class='ocrx_word' id='word_1_46' title='bbox 338 1238 442 1297; x_wconf 88' lang='lat' dir='ltr'>testes</span> <span class='ocrx_word' id='word_1_47' title='bbox 468 1230 563 1319; x_wconf 91' lang='lat' dir='ltr'>quod</span> <span class='ocrx_word' id='word_1_48' title='bbox 588 1227 691 1298; x_wconf 89' lang='lat' dir='ltr'>tutem</span> <span class='ocrx_word' id='word_1_49' title='bbox 718 1228 908 1298; x_wconf 90' lang='lat' dir='ltr'>hereticum</span> <span class='ocrx_word' id='word_1_50' title='bbox 936 1240 970 1298; x_wconf 90' lang='lat' dir='ltr'>et</span> <span class='ocrx_word' id='word_1_51' title='bbox 990 1229 1067 1317; x_wconf 86' lang='lat' dir='ltr'>ejus</span> <span class='ocrx_word' id='word_1_52' title='bbox 1089 1228 1222 1298; x_wconf 89' lang='lat' dir='ltr'>socium</span> <span class='ocrx_word' id='word_1_53' title='bbox 1239 1226 1379 1297; x_wconf 75' lang='lat' dir='ltr'>‘viderit</span> <span class='ocrx_word' id='word_1_54' title='bbox 1408 1249 1540 1319; x_wconf 90' lang='lat' dir='ltr'>eosque</span> <span class='ocrx_word' id='word_1_55' title='bbox 1564 1230 1767 1302; x_wconf 76' lang='lat' dir='ltr'><strong>adoraverit</strong></span> 
     </span>
     <span class='ocr_line' id='line_1_7' title="bbox 339 1324 1766 1417; baseline 0.004 -24"><span class='ocrx_word' id='word_1_56' title='bbox 339 1345 434 1396; x_wconf 88' lang='lat' dir='ltr'>more</span> <span class='ocrx_word' id='word_1_57' title='bbox 459 1325 636 1397; x_wconf 88' lang='lat' dir='ltr'>hereticali</span> <span class='ocrx_word' id='word_1_58' title='bbox 659 1325 809 1396; x_wconf 92' lang='lat' dir='ltr'>dicendo</span> <span class='ocrx_word' id='word_1_59' title='bbox 822 1351 829 1393; x_wconf 93' lang='lat'>:</span> <span class='ocrx_word' id='word_1_60' title='bbox 843 1324 1048 1396; x_wconf 77' lang='lat' dir='ltr'>Benedictio</span> <span class='ocrx_word' id='word_1_61' title='bbox 1066 1347 1181 1396; x_wconf 92' lang='lat' dir='ltr'>coram</span> <span class='ocrx_word' id='word_1_62' title='bbox 1202 1325 1267 1395; x_wconf 90' lang='lat' dir='ltr'>eis.</span> <span class='ocrx_word' id='word_1_63' title='bbox 1289 1324 1388 1410; x_wconf 86' lang='lat' dir='ltr'>Item,</span> <span class='ocrx_word' id='word_1_64' title='bbox 1407 1346 1469 1417; x_wconf 88' lang='lat' dir='ltr'>per</span> <span class='ocrx_word' id='word_1_65' title='bbox 1488 1328 1658 1416; x_wconf 89' lang='lat' dir='ltr'>quosdam</span> <span class='ocrx_word' id='word_1_66' title='bbox 1679 1329 1766 1400; x_wconf 89' lang='lat' dir='ltr'>alios</span> 
     </span>
     <span class='ocr_line' id='line_1_8' title="bbox 339 1422 1767 1517; baseline 0.004 -26"><span class='ocrx_word' id='word_1_67' title='bbox 339 1435 443 1494; x_wconf 88' lang='lat' dir='ltr'>testes</span> <span class='ocrx_word' id='word_1_68' title='bbox 461 1424 624 1514; x_wconf 89' lang='lat' dir='ltr'>quamvis</span> <span class='ocrx_word' id='word_1_69' title='bbox 648 1423 845 1514; x_wconf 78' lang='lat' dir='ltr'>singulares</span> <span class='ocrx_word' id='word_1_70' title='bbox 871 1424 1060 1517; x_wconf 72' lang='lat' dir='ltr'>deponitur</span> <span class='ocrx_word' id='word_1_71' title='bbox 1088 1434 1208 1494; x_wconf 92' lang='lat' dir='ltr'>contra</span> <span class='ocrx_word' id='word_1_72' title='bbox 1238 1422 1389 1493; x_wconf 89' lang='lat' dir='ltr'>eundem</span> <span class='ocrx_word' id='word_1_73' title='bbox 1418 1422 1463 1492; x_wconf 93' lang='lat' dir='ltr'>de</span> <span class='ocrx_word' id='word_1_74' title='bbox 1491 1423 1668 1513; x_wconf 82' lang='lat' dir='ltr'>aliquibus</span> <span class='ocrx_word' id='word_1_75' title='bbox 1688 1427 1767 1497; x_wconf 91' lang='lat' dir='ltr'>aliis</span> 
     </span>
     <span class='ocr_line' id='line_1_9' title="bbox 338 1520 1767 1612; baseline 0.003 -23"><span class='ocrx_word' id='word_1_76' title='bbox 338 1521 434 1590; x_wconf 89' lang='lat' dir='ltr'>lactis</span> <span class='ocrx_word' id='word_1_77' title='bbox 457 1521 703 1592; x_wconf 90' lang='lat' dir='ltr'>hereticalibus</span> <span class='ocrx_word' id='word_1_78' title='bbox 728 1533 843 1592; x_wconf 88' lang='lat' dir='ltr'>tamen</span> <span class='ocrx_word' id='word_1_79' title='bbox 872 1521 1115 1605; x_wconf 88' lang='lat' dir='ltr'>iterabilibus,</span> <span class='ocrx_word' id='word_1_80' title='bbox 1138 1542 1244 1612; x_wconf 88' lang='lat' dir='ltr'>super</span> <span class='ocrx_word' id='word_1_81' title='bbox 1267 1520 1396 1611; x_wconf 88' lang='lat' dir='ltr'>quibus</span> <span class='ocrx_word' id='word_1_82' title='bbox 1417 1532 1453 1589; x_wconf 92' lang='lat' dir='ltr'>et</span> <span class='ocrx_word' id='word_1_83' title='bbox 1472 1542 1516 1590; x_wconf 82' lang='lat' dir='ltr'>ex</span> <span class='ocrx_word' id='word_1_84' title='bbox 1540 1522 1667 1612; x_wconf 89' lang='lat' dir='ltr'>quibus</span> <span class='ocrx_word' id='word_1_85' title='bbox 1689 1544 1767 1594; x_wconf 88' lang='lat' dir='ltr'>sus-</span> 
     </span>
     <span class='ocr_line' id='line_1_10' title="bbox 338 1618 1765 1711; baseline 0.003 -23"><span class='ocrx_word' id='word_1_86' title='bbox 338 1630 457 1711; x_wconf 85' lang='lat' dir='ltr'>pectus</span> <span class='ocrx_word' id='word_1_87' title='bbox 481 1619 640 1689; x_wconf 77' lang='lat' dir='ltr'>redditur</span> <span class='ocrx_word' id='word_1_88' title='bbox 660 1620 705 1689; x_wconf 88' lang='lat' dir='ltr'>de</span> <span class='ocrx_word' id='word_1_89' title='bbox 725 1621 815 1690; x_wconf 89' lang='lat' dir='ltr'>lacto</span> <span class='ocrx_word' id='word_1_90' title='bbox 835 1620 968 1689; x_wconf 85' lang='lat' dir='ltr'>heresis</span> <span class='ocrx_word' id='word_1_91' title='bbox 989 1632 1025 1689; x_wconf 91' lang='lat' dir='ltr'>et</span> <span class='ocrx_word' id='word_1_92' title='bbox 1043 1630 1196 1689; x_wconf 90' lang='lat' dir='ltr'>notatus.</span> <span class='ocrx_word' id='word_1_93' title='bbox 1220 1618 1325 1703; x_wconf 87' lang='lat' dir='ltr'>item,</span> <span class='ocrx_word' id='word_1_94' title='bbox 1350 1618 1534 1711; x_wconf 87' lang='lat' dir='ltr'>publicatis</span> <span class='ocrx_word' id='word_1_95' title='bbox 1554 1619 1620 1688; x_wconf 90' lang='lat' dir='ltr'>sibi</span> <span class='ocrx_word' id='word_1_96' title='bbox 1641 1631 1675 1689; x_wconf 92' lang='lat' dir='ltr'>et</span> <span class='ocrx_word' id='word_1_97' title='bbox 1696 1620 1765 1693; x_wconf 89' lang='lat' dir='ltr'>lec·</span> 
     </span>
     <span class='ocr_line' id='line_1_11' title="bbox 340 1716 1764 1813; baseline 0.004 -30"><span class='ocrx_word' id='word_1_98' title='bbox 340 1718 380 1813; x_wconf 75' lang='lat' dir='ltr'>tis</span> <span class='ocrx_word' id='word_1_99' title='bbox 410 1717 633 1808; x_wconf 90' lang='lat' dir='ltr'>postmodum</span> <span class='ocrx_word' id='word_1_100' title='bbox 663 1718 930 1808; x_wconf 73' lang='lat' dir='ltr'>intelligibiliter</span> <span class='ocrx_word' id='word_1_101' title='bbox 959 1719 994 1785; x_wconf 90' lang='lat' dir='ltr'>in</span> <span class='ocrx_word' id='word_1_102' title='bbox 1025 1716 1161 1808; x_wconf 87' lang='lat' dir='ltr'>vulgari</span> <span class='ocrx_word' id='word_1_103' title='bbox 1194 1716 1474 1806; x_wconf 87' lang='lat' dir='ltr'>depositionibus</span> <span class='ocrx_word' id='word_1_104' title='bbox 1500 1728 1620 1786; x_wconf 92' lang='lat' dir='ltr'>contra</span> <span class='ocrx_word' id='word_1_105' title='bbox 1650 1718 1764 1811; x_wconf 90' lang='lat' dir='ltr'>ipsum</span> 
     </span>
     <span class='ocr_line' id='line_1_12' title="bbox 340 1813 1766 1906; baseline 0.005 -25"><span class='ocrx_word' id='word_1_106' title='bbox 340 1813 434 1883; x_wconf 88' lang='lat' dir='ltr'>lactis</span> <span class='ocrx_word' id='word_1_107' title='bbox 460 1835 595 1886; x_wconf 85' lang='lat' dir='ltr'>necnon</span> <span class='ocrx_word' id='word_1_108' title='bbox 623 1816 825 1886; x_wconf 89' lang='lat' dir='ltr'>nominibus</span> <span class='ocrx_word' id='word_1_109' title='bbox 855 1815 993 1885; x_wconf 90' lang='lat' dir='ltr'>testium</span> <span class='ocrx_word' id='word_1_110' title='bbox 1020 1815 1272 1906; x_wconf 84' lang='lat' dir='ltr'>deponentium</span> <span class='ocrx_word' id='word_1_111' title='bbox 1299 1813 1531 1906; x_wconf 81' lang='lat' dir='ltr'>expressatis,</span> <span class='ocrx_word' id='word_1_112' title='bbox 1556 1815 1708 1886; x_wconf 92' lang='lat' dir='ltr'>monitos</span> <span class='ocrx_word' id='word_1_113' title='bbox 1731 1830 1766 1888; x_wconf 89' lang='lat' dir='ltr'>et</span> 
     </span>
     <span class='ocr_line' id='line_1_13' title="bbox 339 1910 1765 2006; baseline 0.004 -27"><span class='ocrx_word' id='word_1_114' title='bbox 339 1911 528 2003; x_wconf 88' lang='lat' dir='ltr'>requisitus</span> <span class='ocrx_word' id='word_1_115' title='bbox 556 1914 686 2004; x_wconf 88' lang='lat' dir='ltr'>pluries</span> <span class='ocrx_word' id='word_1_116' title='bbox 715 1915 883 1985; x_wconf 88' lang='lat' dir='ltr'>canonice</span> <span class='ocrx_word' id='word_1_117' title='bbox 911 1925 945 1982; x_wconf 90' lang='lat' dir='ltr'>et</span> <span class='ocrx_word' id='word_1_118' title='bbox 973 1912 1230 2003; x_wconf 89' lang='lat' dir='ltr'>perhemptorie</span> <span class='ocrx_word' id='word_1_119' title='bbox 1260 1923 1296 1979; x_wconf 89' lang='lat' dir='ltr'>ut</span> <span class='ocrx_word' id='word_1_120' title='bbox 1322 1910 1548 1981; x_wconf 84' lang='lat' dir='ltr'>confiteretur</span> <span class='ocrx_word' id='word_1_121' title='bbox 1569 1923 1637 1981; x_wconf 91' lang='lat' dir='ltr'>tam</span> <span class='ocrx_word' id='word_1_122' title='bbox 1659 1935 1765 2006; x_wconf 91' lang='lat' dir='ltr'>super</span> 
     </span>
     <span class='ocr_line' id='line_1_14' title="bbox 338 2008 1767 2104; baseline 0.004 -29"><span class='ocrx_word' id='word_1_123' title='bbox 338 2008 404 2079; x_wconf 87' lang='lat' dir='ltr'>illis</span> <span class='ocrx_word' id='word_1_124' title='bbox 423 2031 528 2101; x_wconf 87' lang='lat' dir='ltr'>quarn</span> <span class='ocrx_word' id='word_1_125' title='bbox 549 2033 656 2104; x_wconf 90' lang='lat' dir='ltr'>snper</span> <span class='ocrx_word' id='word_1_126' title='bbox 676 2013 755 2082; x_wconf 89' lang='lat' dir='ltr'>aliis</span> <span class='ocrx_word' id='word_1_127' title='bbox 777 2032 999 2104; x_wconf 87' lang='lat' dir='ltr'>quecumque</span> <span class='ocrx_word' id='word_1_128' title='bbox 1022 2008 1127 2080; x_wconf 91' lang='lat' dir='ltr'>sciret</span> <span class='ocrx_word' id='word_1_129' title='bbox 1146 2010 1191 2079; x_wconf 90' lang='lat' dir='ltr'>de</span> <span class='ocrx_word' id='word_1_130' title='bbox 1211 2010 1300 2078; x_wconf 89' lang='lat' dir='ltr'>lacto</span> <span class='ocrx_word' id='word_1_131' title='bbox 1322 2009 1454 2079; x_wconf 86' lang='lat' dir='ltr'>heresis</span> <span class='ocrx_word' id='word_1_132' title='bbox 1476 2010 1682 2096; x_wconf 87' lang='lat' dir='ltr'>veritatem,</span> <span class='ocrx_word' id='word_1_133' title='bbox 1704 2027 1767 2082; x_wconf 89' lang='lat' dir='ltr'>aut</span> 
     </span>
     <span class='ocr_line' id='line_1_15' title="bbox 339 2107 1765 2203; baseline 0.004 -28"><span class='ocrx_word' id='word_1_134' title='bbox 339 2126 373 2176; x_wconf 91' lang='lat' dir='ltr'>se</span> <span class='ocrx_word' id='word_1_135' title='bbox 393 2107 600 2180; x_wconf 82' lang='lat' dir='ltr'>defenderet</span> <span class='ocrx_word' id='word_1_136' title='bbox 620 2112 674 2181; x_wconf 89' lang='lat' dir='ltr'>vel</span> <span class='ocrx_word' id='word_1_137' title='bbox 698 2122 861 2203; x_wconf 88' lang='lat' dir='ltr'>purgaret</span> <span class='ocrx_word' id='word_1_138' title='bbox 879 2111 913 2177; x_wconf 92' lang='lat' dir='ltr'>in</span> <span class='ocrx_word' id='word_1_139' title='bbox 930 2107 1059 2199; x_wconf 90' lang='lat' dir='ltr'>juditio</span> <span class='ocrx_word' id='word_1_140' title='bbox 1075 2109 1120 2177; x_wconf 91' lang='lat' dir='ltr'>de</span> <span class='ocrx_word' id='word_1_141' title='bbox 1137 2107 1269 2177; x_wconf 90' lang='lat' dir='ltr'>eisdem</span> <span class='ocrx_word' id='word_1_142' title='bbox 1291 2107 1319 2176; x_wconf 90' lang='lat' dir='ltr'>si</span> <span class='ocrx_word' id='word_1_143' title='bbox 1342 2117 1478 2199; x_wconf 90' lang='lat' dir='ltr'>poterat</span> <span class='ocrx_word' id='word_1_144' title='bbox 1492 2120 1527 2177; x_wconf 91' lang='lat' dir='ltr'>et</span> <span class='ocrx_word' id='word_1_145' title='bbox 1543 2107 1697 2192; x_wconf 87' lang='lat' dir='ltr'>volebat,</span> <span class='ocrx_word' id='word_1_146' title='bbox 1720 2131 1765 2180; x_wconf 84' lang='lat' dir='ltr'>ex</span> 
     </span>
     <span class='ocr_line' id='line_1_16' title="bbox 338 2204 1763 2296; baseline 0.004 -24"><span class='ocrx_word' id='word_1_147' title='bbox 338 2205 660 2295; x_wconf 90' lang='lat' dir='ltr'>superhabundauti</span> <span class='ocrx_word' id='word_1_148' title='bbox 697 2221 732 2279; x_wconf 90' lang='lat' dir='ltr'>et</span> <span class='ocrx_word' id='word_1_149' title='bbox 766 2206 974 2278; x_wconf 85' lang='lat' dir='ltr'>exuberanti</span> <span class='ocrx_word' id='word_1_150' title='bbox 1004 2209 1114 2295; x_wconf 87' lang='lat' dir='ltr'>gratia</span> <span class='ocrx_word' id='word_1_151' title='bbox 1145 2215 1179 2275; x_wconf 94' lang='lat' dir='ltr'>et</span> <span class='ocrx_word' id='word_1_152' title='bbox 1207 2204 1445 2274; x_wconf 86' lang='lat' dir='ltr'>misericordia</span> <span class='ocrx_word' id='word_1_153' title='bbox 1475 2204 1617 2296; x_wconf 88' lang='lat' dir='ltr'>speciali</span> <span class='ocrx_word' id='word_1_154' title='bbox 1647 2207 1763 2277; x_wconf 87' lang='lat' dir='ltr'>oblata</span> 
     </span>
     <span class='ocr_line' id='line_1_17' title="bbox 338 2301 1763 2397; baseline 0.003 -27"><span class='ocrx_word' id='word_1_155' title='bbox 338 2301 402 2371; x_wconf 84' lang='lat' dir='ltr'>sibi</span> <span class='ocrx_word' id='word_1_156' title='bbox 428 2306 547 2397; x_wconf 88' lang='lat' dir='ltr'>sepios</span> <span class='ocrx_word' id='word_1_157' title='bbox 573 2307 737 2377; x_wconf 82' lang='lat' dir='ltr'>fantrltate</span> <span class='ocrx_word' id='word_1_158' title='bbox 757 2319 791 2377; x_wconf 91' lang='lat' dir='ltr'>et</span> <span class='ocrx_word' id='word_1_159' title='bbox 815 2305 915 2397; x_wconf 87' lang='lat' dir='ltr'>copia</span> <span class='ocrx_word' id='word_1_160' title='bbox 940 2304 1155 2374; x_wconf 86' lang='lat' dir='ltr'>defendendi</span> <span class='ocrx_word' id='word_1_161' title='bbox 1173 2313 1234 2371; x_wconf 92' lang='lat' dir='ltr'>aut</span> <span class='ocrx_word' id='word_1_162' title='bbox 1261 2301 1435 2394; x_wconf 88' lang='lat' dir='ltr'>purgandi</span> <span class='ocrx_word' id='word_1_163' title='bbox 1453 2323 1514 2385; x_wconf 86' lang='lat' dir='ltr'>se,</span> <span class='ocrx_word' id='word_1_164' title='bbox 1537 2313 1573 2370; x_wconf 94' lang='lat' dir='ltr'>ut</span> <span class='ocrx_word' id='word_1_165' title='bbox 1594 2304 1763 2394; x_wconf 86' lang='lat' dir='ltr'>premitti-</span> 
     </span>
     <span class='ocr_line' id='line_1_18' title="bbox 340 2400 1762 2496; baseline 0.004 -29"><span class='ocrx_word' id='word_1_166' title='bbox 340 2408 412 2487; x_wconf 90' lang='lat' dir='ltr'>tur,</span> <span class='ocrx_word' id='word_1_167' title='bbox 438 2402 550 2473; x_wconf 91' lang='lat' dir='ltr'>noluit</span> <span class='ocrx_word' id='word_1_168' title='bbox 574 2403 734 2475; x_wconf 85' lang='lat' dir='ltr'>confiteri</span> <span class='ocrx_word' id='word_1_169' title='bbox 753 2417 788 2474; x_wconf 90' lang='lat' dir='ltr'>et</span> <span class='ocrx_word' id='word_1_170' title='bbox 808 2424 847 2474; x_wconf 88' lang='lat' dir='ltr'>so</span> <span class='ocrx_word' id='word_1_171' title='bbox 862 2402 971 2471; x_wconf 89' lang='lat' dir='ltr'>aliter</span> <span class='ocrx_word' id='word_1_172' title='bbox 993 2422 1163 2493; x_wconf 88' lang='lat' dir='ltr'>purgare,</span> <span class='ocrx_word' id='word_1_173' title='bbox 1184 2411 1246 2470; x_wconf 88' lang='lat' dir='ltr'>aut</span> <span class='ocrx_word' id='word_1_174' title='bbox 1270 2400 1461 2470; x_wconf 80' lang='lat' dir='ltr'>defendere</span> <span class='ocrx_word' id='word_1_175' title='bbox 1481 2421 1588 2492; x_wconf 88' lang='lat' dir='ltr'>snper</span> <span class='ocrx_word' id='word_1_176' title='bbox 1613 2401 1682 2471; x_wconf 89' lang='lat' dir='ltr'>illis</span> <span class='ocrx_word' id='word_1_177' title='bbox 1704 2425 1762 2496; x_wconf 89' lang='lat' dir='ltr'>pe-</span> 
     </span>
     <span class='ocr_line' id='line_1_19' title="bbox 339 2496 1762 2599; baseline 0.002 -32"><span class='ocrx_word' id='word_1_178' title='bbox 339 2497 429 2569; x_wconf 90' lang='lat' dir='ltr'>nitus</span> <span class='ocrx_word' id='word_1_179' title='bbox 449 2505 626 2572; x_wconf 85' lang='lat' dir='ltr'>recusarit</span> <span class='ocrx_word' id='word_1_180' title='bbox 647 2496 687 2598; x_wconf 75' lang='lat' dir='ltr'>[N</span> <span class='ocrx_word' id='word_1_181' title='bbox 701 2502 746 2570; x_wconf 80' lang='lat'>76</span> <span class='ocrx_word' id='word_1_182' title='bbox 763 2499 816 2599; x_wconf 82' lang='lat' dir='ltr'>d].</span> <span class='ocrx_word' id='word_1_183' title='bbox 839 2501 982 2582; x_wconf 90' lang='lat' dir='ltr'>ldcirco‚</span> <span class='ocrx_word' id='word_1_184' title='bbox 1004 2521 1067 2569; x_wconf 90' lang='lat' dir='ltr'>nus</span> <span class='ocrx_word' id='word_1_185' title='bbox 1088 2498 1211 2591; x_wconf 89' lang='lat' dir='ltr'>prelati</span> <span class='ocrx_word' id='word_1_186' title='bbox 1233 2498 1458 2589; x_wconf 87' lang='lat' dir='ltr'>inquisitores</span> <span class='ocrx_word' id='word_1_187' title='bbox 1476 2509 1512 2566; x_wconf 91' lang='lat' dir='ltr'>et</span> <span class='ocrx_word' id='word_1_188' title='bbox 1531 2502 1762 2570; x_wconf 82' lang='lat' dir='ltr'>comittissarii</span> 
     </span>
     <span class='ocr_line' id='line_1_20' title="bbox 339 2594 1762 2692; baseline 0.002 -28"><span class='ocrx_word' id='word_1_189' title='bbox 339 2595 509 2687; x_wconf 85' lang='lat' dir='ltr'>delegati,</span> <span class='ocrx_word' id='word_1_190' title='bbox 535 2601 755 2692; x_wconf 90' lang='lat' dir='ltr'>presentibus</span> <span class='ocrx_word' id='word_1_191' title='bbox 779 2601 836 2670; x_wconf 90' lang='lat' dir='ltr'>die</span> <span class='ocrx_word' id='word_1_192' title='bbox 863 2609 898 2667; x_wconf 91' lang='lat' dir='ltr'>et</span> <span class='ocrx_word' id='word_1_193' title='bbox 925 2598 1000 2667; x_wconf 88' lang='lat' dir='ltr'>loco</span> <span class='ocrx_word' id='word_1_194' title='bbox 1030 2598 1163 2689; x_wconf 91' lang='lat' dir='ltr'>prelato</span> <span class='ocrx_word' id='word_1_195' title='bbox 1181 2596 1221 2665; x_wconf 85' lang='lat' dir='ltr'>N.</span> <span class='ocrx_word' id='word_1_196' title='bbox 1245 2596 1289 2665; x_wconf 93' lang='lat' dir='ltr'>ad</span> <span class='ocrx_word' id='word_1_197' title='bbox 1307 2595 1518 2666; x_wconf 88' lang='lat' dir='ltr'>audiendam</span> <span class='ocrx_word' id='word_1_198' title='bbox 1540 2594 1762 2669; x_wconf 84' lang='lat' dir='ltr'>diffinitivam</span> 
     </span>
     <span class='ocr_line' id='line_1_21' title="bbox 338 2694 1764 2790; baseline 0.003 -28"><span class='ocrx_word' id='word_1_199' title='bbox 338 2696 544 2767; x_wconf 87' lang='lat' dir='ltr'>seutentiam</span> <span class='ocrx_word' id='word_1_200' title='bbox 563 2699 697 2790; x_wconf 90' lang='lat' dir='ltr'>precise</span> <span class='ocrx_word' id='word_1_201' title='bbox 716 2720 756 2768; x_wconf 90' lang='lat' dir='ltr'>ac</span> <span class='ocrx_word' id='word_1_202' title='bbox 777 2696 1010 2790; x_wconf 84' lang='lat' dir='ltr'>peremptorie</span> <span class='ocrx_word' id='word_1_203' title='bbox 1029 2695 1237 2786; x_wconf 90' lang='lat' dir='ltr'>assignatis,</span> <span class='ocrx_word' id='word_1_204' title='bbox 1263 2706 1329 2763; x_wconf 91' lang='lat' dir='ltr'>tam</span> <span class='ocrx_word' id='word_1_205' title='bbox 1351 2715 1457 2785; x_wconf 86' lang='lat' dir='ltr'>super</span> <span class='ocrx_word' id='word_1_206' title='bbox 1476 2694 1683 2766; x_wconf 88' lang='lat' dir='ltr'>coufessatis</span> <span class='ocrx_word' id='word_1_207' title='bbox 1703 2718 1764 2788; x_wconf 90' lang='lat' dir='ltr'>per</span> 
     </span>
     <span class='ocr_line' id='line_1_22' title="bbox 338 2791 1764 2888; baseline 0.002 -28"><span class='ocrx_word' id='word_1_208' title='bbox 338 2791 486 2863; x_wconf 84' lang='lat' dir='ltr'>eundern</span> <span class='ocrx_word' id='word_1_209' title='bbox 515 2794 669 2886; x_wconf 79' lang='lat' dir='ltr'>legitime</span> <span class='ocrx_word' id='word_1_210' title='bbox 695 2796 730 2865; x_wconf 91' lang='lat' dir='ltr'>in</span> <span class='ocrx_word' id='word_1_211' title='bbox 753 2794 906 2888; x_wconf 89' lang='lat' dir='ltr'>juditi0,</span> <span class='ocrx_word' id='word_1_212' title='bbox 929 2795 1091 2885; x_wconf 88' lang='lat' dir='ltr'>quamvis</span> <span class='ocrx_word' id='word_1_213' title='bbox 1110 2793 1155 2862; x_wconf 89' lang='lat' dir='ltr'>ab</span> <span class='ocrx_word' id='word_1_214' title='bbox 1179 2793 1303 2862; x_wconf 89' lang='lat' dir='ltr'>endem</span> <span class='ocrx_word' id='word_1_215' title='bbox 1326 2791 1547 2883; x_wconf 89' lang='lat' dir='ltr'>postmodum</span> <span class='ocrx_word' id='word_1_216' title='bbox 1568 2793 1659 2861; x_wconf 90' lang='lat' dir='ltr'>sicut</span> <span class='ocrx_word' id='word_1_217' title='bbox 1686 2816 1764 2884; x_wconf 89' lang='lat' dir='ltr'>pre·</span> 
     </span>
     <span class='ocr_line' id='line_1_23' title="bbox 339 2887 1764 2985; baseline 0.004 -29"><span class='ocrx_word' id='word_1_218' title='bbox 339 2887 484 2960; x_wconf 84' lang='lat' dir='ltr'>mittitur</span> <span class='ocrx_word' id='word_1_219' title='bbox 502 2893 647 2963; x_wconf 86' lang='lat' dir='ltr'>variatis</span> <span class='ocrx_word' id='word_1_220' title='bbox 666 2915 706 2963; x_wconf 89' lang='lat' dir='ltr'>ac</span> <span class='ocrx_word' id='word_1_221' title='bbox 727 2893 882 2985; x_wconf 86' lang='lat' dir='ltr'>negatis,</span> <span class='ocrx_word' id='word_1_222' title='bbox 904 2891 998 2961; x_wconf 91' lang='lat' dir='ltr'>nulla</span> <span class='ocrx_word' id='word_1_223' title='bbox 1023 2903 1137 2960; x_wconf 91' lang='lat' dir='ltr'>tamen</span> <span class='ocrx_word' id='word_1_224' title='bbox 1155 2912 1262 2982; x_wconf 92' lang='lat' dir='ltr'>super</span> <span class='ocrx_word' id='word_1_225' title='bbox 1281 2889 1468 2980; x_wconf 82' lang='lat' dir='ltr'>negatione</span> <span class='ocrx_word' id='word_1_226' title='bbox 1487 2902 1548 2958; x_wconf 88' lang='lat' dir='ltr'>aut</span> <span class='ocrx_word' id='word_1_227' title='bbox 1568 2892 1764 2962; x_wconf 85' lang='lat' dir='ltr'>variatione</span> 
     </span>
     <span class='ocr_line' id='line_1_24' title="bbox 338 2987 1762 3081; baseline 0.004 -27"><span class='ocrx_word' id='word_1_228' title='bbox 338 3005 440 3057; x_wconf 85' lang='lat' dir='ltr'>cansa</span> <span class='ocrx_word' id='word_1_229' title='bbox 468 2991 666 3061; x_wconf 89' lang='lat' dir='ltr'>rationabili</span> <span class='ocrx_word' id='word_1_230' title='bbox 686 2992 857 3081; x_wconf 88' lang='lat' dir='ltr'>allegata,</span> <span class='ocrx_word' id='word_1_231' title='bbox 878 3011 983 3081; x_wconf 91' lang='lat' dir='ltr'>quarn</span> <span class='ocrx_word' id='word_1_232' title='bbox 1012 2989 1116 3059; x_wconf 88' lang='lat' dir='ltr'>etiam</span> <span class='ocrx_word' id='word_1_233' title='bbox 1136 3008 1243 3079; x_wconf 90' lang='lat' dir='ltr'>super</span> <span class='ocrx_word' id='word_1_234' title='bbox 1263 2988 1418 3080; x_wconf 90' lang='lat' dir='ltr'>probatis</span> <span class='ocrx_word' id='word_1_235' title='bbox 1441 2999 1501 3056; x_wconf 92' lang='lat' dir='ltr'>aut</span> <span class='ocrx_word' id='word_1_236' title='bbox 1521 2987 1691 3079; x_wconf 89' lang='lat' dir='ltr'>depositis</span> <span class='ocrx_word' id='word_1_237' title='bbox 1716 2989 1762 3059; x_wconf 91' lang='lat' dir='ltr'>de</span> 
     </span>
     <span class='ocr_line' id='line_1_25' title="bbox 338 3082 1763 3179; baseline 0.003 -27"><span class='ocrx_word' id='word_1_238' title='bbox 338 3083 425 3155; x_wconf 89' lang='lat' dir='ltr'>lacto</span> <span class='ocrx_word' id='word_1_239' title='bbox 444 3108 506 3157; x_wconf 87' lang='lat' dir='ltr'>seu</span> <span class='ocrx_word' id='word_1_240' title='bbox 528 3089 573 3160; x_wconf 85' lang='lat' dir='ltr'>da</span> <span class='ocrx_word' id='word_1_241' title='bbox 590 3089 737 3158; x_wconf 90' lang='lat' dir='ltr'>crimine</span> <span class='ocrx_word' id='word_1_242' title='bbox 758 3089 891 3159; x_wconf 87' lang='lat' dir='ltr'>heresis</span> <span class='ocrx_word' id='word_1_243' title='bbox 910 3097 1031 3158; x_wconf 87' lang='lat' dir='ltr'>contra</span> <span class='ocrx_word' id='word_1_244' title='bbox 1051 3089 1165 3179; x_wconf 88' lang='lat' dir='ltr'>ipsum</span> <span class='ocrx_word' id='word_1_245' title='bbox 1185 3085 1229 3154; x_wconf 90' lang='lat' dir='ltr'>de</span> <span class='ocrx_word' id='word_1_246' title='bbox 1249 3085 1377 3176; x_wconf 90' lang='lat' dir='ltr'>quibus</span> <span class='ocrx_word' id='word_1_247' title='bbox 1395 3082 1552 3155; x_wconf 88' lang='lat' dir='ltr'>confiteri</span> <span class='ocrx_word' id='word_1_248' title='bbox 1573 3085 1705 3171; x_wconf 91' lang='lat' dir='ltr'>noluit,</span> <span class='ocrx_word' id='word_1_249' title='bbox 1727 3097 1763 3156; x_wconf 91' lang='lat' dir='ltr'>et</span> 
     </span>
     <span class='ocr_line' id='line_1_26' title="bbox 337 3182 1765 3278; baseline 0.002 -27"><span class='ocrx_word' id='word_1_250' title='bbox 337 3201 373 3252; x_wconf 88' lang='lat' dir='ltr'>se</span> <span class='ocrx_word' id='word_1_251' title='bbox 392 3205 542 3275; x_wconf 85' lang='lat' dir='ltr'>purgare</span> <span class='ocrx_word' id='word_1_252' title='bbox 564 3198 625 3257; x_wconf 92' lang='lat' dir='ltr'>aut</span> <span class='ocrx_word' id='word_1_253' title='bbox 648 3186 856 3268; x_wconf 86' lang='lat' dir='ltr'>defendere,</span> <span class='ocrx_word' id='word_1_254' title='bbox 878 3185 969 3256; x_wconf 91' lang='lat' dir='ltr'>sicut</span> <span class='ocrx_word' id='word_1_255' title='bbox 987 3184 1214 3278; x_wconf 87' lang='lat' dir='ltr'>premittitur,</span> <span class='ocrx_word' id='word_1_256' title='bbox 1238 3184 1433 3267; x_wconf 85' lang='lat' dir='ltr'>recusavit,</span> <span class='ocrx_word' id='word_1_257' title='bbox 1451 3182 1634 3274; x_wconf 91' lang='lat' dir='ltr'>prehabito</span> <span class='ocrx_word' id='word_1_258' title='bbox 1653 3184 1765 3255; x_wconf 91' lang='lat' dir='ltr'>bono-</span> 
     </span>
     <span class='ocr_line' id='line_1_27' title="bbox 338 3280 1764 3377; baseline 0.004 -30"><span class='ocrx_word' id='word_1_259' title='bbox 338 3300 409 3349; x_wconf 90' lang='lat' dir='ltr'>rum</span> <span class='ocrx_word' id='word_1_260' title='bbox 432 3284 588 3354; x_wconf 88' lang='lat' dir='ltr'>virorum</span> <span class='ocrx_word' id='word_1_261' title='bbox 611 3283 802 3377; x_wconf 91' lang='lat' dir='ltr'>peritorum</span> <span class='ocrx_word' id='word_1_262' title='bbox 825 3285 858 3351; x_wconf 94' lang='lat' dir='ltr'>in</span> <span class='ocrx_word' id='word_1_263' title='bbox 882 3295 1030 3374; x_wconf 87' lang='lat' dir='ltr'>utroque</span> <span class='ocrx_word' id='word_1_264' title='bbox 1044 3283 1124 3373; x_wconf 91' lang='lat' dir='ltr'>jure</span> <span class='ocrx_word' id='word_1_265' title='bbox 1150 3302 1191 3351; x_wconf 93' lang='lat' dir='ltr'>ac</span> <span class='ocrx_word' id='word_1_266' title='bbox 1219 3280 1432 3372; x_wconf 86' lang='lat' dir='ltr'>prelatorum</span> <span class='ocrx_word' id='word_1_267' title='bbox 1461 3290 1496 3349; x_wconf 92' lang='lat' dir='ltr'>et</span> <span class='ocrx_word' id='word_1_268' title='bbox 1520 3281 1764 3372; x_wconf 87' lang='lat' dir='ltr'>religiosorum</span> 
     </span>
     <span class='ocr_line' id='line_1_28' title="bbox 337 3375 1763 3471; baseline 0.001 -24"><span class='ocrx_word' id='word_1_269' title='bbox 337 3375 493 3470; x_wconf 79' lang='lat' dir='ltr'>diligenti</span> <span class='ocrx_word' id='word_1_270' title='bbox 519 3401 560 3451; x_wconf 91' lang='lat' dir='ltr'>ao</span> <span class='ocrx_word' id='word_1_271' title='bbox 590 3394 726 3452; x_wconf 92' lang='lat' dir='ltr'>maturo</span> <span class='ocrx_word' id='word_1_272' title='bbox 745 3382 914 3467; x_wconf 89' lang='lat' dir='ltr'>consilio,</span> <span class='ocrx_word' id='word_1_273' title='bbox 945 3379 1175 3450; x_wconf 89' lang='lat' dir='ltr'>sacrosanctis</span> <span class='ocrx_word' id='word_1_274' title='bbox 1201 3379 1261 3448; x_wconf 88' lang='lat' dir='ltr'>Dei</span> <span class='ocrx_word' id='word_1_275' title='bbox 1282 3377 1481 3469; x_wconf 85' lang='lat' dir='ltr'>Evangeliis</span> <span class='ocrx_word' id='word_1_276' title='bbox 1502 3379 1624 3471; x_wconf 91' lang='lat' dir='ltr'>positis</span> <span class='ocrx_word' id='word_1_277' title='bbox 1646 3401 1763 3465; x_wconf 91' lang='lat' dir='ltr'>coram</span> 
     </span>
     <span class='ocr_line' id='line_1_29' title="bbox 338 3475 1765 3570; baseline 0.002 -27"><span class='ocrx_word' id='word_1_278' title='bbox 338 3475 436 3547; x_wconf 90' lang='lat' dir='ltr'>uobis</span> <span class='ocrx_word' id='word_1_279' title='bbox 459 3488 495 3547; x_wconf 91' lang='lat' dir='ltr'>ut</span> <span class='ocrx_word' id='word_1_280' title='bbox 514 3479 558 3550; x_wconf 90' lang='lat' dir='ltr'>de</span> <span class='ocrx_word' id='word_1_281' title='bbox 577 3480 676 3549; x_wconf 92' lang='lat' dir='ltr'>vultu</span> <span class='ocrx_word' id='word_1_282' title='bbox 695 3480 755 3549; x_wconf 89' lang='lat' dir='ltr'>Dei</span> <span class='ocrx_word' id='word_1_283' title='bbox 780 3491 937 3549; x_wconf 91' lang='lat' dir='ltr'>nostrum</span> <span class='ocrx_word' id='word_1_284' title='bbox 954 3477 1100 3570; x_wconf 89' lang='lat' dir='ltr'>prodeat</span> <span class='ocrx_word' id='word_1_285' title='bbox 1113 3476 1279 3567; x_wconf 89' lang='lat' dir='ltr'>juditium</span> <span class='ocrx_word' id='word_1_286' title='bbox 1301 3487 1336 3546; x_wconf 90' lang='lat' dir='ltr'>et</span> <span class='ocrx_word' id='word_1_287' title='bbox 1355 3475 1465 3546; x_wconf 87' lang='lat' dir='ltr'>occuli</span> <span class='ocrx_word' id='word_1_288' title='bbox 1490 3476 1599 3546; x_wconf 89' lang='lat' dir='ltr'>nostri</span> <span class='ocrx_word' id='word_1_289' title='bbox 1620 3478 1765 3550; x_wconf 89' lang='lat' dir='ltr'>videant</span> 
     </span>
     <span class='ocr_line' id='line_1_30' title="bbox 338 3574 1762 3669; baseline 0 -27"><span class='ocrx_word' id='word_1_290' title='bbox 338 3574 547 3666; x_wconf 87' lang='lat' dir='ltr'>equitatem,</span> <span class='ocrx_word' id='word_1_291' title='bbox 569 3581 734 3648; x_wconf 88' lang='lat' dir='ltr'>sedentes</span> <span class='ocrx_word' id='word_1_292' title='bbox 755 3600 817 3669; x_wconf 92' lang='lat' dir='ltr'>pro</span> <span class='ocrx_word' id='word_1_293' title='bbox 839 3577 1024 3659; x_wconf 88' lang='lat' dir='ltr'>tribunali,</span> <span class='ocrx_word' id='word_1_294' title='bbox 1044 3574 1169 3645; x_wconf 87' lang='lat' dir='ltr'>Christi</span> <span class='ocrx_word' id='word_1_295' title='bbox 1195 3575 1336 3645; x_wconf 87' lang='lat' dir='ltr'>nomino</span> <span class='ocrx_word' id='word_1_296' title='bbox 1359 3575 1544 3658; x_wconf 82' lang='lat' dir='ltr'>invocato,</span> <span class='ocrx_word' id='word_1_297' title='bbox 1568 3574 1762 3666; x_wconf 88' lang='lat' dir='ltr'>predictum</span> 
     </span>
     <span class='ocr_line' id='line_1_31' title="bbox 336 3669 1763 3768; baseline 0 -28"><span class='ocrx_word' id='word_1_298' title='bbox 336 3669 375 3743; x_wconf 86' lang='lat' dir='ltr'>N.</span> <span class='ocrx_word' id='word_1_299' title='bbox 397 3674 594 3744; x_wconf 82' lang='lat' dir='ltr'>contessatn</span> <span class='ocrx_word' id='word_1_300' title='bbox 622 3697 684 3768; x_wconf 92' lang='lat' dir='ltr'>per</span> <span class='ocrx_word' id='word_1_301' title='bbox 704 3676 817 3768; x_wconf 90' lang='lat' dir='ltr'>ipsum</span> <span class='ocrx_word' id='word_1_302' title='bbox 847 3675 1001 3765; x_wconf 79' lang='lat' dir='ltr'>legitime</span> <span class='ocrx_word' id='word_1_303' title='bbox 1030 3672 1062 3741; x_wconf 91' lang='lat' dir='ltr'>in</span> <span class='ocrx_word' id='word_1_304' title='bbox 1079 3672 1208 3762; x_wconf 87' lang='lat' dir='ltr'>juditio</span> <span class='ocrx_word' id='word_1_305' title='bbox 1234 3672 1279 3741; x_wconf 89' lang='lat' dir='ltr'>de</span> <span class='ocrx_word' id='word_1_306' title='bbox 1303 3671 1450 3742; x_wconf 89' lang='lat' dir='ltr'>crimine</span> <span class='ocrx_word' id='word_1_307' title='bbox 1475 3671 1608 3741; x_wconf 88' lang='lat' dir='ltr'>heresis</span> <span class='ocrx_word' id='word_1_308' title='bbox 1635 3692 1763 3762; x_wconf 85' lang='lat' dir='ltr'>negan-</span> 
     </span>
     <span class='ocr_line' id='line_1_32' title="bbox 338 3768 1764 3864; baseline 0 -26"><span class='ocrx_word' id='word_1_309' title='bbox 338 3778 403 3840; x_wconf 87' lang='lat' dir='ltr'>tem</span> <span class='ocrx_word' id='word_1_310' title='bbox 432 3783 467 3840; x_wconf 92' lang='lat' dir='ltr'>et</span> <span class='ocrx_word' id='word_1_311' title='bbox 494 3773 688 3853; x_wconf 87' lang='lat' dir='ltr'>variantem</span> <span class='ocrx_word' id='word_1_312' title='bbox 721 3784 756 3841; x_wconf 91' lang='lat' dir='ltr'>et</span> <span class='ocrx_word' id='word_1_313' title='bbox 789 3772 927 3864; x_wconf 85' lang='lat' dir='ltr'>penitus</span> <span class='ocrx_word' id='word_1_314' title='bbox 956 3782 1200 3856; x_wconf 89' lang='lat' dir='ltr'>revocantem,</span> <span class='ocrx_word' id='word_1_315' title='bbox 1233 3791 1368 3840; x_wconf 90' lang='lat' dir='ltr'>necnon</span> <span class='ocrx_word' id='word_1_316' title='bbox 1398 3768 1443 3838; x_wconf 89' lang='lat' dir='ltr'>de</span> <span class='ocrx_word' id='word_1_317' title='bbox 1478 3769 1674 3840; x_wconf 88' lang='lat' dir='ltr'>commissis</span> <span class='ocrx_word' id='word_1_318' title='bbox 1703 3791 1764 3860; x_wconf 90' lang='lat' dir='ltr'>per</span> 
     </span>
     <span class='ocr_line' id='line_1_33' title="bbox 310 3865 1830 3960; baseline 0 -24"><span class='ocrx_word' id='word_1_319' title='bbox 310 3867 314 3876; x_wconf 87' lang='lat'>&#39;</span> <span class='ocrx_word' id='word_1_320' title='bbox 337 3868 546 3939; x_wconf 87' lang='lat' dir='ltr'>eundemin</span> <span class='ocrx_word' id='word_1_321' title='bbox 571 3871 665 3941; x_wconf 89' lang='lat' dir='ltr'>dicto</span> <span class='ocrx_word' id='word_1_322' title='bbox 685 3870 831 3940; x_wconf 88' lang='lat' dir='ltr'>crimine</span> <span class='ocrx_word' id='word_1_323' title='bbox 851 3865 1041 3960; x_wconf 88' lang='lat' dir='ltr'>dequibus</span> <span class='ocrx_word' id='word_1_324' title='bbox 1063 3889 1124 3960; x_wconf 92' lang='lat' dir='ltr'>per</span> <span class='ocrx_word' id='word_1_325' title='bbox 1149 3880 1254 3938; x_wconf 88' lang='lat' dir='ltr'>testes</span> <span class='ocrx_word' id='word_1_326' title='bbox 1282 3866 1525 3948; x_wconf 85' lang='lat' dir='ltr'>convincitur,</span> <span class='ocrx_word' id='word_1_327' title='bbox 1553 3887 1593 3936; x_wconf 90' lang='lat' dir='ltr'>ac</span> <span class='ocrx_word' id='word_1_328' title='bbox 1620 3866 1665 3936; x_wconf 91' lang='lat' dir='ltr'>de</span> <span class='ocrx_word' id='word_1_329' title='bbox 1686 3866 1763 3936; x_wconf 89' lang='lat' dir='ltr'>aliis</span> <span class='ocrx_word' id='word_1_330' title='bbox 1827 3904 1830 3910; x_wconf 95' lang='lat'>·</span> 
     </span>
     <span class='ocr_line' id='line_1_34' title="bbox 337 3962 1762 4060; baseline -0.001 -26"><span class='ocrx_word' id='word_1_331' title='bbox 337 3962 527 4057; x_wconf 87' lang='lat' dir='ltr'>dequibus</span> <span class='ocrx_word' id='word_1_332' title='bbox 550 3968 778 4038; x_wconf 89' lang='lat' dir='ltr'>vehementer</span> <span class='ocrx_word' id='word_1_333' title='bbox 796 3979 980 4060; x_wconf 90' lang='lat' dir='ltr'>suspectus</span> <span class='ocrx_word' id='word_1_334' title='bbox 1001 3966 1159 4035; x_wconf 87' lang='lat' dir='ltr'>redditur</span> <span class='ocrx_word' id='word_1_335' title='bbox 1177 3978 1211 4036; x_wconf 91' lang='lat' dir='ltr'>et</span> <span class='ocrx_word' id='word_1_336' title='bbox 1239 3965 1388 4036; x_wconf 90' lang='lat' dir='ltr'>habetur</span> <span class='ocrx_word' id='word_1_337' title='bbox 1414 3965 1603 4055; x_wconf 89' lang='lat' dir='ltr'>requisitos</span> <span class='ocrx_word' id='word_1_338' title='bbox 1630 3974 1665 4033; x_wconf 88' lang='lat' dir='ltr'>et</span> <span class='ocrx_word' id='word_1_339' title='bbox 1689 3983 1762 4034; x_wconf 88' lang='lat' dir='ltr'>mo·</span> 
     </span>
     <span class='ocr_line' id='line_1_35' title="bbox 338 4061 1763 4156; baseline 0 -26"><span class='ocrx_word' id='word_1_340' title='bbox 338 4062 428 4133; x_wconf 89' lang='lat' dir='ltr'>nitus</span> <span class='ocrx_word' id='word_1_341' title='bbox 448 4066 637 4151; x_wconf 89' lang='lat' dir='ltr'>canonice,</span> <span class='ocrx_word' id='word_1_342' title='bbox 669 4064 826 4136; x_wconf 86' lang='lat' dir='ltr'>confiteri</span> <span class='ocrx_word' id='word_1_343' title='bbox 853 4065 1030 4135; x_wconf 89' lang='lat' dir='ltr'>nolentem</span> <span class='ocrx_word' id='word_1_344' title='bbox 1049 4075 1085 4134; x_wconf 91' lang='lat' dir='ltr'>et</span> <span class='ocrx_word' id='word_1_345' title='bbox 1109 4084 1148 4134; x_wconf 91' lang='lat' dir='ltr'>se</span> <span class='ocrx_word' id='word_1_346' title='bbox 1169 4083 1318 4156; x_wconf 88' lang='lat' dir='ltr'>purgare</span> <span class='ocrx_word' id='word_1_347' title='bbox 1340 4062 1385 4132; x_wconf 90' lang='lat' dir='ltr'>de</span> <span class='ocrx_word' id='word_1_348' title='bbox 1405 4061 1536 4131; x_wconf 89' lang='lat' dir='ltr'>eisdem</span> <span class='ocrx_word' id='word_1_349' title='bbox 1556 4070 1617 4131; x_wconf 91' lang='lat' dir='ltr'>aut</span> <span class='ocrx_word' id='word_1_350' title='bbox 1642 4061 1763 4131; x_wconf 89' lang='lat' dir='ltr'>delen-</span> 
     </span>
     <span class='ocr_line' id='line_1_36' title="bbox 337 4158 1762 4254; baseline 0 -24"><span class='ocrx_word' id='word_1_351' title='bbox 337 4158 419 4231; x_wconf 90' lang='lat' dir='ltr'>dere</span> <span class='ocrx_word' id='word_1_352' title='bbox 451 4175 671 4234; x_wconf 88' lang='lat' dir='ltr'>recusantem</span> <span class='ocrx_word' id='word_1_353' title='bbox 708 4174 872 4254; x_wconf 89' lang='lat' dir='ltr'>tanquam</span> <span class='ocrx_word' id='word_1_354' title='bbox 901 4165 1100 4232; x_wconf 85' lang='lat' dir='ltr'>convictum</span> <span class='ocrx_word' id='word_1_355' title='bbox 1132 4161 1176 4232; x_wconf 92' lang='lat' dir='ltr'>de</span> <span class='ocrx_word' id='word_1_356' title='bbox 1201 4163 1348 4230; x_wconf 88' lang='lat' dir='ltr'>crimine</span> <span class='ocrx_word' id='word_1_357' title='bbox 1372 4158 1507 4228; x_wconf 90' lang='lat' dir='ltr'>heresis</span> <span class='ocrx_word' id='word_1_358' title='bbox 1539 4180 1600 4251; x_wconf 94' lang='lat' dir='ltr'>per</span> <span class='ocrx_word' id='word_1_359' title='bbox 1625 4159 1762 4230; x_wconf 80' lang='lat' dir='ltr'>conses-</span> 
     </span>
     <span class='ocr_line' id='line_1_37' title="bbox 335 4257 1762 4354; baseline -0.001 -27"><span class='ocrx_word' id='word_1_360' title='bbox 335 4260 468 4329; x_wconf 90' lang='lat' dir='ltr'>sionem</span> <span class='ocrx_word' id='word_1_361' title='bbox 496 4258 670 4353; x_wconf 90' lang='lat' dir='ltr'>propriam</span> <span class='ocrx_word' id='word_1_362' title='bbox 689 4282 729 4330; x_wconf 88' lang='lat' dir='ltr'>ac</span> <span class='ocrx_word' id='word_1_363' title='bbox 750 4282 811 4354; x_wconf 91' lang='lat' dir='ltr'>per</span> <span class='ocrx_word' id='word_1_364' title='bbox 830 4273 956 4342; x_wconf 67' lang='lat' dir='ltr'>testae,</span> <span class='ocrx_word' id='word_1_365' title='bbox 981 4279 1137 4343; x_wconf 88' lang='lat' dir='ltr'>necnon,</span> <span class='ocrx_word' id='word_1_366' title='bbox 1159 4281 1205 4329; x_wconf 84' lang='lat' dir='ltr'>ex</span> <span class='ocrx_word' id='word_1_367' title='bbox 1225 4257 1382 4349; x_wconf 88' lang='lat' dir='ltr'>eoquod</span> <span class='ocrx_word' id='word_1_368' title='bbox 1402 4266 1507 4346; x_wconf 85' lang='lat' dir='ltr'>negat</span> <span class='ocrx_word' id='word_1_369' title='bbox 1526 4267 1562 4326; x_wconf 88' lang='lat' dir='ltr'>et</span> <span class='ocrx_word' id='word_1_370' title='bbox 1581 4267 1762 4328; x_wconf 86' lang='lat' dir='ltr'>revocata</span> 
     </span>
     <span class='ocr_line' id='line_1_38' title="bbox 339 4349 1763 4454; baseline -0.001 -30"><span class='ocrx_word' id='word_1_371' title='bbox 339 4349 376 4450; x_wconf 80' lang='lat' dir='ltr'>[l⁰</span> <span class='ocrx_word' id='word_1_372' title='bbox 391 4357 437 4424; x_wconf 82' lang='lat'>77</span> <span class='ocrx_word' id='word_1_373' title='bbox 455 4354 488 4454; x_wconf 90' lang='lat' dir='ltr'>a]</span> <span class='ocrx_word' id='word_1_374' title='bbox 511 4380 549 4428; x_wconf 89' lang='lat' dir='ltr'>se</span> <span class='ocrx_word' id='word_1_375' title='bbox 573 4361 650 4450; x_wconf 89' lang='lat' dir='ltr'>ipso</span> <span class='ocrx_word' id='word_1_376' title='bbox 674 4358 770 4452; x_wconf 90' lang='lat' dir='ltr'>prius</span> <span class='ocrx_word' id='word_1_377' title='bbox 796 4357 950 4448; x_wconf 89' lang='lat' dir='ltr'>legitime</span> <span class='ocrx_word' id='word_1_378' title='bbox 976 4360 1009 4425; x_wconf 89' lang='lat' dir='ltr'>in</span> <span class='ocrx_word' id='word_1_379' title='bbox 1030 4356 1160 4447; x_wconf 89' lang='lat' dir='ltr'>juditio</span> <span class='ocrx_word' id='word_1_380' title='bbox 1183 4356 1400 4440; x_wconf 83' lang='lat' dir='ltr'>consessata,</span> <span class='ocrx_word' id='word_1_381' title='bbox 1423 4356 1688 4447; x_wconf 90' lang='lat' dir='ltr'>impenitentem</span> <span class='ocrx_word' id='word_1_382' title='bbox 1718 4353 1763 4423; x_wconf 88' lang='lat' dir='ltr'>de</span> 
     </span>
     <span class='ocr_line' id='line_1_39' title="bbox 337 4450 1762 4546; baseline -0.001 -25"><span class='ocrx_word' id='word_1_383' title='bbox 337 4453 427 4525; x_wconf 89' lang='lat' dir='ltr'>dicto</span> <span class='ocrx_word' id='word_1_384' title='bbox 449 4457 596 4525; x_wconf 89' lang='lat' dir='ltr'>crimine</span> <span class='ocrx_word' id='word_1_385' title='bbox 618 4456 752 4526; x_wconf 89' lang='lat' dir='ltr'>heresis</span> <span class='ocrx_word' id='word_1_386' title='bbox 776 4467 810 4525; x_wconf 89' lang='lat' dir='ltr'>et</span> <span class='ocrx_word' id='word_1_387' title='bbox 833 4456 929 4525; x_wconf 89' lang='lat' dir='ltr'>velot</span> <span class='ocrx_word' id='word_1_388' title='bbox 950 4455 1140 4524; x_wconf 89' lang='lat' dir='ltr'>hereticum</span> <span class='ocrx_word' id='word_1_389' title='bbox 1163 4475 1224 4546; x_wconf 89' lang='lat' dir='ltr'>per</span> <span class='ocrx_word' id='word_1_390' title='bbox 1249 4450 1472 4522; x_wconf 86' lang='lat' dir='ltr'>diffinitivam</span> <span class='ocrx_word' id='word_1_391' title='bbox 1497 4452 1706 4522; x_wconf 88' lang='lat' dir='ltr'>senteutiam</span> <span class='ocrx_word' id='word_1_392' title='bbox 1726 4453 1762 4519; x_wconf 91' lang='lat' dir='ltr'>in</span> 
     </span>
     <span class='ocr_line' id='line_1_40' title="bbox 336 4549 1762 4646; baseline -0.001 -27"><span class='ocrx_word' id='word_1_393' title='bbox 336 4549 401 4622; x_wconf 88' lang='lat' dir='ltr'>biis</span> <span class='ocrx_word' id='word_1_394' title='bbox 427 4552 649 4646; x_wconf 88' lang='lat' dir='ltr'>presentibus</span> <span class='ocrx_word' id='word_1_395' title='bbox 674 4553 813 4645; x_wconf 90' lang='lat' dir='ltr'>scriptis</span> <span class='ocrx_word' id='word_1_396' title='bbox 838 4553 1058 4623; x_wconf 88' lang='lat' dir='ltr'>declaramus</span> <span class='ocrx_word' id='word_1_397' title='bbox 1084 4564 1120 4621; x_wconf 88' lang='lat' dir='ltr'>et</span> <span class='ocrx_word' id='word_1_398' title='bbox 1147 4552 1442 4644; x_wconf 89' lang='lat' dir='ltr'>pronunciamus,</span> <span class='ocrx_word' id='word_1_399' title='bbox 1466 4560 1501 4618; x_wconf 91' lang='lat' dir='ltr'>et</span> <span class='ocrx_word' id='word_1_400' title='bbox 1524 4560 1686 4641; x_wconf 90' lang='lat' dir='ltr'>tanquam</span> <span class='ocrx_word' id='word_1_401' title='bbox 1713 4558 1762 4618; x_wconf 91' lang='lat' dir='ltr'>ta·</span> 
     </span>
     <span class='ocr_line' id='line_1_41' title="bbox 336 4646 1762 4742; baseline -0.001 -26"><span class='ocrx_word' id='word_1_402' title='bbox 336 4647 401 4719; x_wconf 89' lang='lat' dir='ltr'>lem</span> <span class='ocrx_word' id='word_1_403' title='bbox 420 4650 652 4742; x_wconf 89' lang='lat' dir='ltr'>relinquimus</span> <span class='ocrx_word' id='word_1_404' title='bbox 672 4650 816 4720; x_wconf 88' lang='lat' dir='ltr'>brachio</span> <span class='ocrx_word' id='word_1_405' title='bbox 832 4662 866 4720; x_wconf 92' lang='lat' dir='ltr'>et</span> <span class='ocrx_word' id='word_1_406' title='bbox 881 4649 1009 4739; x_wconf 85' lang='lat' dir='ltr'>juditio</span> <span class='ocrx_word' id='word_1_407' title='bbox 1029 4648 1125 4719; x_wconf 91' lang='lat' dir='ltr'>curie</span> <span class='ocrx_word' id='word_1_408' title='bbox 1139 4646 1321 4733; x_wconf 86' lang='lat' dir='ltr'>secularis,</span> <span class='ocrx_word' id='word_1_409' title='bbox 1339 4647 1439 4717; x_wconf 90' lang='lat' dir='ltr'>salvo</span> <span class='ocrx_word' id='word_1_410' title='bbox 1458 4657 1492 4716; x_wconf 89' lang='lat' dir='ltr'>et</span> <span class='ocrx_word' id='word_1_411' title='bbox 1514 4656 1649 4717; x_wconf 89' lang='lat' dir='ltr'>retento</span> <span class='ocrx_word' id='word_1_412' title='bbox 1666 4647 1762 4738; x_wconf 92' lang='lat' dir='ltr'>quod</span> 
     </span>
     <span class='ocr_line' id='line_1_42' title="bbox 335 4744 1760 4840; baseline -0.001 -25"><span class='ocrx_word' id='word_1_413' title='bbox 335 4745 362 4815; x_wconf 87' lang='lat' dir='ltr'>si</span> <span class='ocrx_word' id='word_1_414' title='bbox 386 4748 475 4817; x_wconf 83' lang='lat' dir='ltr'>inira</span> <span class='ocrx_word' id='word_1_415' title='bbox 496 4749 570 4818; x_wconf 90' lang='lat' dir='ltr'>XV.</span> <span class='ocrx_word' id='word_1_416' title='bbox 593 4748 729 4818; x_wconf 89' lang='lat' dir='ltr'>dierum</span> <span class='ocrx_word' id='word_1_417' title='bbox 749 4751 927 4840; x_wconf 90' lang='lat' dir='ltr'>spacium,</span> <span class='ocrx_word' id='word_1_418' title='bbox 949 4768 1097 4838; x_wconf 91' lang='lat' dir='ltr'>quornm</span> <span class='ocrx_word' id='word_1_419' title='bbox 1119 4746 1250 4839; x_wconf 90' lang='lat' dir='ltr'>primos</span> <span class='ocrx_word' id='word_1_420' title='bbox 1275 4744 1433 4837; x_wconf 91' lang='lat' dir='ltr'>quinque</span> <span class='ocrx_word' id='word_1_421' title='bbox 1462 4765 1525 4835; x_wconf 89' lang='lat' dir='ltr'>pro</span> <span class='ocrx_word' id='word_1_422' title='bbox 1549 4744 1660 4834; x_wconf 90' lang='lat' dir='ltr'>primo</span> <span class='ocrx_word' id='word_1_423' title='bbox 1690 4755 1760 4814; x_wconf 91' lang='lat' dir='ltr'>ter·</span> 
     </span>
     <span class='ocr_line' id='line_1_43' title="bbox 336 4843 1760 4938; baseline -0.002 -24"><span class='ocrx_word' id='word_1_424' title='bbox 336 4846 452 4931; x_wconf 88' lang='lat' dir='ltr'>mino,</span> <span class='ocrx_word' id='word_1_425' title='bbox 478 4846 566 4916; x_wconf 90' lang='lat' dir='ltr'>alios</span> <span class='ocrx_word' id='word_1_426' title='bbox 594 4867 680 4916; x_wconf 87' lang='lat' dir='ltr'>uero</span> <span class='ocrx_word' id='word_1_427' title='bbox 705 4849 861 4938; x_wconf 82' lang='lat' dir='ltr'>quinquo</span> <span class='ocrx_word' id='word_1_428' title='bbox 887 4867 949 4938; x_wconf 93' lang='lat' dir='ltr'>pro</span> <span class='ocrx_word' id='word_1_429' title='bbox 974 4847 1152 4928; x_wconf 89' lang='lat' dir='ltr'>secundo,</span> <span class='ocrx_word' id='word_1_430' title='bbox 1180 4843 1340 4913; x_wconf 91' lang='lat' dir='ltr'>residuos</span> <span class='ocrx_word' id='word_1_431' title='bbox 1368 4852 1485 4912; x_wconf 91' lang='lat' dir='ltr'>antem</span> <span class='ocrx_word' id='word_1_432' title='bbox 1512 4843 1669 4934; x_wconf 90' lang='lat' dir='ltr'>quinque</span> <span class='ocrx_word' id='word_1_433' title='bbox 1697 4863 1760 4933; x_wconf 93' lang='lat' dir='ltr'>pro</span> 
     </span>
     <span class='ocr_line' id='line_1_44' title="bbox 337 4939 1760 5034; baseline 0 -24"><span class='ocrx_word' id='word_1_434' title='bbox 337 4943 441 5014; x_wconf 89' lang='lat' dir='ltr'>tercio</span> <span class='ocrx_word' id='word_1_435' title='bbox 466 4955 501 5012; x_wconf 90' lang='lat' dir='ltr'>et</span> <span class='ocrx_word' id='word_1_436' title='bbox 528 4944 650 5014; x_wconf 92' lang='lat' dir='ltr'>ultimo</span> <span class='ocrx_word' id='word_1_437' title='bbox 681 4946 829 5013; x_wconf 86' lang='lat' dir='ltr'>termino</span> <span class='ocrx_word' id='word_1_438' title='bbox 857 4942 1115 5034; x_wconf 88' lang='lat' dir='ltr'>perhemptorie</span> <span class='ocrx_word' id='word_1_439' title='bbox 1137 4940 1252 5012; x_wconf 91' lang='lat' dir='ltr'>eidem</span> <span class='ocrx_word' id='word_1_440' title='bbox 1280 4939 1322 5008; x_wconf 92' lang='lat' dir='ltr'>N.</span> <span class='ocrx_word' id='word_1_441' title='bbox 1349 4940 1592 5030; x_wconf 86' lang='lat' dir='ltr'>assignamus,</span> <span class='ocrx_word' id='word_1_442' title='bbox 1621 4940 1760 5010; x_wconf 81' lang='lat' dir='ltr'>coufes-</span> 
     </span>
     <span class='ocr_line' id='line_1_45' title="bbox 333 5037 1755 5135; baseline -0.002 -26"><span class='ocrx_word' id='word_1_443' title='bbox 333 5052 404 5111; x_wconf 87' lang='lat' dir='ltr'>sata</span> <span class='ocrx_word' id='word_1_444' title='bbox 425 5041 521 5134; x_wconf 93' lang='lat' dir='ltr'>prius</span> <span class='ocrx_word' id='word_1_445' title='bbox 546 5063 608 5135; x_wconf 91' lang='lat' dir='ltr'>per</span> <span class='ocrx_word' id='word_1_446' title='bbox 627 5041 777 5112; x_wconf 89' lang='lat' dir='ltr'>eundem</span> <span class='ocrx_word' id='word_1_447' title='bbox 800 5041 834 5110; x_wconf 93' lang='lat' dir='ltr'>in</span> <span class='ocrx_word' id='word_1_448' title='bbox 856 5040 985 5131; x_wconf 87' lang='lat' dir='ltr'>juditio</span> <span class='ocrx_word' id='word_1_449' title='bbox 1004 5052 1039 5110; x_wconf 91' lang='lat' dir='ltr'>et</span> <span class='ocrx_word' id='word_1_450' title='bbox 1062 5060 1102 5110; x_wconf 91' lang='lat' dir='ltr'>ea</span> <span class='ocrx_word' id='word_1_451' title='bbox 1122 5060 1192 5131; x_wconf 92' lang='lat' dir='ltr'>qne</span> <span class='ocrx_word' id='word_1_452' title='bbox 1215 5050 1336 5109; x_wconf 89' lang='lat' dir='ltr'>contra</span> <span class='ocrx_word' id='word_1_453' title='bbox 1357 5040 1479 5131; x_wconf 85' lang='lat' dir='ltr'>ipsum</span> <span class='ocrx_word' id='word_1_454' title='bbox 1507 5037 1552 5108; x_wconf 91' lang='lat' dir='ltr'>de</span> <span class='ocrx_word' id='word_1_455' title='bbox 1575 5038 1666 5109; x_wconf 87' lang='lat' dir='ltr'>lacto</span> <span class='ocrx_word' id='word_1_456' title='bbox 1694 5037 1755 5107; x_wconf 89' lang='lat' dir='ltr'>he-</span> 
     </span>
    </p>
   </div>
   <div class='ocr_carea' id='block_1_4' title="bbox 0 0 2292 6404">
    <p class='ocr_par' dir='ltr' id='par_1_4' title="bbox 0 0 2292 6404">
     <span class='ocr_line' id='line_1_46' title="bbox 0 0 2292 6404; baseline 0 2"><span class='ocrx_word' id='word_1_457' title='bbox 0 0 2292 6404; x_wconf 95' lang='lat' dir='ltr'> </span> 
     </span>
    </p>
   </div>
  </div>
 </body>
</html>
