4574 6404
427 650 473 720 90
713 667 876 721 ruscum
901 668 1145 735 inquistrtorus
1172 667 1334 722 urusrrcu
1359 665 1572 719 univimus.

426 831 571 917 insuper
591 838 731 920 peccata
750 848 813 898 sua
843 839 896 897 ter
921 828 956 897 in
980 849 1087 913 anno,
1113 829 1247 900 scilicet
1271 839 1352 898 unte
1384 823 1544 910 Natbale,
1570 826 1700 899 Pascha
1721 839 1756 899 et
1773 829 1865 900 Pen-

426 925 621 1011 tbecosteu,
642 937 677 994 et
695 928 732 993 iu
753 925 885 996 eisdem
907 926 1156 997 festivitatibus
1175 927 1449 1010 communicent,
1474 925 1540 994 uisi
1561 925 1797 997 abstinuerint
1817 928 1863 1001 de

424 1022 572 1095 consilio
601 1022 730 1115 proprii
762 1022 975 1112 sacerdotis,
1004 1023 1153 1116 singulis
1183 1046 1269 1096 vero
1301 1023 1426 1094 diebus
1450 1022 1637 1093 dominicis
1664 1035 1700 1095 et
1724 1025 1863 1106 testivis

426 1121 567 1191 missam
583 1119 837 1213 parrochialem
858 1121 1004 1191 audiant
1022 1143 1067 1192 ex
1092 1125 1230 1214 integro
1254 1134 1290 1192 et
1317 1141 1515 1192 sermonem
1547 1123 1609 1212 qui
1637 1119 1697 1191 liet
1715 1122 1751 1191 in
1778 1122 1863 1196 locis

426 1216 608 1311 inquibus
634 1218 783 1301 luerint,
814 1218 880 1289 uisi
908 1219 1063 1309 legitime
1088 1233 1150 1291 aut
1172 1218 1426 1291 rationabiliter
1452 1218 1594 1289 valeant
1622 1220 1805 1305 excusari3
1828 1231 1864 1293 et

425 1317 470 1387 ab
489 1315 584 1389 omni
606 1336 714 1408 opere
731 1315 852 1386 servili
872 1316 1072 1388 abstineant
1089 1318 1215 1389 diebus
1235 1316 1421 1389 dominicis
1439 1326 1474 1386 et
1493 1315 1644 1408 festivis,
1666 1315 1864 1412 officiisque

428 1414 576 1506 publicis
594 1435 660 1485 suo
681 1413 737 1484 vel
756 1413 902 1484 alterius
921 1419 1063 1486 nomine
1089 1437 1159 1487 non
1179 1417 1369 1507 iungantur
1390 1440 1400 1504 ;
1422 1414 1457 1483 in
1476 1412 1641 1485 Adventu
1667 1414 1805 1487 Domini
1826 1417 1863 1487 in

425 1512 504 1584 cibo
532 1511 826 1604 quadragesimali
861 1514 1046 1604 jejunent,
1080 1514 1319 1585 divinationes
1357 1524 1391 1583 et
1425 1511 1603 1603 sortilegia
1640 1534 1711 1584 non
1740 1514 1862 1585 obser·

426 1622 531 1696 vent;
556 1629 679 1679 usuras
700 1610 755 1679 vel
778 1611 918 1704 rapinas
937 1633 1007 1687 non
1028 1624 1231 1694 exerceant,
1249 1623 1284 1682 et
1303 1611 1490 1682 restituant
1508 1611 1539 1679 si
1559 1609 1742 1703 abaliquo
1762 1633 1860 1684 rece·

424 1720 572 1800 perunt;
597 1718 754 1801 preterea
776 1720 1032 1801 persequantur
1051 1707 1240 1793 hereticos,
1262 1709 1545 1801 quibuscumque
1565 1708 1861 1780 nominibuscen-

424 1818 583 1893 scantur,
606 1818 641 1876 et
662 1807 861 1889 credentes,
880 1818 916 1877 et
935 1807 1102 1893 lautores,
1125 1820 1161 1878 et
1180 1817 1429 1900 receptatores,
1446 1827 1486 1875 ac
1505 1805 1709 1877 defensores
1722 1828 1868 1893 eorum,

426 1923 466 1974 ac
495 1927 557 1998 pro
585 1903 698 1975 heresi
722 1904 922 1996 lugittivos3
952 1903 1129 1997 fidemque
1154 1905 1378 1989 catholicum,
1399 1917 1434 1975 et
1453 1924 1621 1997 personas
1645 1904 1859 1976 ecclesiasti-

425 2022 498 2088 cas,
530 2025 571 2074 ac
590 2003 670 2092 jura
697 2002 938 2088 ecclesiarum,
966 2016 1002 2073 et
1029 2003 1183 2076 officium
1220 2003 1458 2095 inquisitionis
1493 2001 1646 2072 heretice
1679 2003 1862 2094 pravitatis

427 2120 490 2191 pro
506 2099 642 2171 viribus
662 2110 844 2188 tueantur,
867 2122 1002 2173 necnon
1025 2102 1152 2172 iaciant
1176 2101 1478 2195 peregrinationes
1497 2121 1567 2192 que
1592 2099 1625 2168 in
1647 2100 1772 2170 litteris
1792 2101 1863 2171 eis·

426 2197 505 2267 dem
531 2197 767 2271 concedendis
790 2198 928 2290 plenius
948 2200 1235 2283 continebuntur,
1262 2220 1350 2291 quas
1378 2199 1511 2268 litteras
1542 2218 1649 2290 super
1679 2197 1862 2290 premissis

426 2297 590 2367 omnibus
621 2296 716 2390 ipsos
751 2296 915 2367 volumus
946 2309 981 2368 et
1007 2298 1218 2391 precipimus
1247 2309 1366 2388 petere
1392 2309 1427 2366 et
1454 2295 1605 2382 habere,
1635 2307 1672 2365 ut
1705 2316 1767 2388 per
1794 2293 1863 2368 boc

425 2395 538 2464 sciant
554 2416 624 2487 que
645 2405 808 2465 tenentur
826 2395 941 2465 lacere
957 2407 992 2465 et
1016 2396 1184 2487 aquibus
1211 2394 1364 2465 debeant
1385 2393 1576 2478 abstinere,
1600 2404 1735 2464 retenta
1759 2393 1863 2465 nobis

426 2501 461 2560 et
481 2505 637 2563 nostrum
658 2491 801 2562 cuilibet
823 2487 864 2588 [1⁰
884 2492 929 2560 50
948 2488 982 2589 a]
1003 2514 1044 2563 ac
1068 2493 1194 2564 nostris
1214 2492 1250 2561 in
1277 2490 1393 2564 olticio
1413 2491 1652 2583 inquisitionis
1677 2511 1862 2563 successo·

427 2589 523 2660 ribus
559 2589 715 2684 plenaria
754 2600 926 2682 potestate
960 2611 1128 2683 personas
1165 2591 1328 2683 superius
1363 2590 1560 2660 nominatas
1594 2598 1628 2658 et
1666 2588 1863 2681 quamlibet

426 2690 628 2759 earumdem
663 2688 855 2758 reducendi
880 2710 943 2758 seu
972 2688 1160 2759 revocandi
1185 2687 1229 2758 ad
1259 2708 1396 2758 murum
1415 2688 1625 2780 predictum,
1652 2691 1758 2756 etiam
1784 2687 1863 2758 sine

425 2786 493 2856 alia
522 2807 614 2858 nova
642 2807 761 2871 causa,
784 2808 917 2858 necnon
941 2786 1097 2857 addendi
1122 2799 1158 2857 et
1179 2785 1414 2871 diminuendi,
1445 2783 1627 2875 mitigandi
1654 2805 1717 2855 seu
1744 2785 1864 2855 remit-

428 2884 523 2954 tendi
542 2886 576 2954 in
598 2885 777 2978 predictis,
799 2884 829 2954 si
848 2896 884 2955 et
903 2896 1006 2977 prout
1026 2883 1127 2955 nobis
1144 2883 1201 2954 vel
1218 2894 1374 2955 nostrum
1390 2882 1536 2953 cuilibet
1549 2894 1611 2952 aut
1628 2883 1714 2975 ipsis
1730 2881 1862 2953 uostris

425 2984 688 3053 successoribus
715 2983 831 3052 visum
861 2982 965 3052 luerit
983 2981 1166 3075 expedire.
1188 2979 1314 3052 Actum
1335 2983 1401 3051 luit
1420 2982 1500 3064 boc,
1521 3000 1628 3067 nuno,
1650 2980 1709 3049 die
1728 2990 1764 3049 et
1784 2980 1862 3052 loco

423 3080 552 3172 quibus
571 3102 691 3174 supra,
714 3081 748 3148 in
771 3080 911 3173 publico
930 3076 1094 3151 sermone
1115 3080 1382 3173 inquisitorum.

363 3255 365 3260 ¹
479 3175 593 3247 Velsi
623 3179 741 3271 inopis
770 3177 961 3272 capediens
987 3176 1167 3264 uideatur,
1186 3183 1353 3270 poterunt
1365 3176 1681 3270 perepriuaiioues
1703 3174 1866 3269 emprirni

423 3284 456 3344 et
471 3274 679 3367 sinpillalim
698 3275 884 3347 declarari
899 3275 963 3346 toa
987 3275 1089 3345 niodo
1102 3282 1182 3370 posi
1197 3301 1209 3343 :
1227 3274 1317 3345 illud
1332 3272 1392 3345 ubi
1412 3274 1546 3345 dicitur
1564 3274 1608 3344 cle
1624 3271 1784 3346 crucibus
1803 3298 1814 3342 :
1832 3273 1866 3343 si

424 3379 644 3465 rumpantur
670 3373 726 3444 vel
751 3373 921 3466 deficiant
951 3379 1118 3445 vetustate
1128 3399 1144 3460 ;
1174 3372 1259 3442 itenr
1285 3373 1614 3465 perepriuatioues,
1643 3370 1802 3443 addatur
1830 3378 1866 3441 et

423 3472 571 3542 dicatur·
585 3471 648 3544 ltoc
666 3471 772 3543 niodo
790 3472 895 3542 Beate
914 3472 1022 3542 Mario
1051 3471 1096 3542 de
1120 3472 1218 3564 Rupe
1242 3470 1448 3557 Amatoris,
1476 3482 1511 3541 et
1534 3471 1579 3540 de
1603 3471 1739 3556 Podio,
1767 3480 1861 3557 etc,

421 3577 530 3662 prout
559 3568 733 3639 habentur
758 3568 874 3662 infra.
907 3569 1056 3647 Quando
1081 3590 1165 3639 oero
1184 3566 1492 3662 pereprinationes
1528 3567 1614 3639 sinu
1642 3565 1864 3661 premittitur

424 3666 634 3759 sinpillatint
658 3665 798 3759 suerint
833 3673 1063 3759 expressate,
1090 3673 1172 3737 tunc
1206 3689 1276 3737 non
1307 3665 1482 3736 scribatur
1507 3664 1570 3736 illa
1601 3664 1763 3738 clausula
1797 3687 1865 3760 que

423 3765 570 3858 ponitur
588 3765 687 3837 circa
708 3764 838 3854 finem,
863 3764 1022 3836 uidelicet
1041 3791 1051 3832 :
1072 3786 1204 3836 nucum
1227 3763 1367 3856 faciant
1391 3763 1700 3857 perepriuatioues
1727 3784 1794 3856 que
1823 3761 1864 3834 in

425 3863 547 3934 litteris
564 3863 694 3934 ebruna
716 3862 943 3934 comedendis
963 3862 1106 3957 plenius
1134 3861 1417 3934 continebuntur.
1450 3863 1508 3933 Set
1534 3860 1713 3932 scribatur
1735 3859 1864 3931 ίὸίἅενη

424 3960 489 4033 loo
507 3961 609 4032 modo
631 3987 642 4030 :
663 3961 776 4054 Super
794 3963 974 4053 premissis
993 3971 1110 4031 autem
1131 3959 1295 4031 omuibus
1313 3960 1478 4031 volumus
1497 3972 1533 4030 et
1558 3959 1769 4052 precipimus
1789 3979 1864 4030 om·

428 4060 533 4131 nibus
553 4074 588 4130 et
610 4059 759 4151 singulis
786 4058 999 4151 supradictis
1026 4069 1064 4128 ut
1086 4057 1219 4128 litteras
1240 4078 1260 4127 a
1280 4058 1382 4128 nobis
1403 4067 1522 4151 petant
1548 4069 1583 4127 et
1608 4057 1801 4150 accipiant,
1825 4068 1863 4127 ut

426 4161 477 4228 sic
498 4157 635 4249 plenius
655 4158 916 4248 scientesque
936 4166 1100 4226 tenentur
1119 4156 1234 4227 lacere
1256 4167 1290 4224 et
1309 4175 1329 4224 a
1350 4157 1478 4247 quibus
1495 4154 1648 4225 debeant
1667 4153 1859 4253 abstinere.

473 4254 614 4327 Deinde
632 4254 800 4346 lepanlur
825 4260 856 4323 et
879 4253 1075 4324 recitentur
1098 4252 1258 4324 distincte
1278 4251 1317 4321 in
1340 4251 1488 4344 culpari
1514 4251 1616 4344 culpe
1634 4250 1863 4344 sinpularuru

428 4348 469 4449 [Ρ
496 4352 541 4420 50
569 4347 605 4462 b]
632 4352 693 4445 qui
713 4350 974 4445 penitentiandi
995 4350 1159 4444 fuerint;
1177 4349 1299 4444 quibus
1314 4349 1473 4443 perlectis
1491 4355 1527 4421 et
1542 4349 1721 4436 recitatis,
1742 4371 1863 4420 amnes

419 4450 683 4544 penitentrandi
694 4455 889 4545 presentes,
911 4448 1014 4540 staats
1028 4448 1174 4541 panibus
1189 4454 1220 4520 et
1238 4447 1376 4519 abacta
1394 4471 1505 4520 uranu
1516 4447 1566 4518 ad
1583 4448 1717 4520 librum
1734 4444 1861 4519 Evan-

322 4640 325 4642 η
424 4548 602 4641 paliarum
628 4570 732 4640 quem
756 4553 871 4618 uocat
898 4546 1100 4642 inquisitor,
1127 4545 1295 4639 abjurent
1312 4544 1450 4639 publice
1476 4568 1615 4616 ontuern
1643 4544 1796 4616 heresim
1829 4550 1863 4615 et

416 4647 552 4738 jurent
565 4667 702 4739 parere
720 4645 901 4716 mundatis
917 4643 1077 4716 Ecclesia
1095 4650 1127 4715 et
1149 4643 1396 4738 inquisiturum
1406 4668 1422 4730 ;
1442 4649 1473 4716 et
1491 4642 1719 4715 absoluantur
1736 4664 1760 4713 a
1782 4663 1859 4713 sen·

426 4743 535 4814 tentia
552 4742 940 4839 communicationis,
962 4742 1117 4814 modoet
1133 4740 1255 4835 forma
1272 4741 1377 4838 infra
1402 4740 1556 4836 scriptis.
