4574 6404
1024 718 1144 770 ranam
1170 717 1266 769 raas.
1792 700 1860 770 tat

432 873 505 958 lati,
527 857 1010 966 perinquisitiunemsactam
1028 877 1228 947 invenimus
1247 886 1283 946 et
1302 896 1364 968 per
1375 886 1451 944 acta
1467 873 1605 965 publica
1622 885 1657 945 et
1672 896 1857 968 processus

431 969 669 1063 inquisitionis
694 973 873 1062 ejusdem,
904 995 945 1044 ac
971 996 1035 1068 per
1060 981 1167 1045 testes
1194 973 1352 1067 ydoneos
1380 966 1420 1068 [lj
1441 971 1487 1040 69
1510 967 1544 1068 a]
1567 972 1602 1040 in
1631 972 1858 1065 inquisitione

430 1079 594 1162 receptos
615 1070 769 1162 legitime
795 1071 897 1142 nobis
921 1082 1058 1144 constat
1086 1071 1183 1163 quod
1210 1070 1287 1140 talis
1306 1071 1348 1140 N.
1377 1080 1411 1140 et
1438 1068 1515 1138 talis
1534 1069 1576 1139 N.
1599 1068 1753 1140 defuncti
1774 1071 1856 1141 dum

428 1166 593 1236 virerent
613 1167 810 1240 incrimine
829 1169 963 1241 heresis
979 1169 1092 1240 taliter
1109 1168 1365 1240 commiserunt
1388 1166 1441 1262 (in
1457 1165 1522 1235 isto
1542 1166 1613 1238 lucc
1631 1167 1858 1260 singulorum

427 1264 532 1356 culpe
555 1264 764 1358 singillatim
781 1266 845 1340 sut
861 1267 1065 1361 compendio
1081 1264 1373 1360 cmpmmculur);
1395 1275 1431 1336 et
1451 1266 1617 1355 quoniam
1642 1267 1774 1335 crimen
1795 1266 1858 1336 he·

429 1362 517 1433 rasis
537 1376 680 1457 propter
701 1365 756 1434 sui
776 1368 1019 1436 enormitatem
1043 1365 1132 1435 inter
1158 1375 1274 1435 cetera
1293 1363 1443 1434 crimina
1459 1373 1622 1433 censetur
1641 1384 1720 1434 esse
1736 1362 1854 1434 detes·

428 1458 590 1548 labilius,
610 1471 645 1533 et
664 1483 733 1532 non
752 1462 865 1534 solnm
885 1464 921 1533 in
942 1463 1032 1534 vivis
1050 1474 1104 1534 set
1122 1462 1228 1533 etiam
1243 1463 1280 1533 in
1301 1461 1446 1532 mortuis
1467 1481 1528 1552 per
1551 1461 1633 1551 jura
1661 1461 1853 1553 promptis·

425 1555 515 1627 sima
533 1558 752 1646 vindicatur,
775 1582 839 1632 nos
859 1583 921 1654 per
948 1561 1041 1632 viam
1062 1560 1227 1652 equitatis
1253 1571 1289 1628 et
1314 1559 1456 1648 justicie
1482 1578 1522 1627 ac
1544 1557 1634 1647 juris
1664 1558 1857 1652 procedere

427 1655 611 1746 cupientes
631 1658 863 1749 predictarum
885 1679 1112 1751 personarum
1135 1657 1379 1728 defunctarum
1395 1655 1562 1742 heredes,
1580 1656 1710 1727 liberos
1728 1668 1762 1726 et
1781 1677 1857 1749 pro·

428 1752 580 1845 pinquos
597 1766 631 1825 et
655 1755 826 1826 bonorum
848 1757 1003 1849 ipsorum
1028 1756 1229 1826 detentores
1250 1765 1286 1825 et
1311 1753 1522 1845 generaliter
1545 1775 1667 1824 omnes
1696 1756 1757 1845 qui
1777 1774 1856 1847 pre·

428 1852 628 1923 nominatos
648 1853 830 1924 defunctos
845 1853 1036 1924 defendere
1051 1852 1183 1924 vellent
1198 1862 1234 1923 et
1252 1862 1419 1944 possent,
1439 1850 1575 1941 dejure
1589 1851 1688 1922 citeri
1711 1852 1857 1925 fecimus

428 1959 468 2018 nt
486 1970 603 2020 coram
625 1950 726 2020 nobis
745 1952 849 2023 certis
871 1951 997 2021 diebus
1017 1963 1053 2022 et
1080 1952 1156 2022 loco
1177 1949 1409 2044 personaliter
1428 1958 1464 2018 et
1484 1948 1742 2041 perhemptorie
1763 1970 1857 2020 com·

428 2059 612 2140 parerent,
642 2050 864 2140 responsuri,
895 2049 1021 2120 dicturi
1050 2060 1085 2119 et
1113 2047 1325 2142 proposituri
1347 2046 1516 2140 quicquid
1545 2047 1590 2116 ad
1617 2046 1856 2139 predictorum

429 2144 672 2216 defunctorum
693 2150 955 2218 excusationem
973 2169 1036 2218 seu
1057 2146 1297 2216 detonsionem
1314 2144 1571 2216 rationabiliter
1588 2144 1758 2216 ducerent
1777 2165 1855 2236 pro·

429 2243 654 2336 ponendum,
676 2253 711 2312 et
732 2245 872 2315 tandem
892 2244 1176 2338 comparentibus
1203 2264 1320 2314 coram
1347 2242 1449 2313 nobis
1471 2242 1542 2311 illis
1568 2242 1613 2312 ad
1632 2262 1721 2333 quos
1748 2243 1857 2315 dicto

430 2361 504 2410 rum
532 2340 777 2411 defunctorum
802 2342 844 2411 N.
875 2354 909 2413 et
928 2342 970 2413 N.
999 2343 1224 2414 detensiones
1250 2363 1313 2412 seu
1340 2340 1585 2411 excusationes
1612 2340 1787 2433 pertinere
1812 2340 1857 2412 de

421 2437 503 2527 jure
523 2450 685 2529 poterant
704 2451 738 2508 et
758 2439 959 2525 debebant,
978 2460 1018 2510 ac
1037 2439 1224 2533 publicatis
1243 2438 1529 2510 attestationibus
1548 2447 1583 2507 et
1598 2437 1760 2529 aliisque
1776 2458 1857 2509 con-

428 2544 481 2606 tra
511 2535 622 2607 dictas
654 2558 821 2630 personas
847 2538 1029 2609 defunctas
1061 2537 1217 2628 legitime
1246 2547 1329 2606 sunt
1358 2536 1523 2619 inventa,
1552 2534 1668 2604 oblata
1696 2535 1855 2607 etiamst

427 2632 517 2703 lacta
559 2634 644 2727 ipsis
673 2637 958 2730 comparentibus
994 2639 1056 2729 qui
1095 2636 1286 2705 voluerunt
1320 2634 1451 2703 habere
1488 2633 1587 2726 copia
1625 2634 1852 2720 eorumdem,

427 2729 551 2823 eisque
568 2733 681 2802 nullas
701 2734 925 2805 detensiones
944 2733 1121 2826 legitimas
1137 2731 1414 2825 proponentibus
1430 2753 1491 2824 per
1504 2751 1592 2823 quas
1609 2731 1763 2823 predicte
1779 2753 1855 2824 per-

425 2847 514 2898 sone
544 2828 707 2902 deiuncte
733 2835 867 2924 possint
888 2843 949 2902 aut
974 2832 1126 2903 debeant
1153 2830 1301 2900 relevari
1328 2828 1484 2920 legitime
1512 2828 1566 2898 vel
1592 2827 1752 2914 delendi,
1776 2839 1852 2898 tan·

426 2923 580 3018 demque
607 2922 648 3024 [l0
667 2929 713 2998 69
733 2926 769 3027 b]
796 2951 901 3000 cause
921 2930 1077 3023 predicte
1104 2929 1320 2999 detensionis
1341 2926 1628 2998 renunciantibus
1647 2937 1682 2996 et
1708 2925 1851 2997 conclu·

426 3020 593 3095 dentibus
620 3027 654 3095 in
683 3028 829 3118 negocio
857 3049 962 3120 supra
983 3027 1076 3098 dicto
1104 3049 1149 3098 ex
1168 3037 1263 3096 certa
1289 3026 1435 3097 scientia
1458 3036 1493 3095 et
1514 3024 1692 3107 consulte,
1714 3045 1851 3095 necnon

423 3119 504 3191 aliis
523 3122 590 3192 rite
608 3123 715 3210 actis,
741 3137 843 3217 prout
859 3126 924 3196 beo
943 3126 979 3194 in
1000 3124 1221 3218 processibus
1245 3145 1354 3216 super
1374 3122 1440 3194 boc
1459 3122 1587 3192 habitis
1612 3123 1749 3215 plenius
1768 3142 1851 3193 oon·

424 3217 602 3307 tinentur,
622 3222 752 3292 idcirco
773 3244 835 3293 nos
852 3222 1076 3315 inquisitores
1095 3223 1240 3316 prelati,
1261 3221 1383 3292 habito
1402 3219 1595 3312 superbiis
1614 3240 1693 3289 oum
1711 3220 1849 3312 sapien·

427 3316 520 3389 tibus
548 3329 584 3390 et
610 3320 770 3390 discretis
800 3321 886 3391 viris
912 3322 947 3390 in
978 3331 1128 3412 utroque
1150 3319 1231 3409 jure
1256 3319 1375 3412 peritis
1405 3331 1473 3388 tam
1500 3317 1717 3388 secularibus
1744 3339 1851 3410 quam

426 3417 646 3506 regularibus
676 3417 834 3508 diligenti
857 3418 1005 3490 consilio
1034 3430 1072 3490 et
1096 3427 1264 3501 tractatu,
1293 3416 1462 3487 habentes
1489 3437 1549 3508 pre
1578 3416 1709 3485 occulis
1735 3415 1850 3487 solum
1885 3471 1890 3482 .

426 3511 537 3584 Deum
567 3525 602 3587 et
633 3516 831 3586 orthodoxe
861 3515 942 3586 fidei
986 3517 1196 3609 puritatem,
1227 3514 1459 3585 sacrosanctis
1491 3513 1690 3604 Evangeliis
1728 3514 1850 3606 positis

425 3630 544 3683 coram
567 3613 690 3702 nohis,
714 3625 751 3683 ut
770 3614 816 3683 de
835 3614 937 3684 vultu
955 3614 1017 3685 Dei
1038 3623 1193 3684 nostrum
1223 3612 1368 3704 prodeat
1383 3611 1548 3702 juditium
1577 3622 1612 3681 et
1634 3610 1745 3682 occuli
1767 3632 1848 3682 nos·

426 3708 469 3777 tri
486 3710 631 3782 videant
651 3712 855 3803 equitatem,
874 3712 1096 3805 presentibus
1116 3710 1174 3780 die
1192 3723 1228 3780 et
1247 3709 1605 3780 loco‘ndaudiendum
1625 3706 1848 3779 diffinitivam

426 3809 634 3879 sententiam
660 3830 766 3902 super
786 3810 965 3902 premissis
984 3831 1045 3902 per
1067 3830 1131 3879 nos
1149 3808 1285 3900 precise
1305 3817 1340 3877 ct
1359 3807 1618 3900 perhemptorie
1639 3806 1846 3897 assignatis,

427 3904 591 3977 sedentes
610 3927 674 3999 pro
695 3907 885 3995 tribunali,
905 3906 949 3977 de
970 3906 1206 4000 predictorum
1230 3906 1439 3998 sapientium
1458 3905 1618 3991 consilio,
1642 3925 1703 3997 per
1722 3901 1850 3974 dilfini-

426 4000 532 4073 tivam
556 4005 765 4074 sententiam
789 4024 894 4096 quam
923 4005 1068 4075 ierimus
1093 4003 1128 4073 in
1151 4002 1221 4073 hiis
1241 4003 1462 4095 presentibus
1480 4002 1617 4094 scriptis
1637 4002 1847 4093 pronuncia·

427 4118 503 4170 mus
526 4113 563 4172 et
585 4101 803 4172 declaramus
828 4103 1090 4194 prenominatos
1110 4100 1294 4171 detunctos
1313 4100 1354 4170 N.
1377 4110 1412 4169 et
1429 4100 1470 4169 N.
1494 4121 1555 4192 per
1578 4120 1619 4170 ea
1638 4120 1708 4191 que
1727 4110 1848 4170 contra

425 4196 520 4289 ipsos
540 4199 741 4269 invenimus
760 4198 933 4271 hereticos
953 4200 1061 4270 luisse
1080 4208 1114 4269 et
1138 4201 1174 4267 in
1198 4208 1292 4268 secta
1313 4197 1543 4268 hereticorum
1569 4196 1766 4267 detestabili
1787 4196 1848 4267 im·

426 4296 623 4387 penitentes
646 4296 863 4382 decessisse,
888 4297 1120 4391 precipientes
1139 4316 1261 4367 eorum
1285 4315 1364 4365 ossa
1391 4295 1436 4365 de
1460 4294 1567 4364 sacris
1593 4293 1794 4382 cimiteriis,
1816 4299 1847 4365 si

426 4392 469 4463 ab
489 4392 629 4465 ossibus
650 4392 806 4464 fidelium
827 4395 970 4487 possint
980 4395 1153 4479 discerni,
1175 4406 1210 4464 et
1228 4392 1273 4462 de
1288 4392 1567 4485 quibuscumque
1586 4391 1671 4462 locis
1689 4390 1767 4462 aliis
1787 4392 1846 4462 ubi
1942 4465 1944 4469 ,

426 4500 563 4584 reperta
582 4492 710 4563 luerint
729 4492 914 4562 exhumari
940 4502 975 4563 et
991 4491 1148 4563 comburi
1177 4490 1212 4560 in
1232 4490 1498 4561 detestationem
1519 4489 1674 4559 criminis
1695 4499 1765 4560 tam
1784 4510 1844 4560 ne·

425 4586 576 4679 phandi,
599 4589 829 4682 dampnantes
849 4588 1096 4661 nichilominus
1117 4586 1352 4682 predictorum
1375 4587 1619 4658 detunctorum
1640 4586 1844 4657 memoriam

426 4696 594 4778 perpetuo
614 4689 649 4755 in
670 4688 838 4756 laturum.
860 4687 942 4757 lata
962 4688 1026 4757 luit
1045 4685 1110 4757 hec
1128 4684 1323 4771 sententia,
1345 4695 1380 4755 et
1398 4696 1525 4756 cetera.

474 4778 527 4880 [Ρο
546 4784 592 4853 69
610 4780 643 4881 c]
668 4782 715 4854 Iu
737 4805 775 4854 eo
798 4807 882 4855 cero
907 4806 991 4855 cusu
1009 4781 1068 4854 uti
1088 4783 1178 4853 nulli
1194 4781 1265 4876 filii
1281 4781 1337 4852 vel
1356 4781 1500 4853 heredes
1517 4789 1581 4854 out
1599 4781 1769 4852 bonorum
1786 4781 1845 4853 dc·

424 4885 570 4952 micres
596 4880 751 4972 legitime
773 4882 874 4953 citati
889 4882 940 4953 cd
964 4879 1227 4974 defendendum
1246 4880 1302 4950 cel
1312 4880 1583 4973 proponendum
1601 4879 1737 4974 aliquid
1753 4900 1846 4950 com-

419 4985 615 5069 parerent,
636 4978 776 5050 haberet
792 4978 904 5051 locum
925 5002 1068 5074 sequens
1085 4978 1266 5066 clausulo;
1283 4983 1365 5072 post
1381 4977 1471 5047 illud
1490 5004 1502 5048 :
1528 4988 1564 5049 et
1584 4978 1723 5049 tandem
1743 4998 1841 5050 com·

426 5078 627 5165 parentibus
655 5098 771 5149 coram
791 5078 893 5149 nobis
904 5130 916 5168 ,
943 5077 1083 5148 dicatur
1102 5076 1151 5148 sic
1171 5102 1182 5144 .·
1205 5086 1240 5147 et
1258 5076 1418 5166 tandem,
1439 5075 1543 5147 nullis
1560 5075 1844 5171 comparentibus
