4574 6404
406 658 469 738 ,36
710 672 873 727 umcrrcr
899 675 1141 741 ruoursrrrorvrs
1167 672 1330 725 ncnmtcn
1355 671 1566 724 rurvrrrrrs.

424 834 566 925 detegat
590 844 625 903 et
650 832 785 903 revelet
809 835 1078 925 inquisitoribus
1108 833 1262 905 heretice
1286 836 1469 926 pravitatis
1494 836 1525 904 si
1553 833 1683 905 alicubi
1711 839 1854 907 sciverit

424 952 502 1003 esse
521 931 673 1023 aliquem
695 930 750 999 vel
771 930 909 1023 aliquos
927 931 972 1001 de
992 933 1181 1025 predictis3
1202 931 1300 1002 etad
1319 930 1386 1002 boc
1404 930 1499 1022 quod
1517 935 1701 1024 capiantur
1719 944 1755 1003 et
1773 935 1854 1005 red·

422 1030 552 1100 dantur
570 1028 841 1120 inquisitoribus
860 1029 1015 1119 legitime
1036 1031 1139 1099 iaciat
1159 1049 1264 1123 posse
1283 1050 1404 1113 suum,
1426 1029 1494 1098 sub
1515 1032 1614 1121 penis
1638 1032 1756 1120 ajure
1783 1045 1853 1102 sta-

425 1130 508 1197 tutis
527 1138 647 1197 contra
675 1123 826 1218 perfidos
851 1127 980 1217 judeos
1005 1127 1204 1198 relabentes
1224 1147 1288 1197 sen
1309 1127 1465 1220 relapsos
1484 1129 1520 1196 in
1542 1129 1723 1219 premissis
1742 1129 1799 1198 vel
1818 1133 1855 1201 in

422 1224 543 1316 aliquo
564 1225 829 1316 premissorum.
851 1222 927 1306 Qne
955 1228 1071 1296 omnia
1098 1236 1132 1294 et
1157 1224 1295 1315 singula
1320 1224 1434 1294 dictus
1459 1223 1585 1314 indens
1609 1245 1727 1296 coram
1752 1228 1855 1301 nobis

425 1325 570 1416 prestito
584 1323 786 1412 juramento
808 1342 916 1413 super
932 1321 1043 1413 legem
1065 1322 1180 1416 Moysi
1207 1323 1366 1414 promisit
1384 1343 1423 1392 se
1442 1342 1586 1392 servare
1605 1333 1640 1392 et
1661 1334 1800 1411 tenere,
1821 1338 1857 1398 et

423 1439 443 1489 a
464 1419 651 1514 prohibitis
670 1421 810 1510 penitus
828 1419 1019 1490 abstinere.
1036 1421 1165 1490 Verum
1186 1422 1268 1511 quia
1284 1440 1406 1489 cruces
1420 1420 1464 1490 de
1479 1417 1571 1489 filtro
1590 1431 1743 1512 portare,
1762 1421 1855 1494 basi·

424 1517 509 1588 licas
526 1528 747 1602 construere,
771 1518 1113 1608 sanctorumlimina
1131 1520 1289 1603 visitare,
1313 1537 1375 1586 seu
1397 1518 1548 1608 quedam
1569 1518 1636 1587 alia
1656 1539 1763 1610 opera
1784 1524 1856 1613 pie·

425 1618 506 1686 tatis
535 1615 664 1700 iacere,
695 1636 765 1704 que
795 1614 973 1705 aliquibus
992 1616 1227 1708 culpabilibus
1257 1627 1292 1684 et
1318 1615 1556 1705 penitentibus
1577 1636 1683 1708 super
1708 1619 1856 1692 crimine

424 1712 580 1783 heretice
605 1713 789 1804 pravitatis
818 1713 994 1782 interdum
1030 1715 1168 1803 injungi
1197 1713 1330 1798 solent,
1359 1713 1525 1805 predictis
1557 1713 1672 1803 judeis
1703 1716 1855 1788 inimicis

423 1813 538 1882 crucis
556 1808 683 1879 Christi
703 1810 888 1901 injungere
909 1832 980 1882 non
999 1812 1177 1899 valemus,
1201 1812 1333 1882 idcirco
1353 1822 1391 1881 ut
1409 1811 1599 1882 christiane
1623 1810 1704 1882 lidei
1722 1814 1856 1888 subre-

423 1912 498 1980 niat
524 1929 628 2000 quam
657 1908 770 1979 luerat
798 1911 983 1980 temerarie
1010 1921 1233 2003 persecutos,
1259 1909 1303 1979 de
1330 1910 1501 1980 bonorum
1525 1911 1681 1980 virorum
1705 1914 1855 1984 consilio

426 2007 579 2097 aliquam
600 2028 724 2098 penam
744 2009 1001 2097 peccuniariam
1018 2009 1133 2078 eidem
1144 2008 1312 2079 duximus
1323 2006 1575 2098 injungendam
1593 2030 1655 2099 pro
1673 2007 1852 2096 hereticis,

424 2115 461 2175 et
472 2105 658 2194 lugittivis,
673 2117 708 2175 et
718 2108 888 2195 apostatis
899 2106 1157 2196 investigandis
1169 2119 1204 2175 et
1212 2106 1408 2198 capiendis,
1421 2128 1482 2176 seu
1495 2106 1532 2173 in
1542 2105 1622 2176 aliis
1634 2109 1701 2199 piis
1713 2101 1808 2203 [ΜΟ
1820 2106 1852 2207 3]

425 2202 562 2286 usibus,
580 2216 683 2294 prout
696 2202 798 2273 nobis
819 2204 934 2272 visum
954 2202 1076 2283 luerit,
1096 2202 1381 2296 expendendam.
1395 2203 1599 2274 Retinemus
1617 2216 1734 2274 autem
1754 2207 1855 2278 nobis

425 2312 461 2370 et
485 2302 615 2370 nostris
638 2302 673 2368 in
703 2302 943 2391 inquisitionis
967 2299 1083 2371 officio
1107 2302 1370 2373 successoribus
1391 2312 1597 2394 potestatem
1620 2301 1776 2373 addendi
1797 2305 1853 2376 vel

426 2397 626 2482 minuendi,
649 2418 785 2468 necnon
805 2398 956 2468 eundem
972 2398 1120 2488 judeum
1139 2398 1183 2468 ad
1206 2403 1296 2469 muri
1316 2420 1492 2471 carcerem
1514 2400 1728 2488 reducendi,
1749 2405 1854 2472 etiam

424 2498 502 2566 sine
523 2515 613 2565 nova
634 2515 738 2565 causa
761 2495 829 2565 alia
848 2496 905 2566 vel
926 2496 1047 2588 culpa,
1075 2498 1106 2565 si
1136 2497 1238 2567 nobis
1254 2498 1311 2568 vel
1337 2501 1389 2568 eis
1410 2503 1525 2568 visum
1548 2498 1651 2568 luerit
1668 2498 1852 2592 expedire.

423 2593 498 2676 Qne
512 2595 628 2663 omnia
648 2593 826 2684 predictus
839 2594 969 2684 judeus
983 2597 1180 2687 acceptavit
1199 2605 1234 2665 et
1252 2599 1412 2689 promisit
1428 2618 1467 2667 se
1485 2597 1599 2666 lacere
1614 2609 1650 2665 et
1662 2584 1852 2688 complere.

423 2691 463 2760 ln
481 2693 581 2782 cujus
602 2694 654 2761 rei
675 2694 912 2763 testimonium
933 2692 1088 2783 sigillum
1109 2703 1267 2763 nostrum
1289 2694 1511 2786 presentibus
1536 2693 1703 2765 duximus
1722 2715 1856 2788 appen-

423 2789 592 2860 dendum.
612 2790 752 2875 Datum,
773 2801 840 2860 etc.

423 3045 458 3110 2.
482 3046 616 3110 Forma
629 3047 752 3111 littere
769 3048 1032 3111 testimonialis
1052 3049 1096 3112 de
1116 3049 1340 3113 amaritione
1365 3065 1430 3113 seu
1454 3050 1680 3130 depositione
1703 3067 1855 3116 crucum

884 3155 983 3220 lecta
997 3156 1141 3237 publice
1156 3158 1195 3221 in
1213 3172 1391 3221 sermone.

472 3389 608 3461 Teuore
636 3393 850 3482 presentium
873 3403 991 3484 pateat
1009 3390 1137 3462 Christi
1156 3390 1322 3462 fidelibus
1347 3395 1523 3462 universis
1542 3392 1638 3484 quod
1660 3412 1723 3462 nos
1748 3391 1856 3461 irater

423 3487 643 3571 Bernardus,
666 3488 745 3560 ord.
767 3489 919 3571 Predic.‚
941 3493 1129 3582 inquisitor
1147 3489 1301 3560 heretice
1322 3491 1504 3582 pravitatis
1524 3492 1559 3558 in
1582 3511 1691 3581 regno
1711 3488 1856 3559 Francie

424 3605 487 3678 per
505 3584 627 3655 sedem
643 3587 870 3678 apostolicam
893 3587 1095 3681 deputatus,
1118 3608 1187 3657 una
1203 3609 1282 3658 cum
1304 3587 1470 3678 religioso
1489 3589 1568 3658 viro
1588 3589 1694 3657 fratre
1718 3587 1778 3657 tali
1796 3585 1856 3673 Ν.,

424 3683 680 3774 coinqnisitore
706 3696 741 3754 et
763 3685 895 3776 collega
924 3697 1058 3767 nostro,
1086 3698 1121 3756 et
1147 3707 1224 3756 cum
1247 3685 1441 3756 venerabili
1468 3696 1504 3756 et
1527 3686 1680 3756 discreto
1701 3685 1779 3756 viro
1797 3685 1859 3755 tali

424 3780 467 3852 N.
488 3781 566 3850 telis
585 3782 739 3874 episcopi
761 3782 834 3873 (vel
847 3809 859 3852 .·
879 3783 957 3854 talis
973 3784 1116 3876 capitoli
1135 3783 1220 3854 sede
1240 3781 1406 3877 vacante)
1426 3783 1461 3852 in
1484 3782 1551 3853 bac
1570 3794 1669 3876 parte
1688 3784 1855 3854 commis·

425 3879 519 3949 sario
538 3878 728 3972 deputato,
749 3882 948 3952 amovimus
968 3904 1032 3952 seu
1058 3881 1286 3973 deposuimus
1306 3880 1378 3971 (cel
1391 3880 1440 3950 sic
1460 3906 1472 3948 .·
1498 3880 1662 3951 dedimus
1680 3881 1856 3951 licentiam

424 3997 495 4046 non
524 3975 706 4072 portandi)
734 4000 856 4049 cruces
881 3981 925 4049 de
953 3978 1045 4049 filtro
1073 3980 1129 4048 tali
1158 3979 1200 4051 N.
1225 3979 1302 4050 talis
1329 3978 1505 4072 dyocesis
1527 4000 1598 4070 que
1616 3979 1699 4048 olim
1720 3980 1859 4049 inerant

423 4074 491 4145 sibi
511 4096 573 4165 per
589 4097 653 4146 nos
672 4073 745 4168 (cel
757 4076 834 4147 sic:
853 4098 915 4169 per
933 4077 1158 4168 inquisitores
1179 4073 1447 4171 predecessores
1465 4076 1621 4172 nostros)
1640 4077 1674 4146 in
1696 4076 1857 4169 peniten-

425 4171 507 4242 tiam
529 4183 564 4241 et
583 4173 726 4244 nomine
748 4175 939 4267 penitentie
961 4170 1002 4271 [N
1021 4173 1067 4246 20
1088 4171 1125 4272 d]
1147 4175 1190 4245 ad
1213 4173 1422 4268 portandum
1443 4175 1607 4267 imposite
1631 4186 1666 4245 et
1686 4175 1854 4265 injuncte,

423 4290 503 4339 cnm
522 4269 734 4360 quibusdam
755 4272 833 4342 aliis
861 4273 967 4343 certis
988 4273 1193 4365 penitentiis
1214 4272 1384 4343 iaciendis
1408 4293 1470 4364 pro
1490 4271 1648 4363 hiisque
1672 4272 1858 4343 commise-

423 4378 478 4437 rat
510 4367 545 4435 in
573 4368 663 4439 facto
687 4391 750 4440 seu
779 4370 925 4441 crimine
952 4370 1109 4441 heretice
1136 4370 1339 4464 pravitatis,
1371 4381 1505 4441 retenta
1535 4371 1637 4440 nubis
1663 4380 1699 4439 et
1728 4369 1859 4440 nostris

424 4465 460 4535 in
488 4462 605 4536 ol'hcio
632 4467 871 4559 inquisitionis
898 4469 1161 4540 successoribus
1186 4469 1341 4561 plenaria
1365 4478 1538 4562 potestate
1561 4467 1755 4559 reponendi
1776 4488 1856 4537 cru·

424 4583 483 4633 ces
502 4562 617 4632 eidem
639 4564 699 4634 tali
713 4566 771 4648 Ν.,
786 4568 890 4637 etiam
906 4567 983 4636 sine
1002 4566 1069 4636 alia
1089 4587 1180 4636 nova
1199 4587 1318 4653 causa,
1335 4567 1365 4635 si
1385 4566 1486 4636 nobis
1507 4564 1564 4635 vel
1581 4565 1633 4634 eis
1649 4565 1764 4636 visum
1786 4565 1859 4636 fue·

423 4661 470 4728 rit
488 4661 710 4751 laciendum3
733 4663 838 4734 nichil
861 4665 1087 4739 immutantes
1113 4665 1147 4733 in
1170 4664 1251 4734 aliis
1271 4664 1427 4757 quesibi
1448 4659 1581 4733 dudum
1603 4663 1758 4754 injuncta
1783 4663 1857 4734 lue·

425 4767 529 4840 runt,
551 4771 586 4828 et
611 4759 646 4829 in
673 4761 796 4832 litteris
816 4762 894 4833 aliis
918 4783 981 4832 sue
1008 4762 1199 4855 penitentie
1221 4762 1467 4849 continentur;
1489 4761 1723 4831 concedentes
1741 4760 1857 4830 eidem

390 4908 392 4912 >
426 4854 486 4923 tali
503 4854 546 4925 N.
572 4869 752 4948 presentes
773 4859 905 4930 litteras
924 4859 1041 4950 sigillo
1063 4871 1182 4930 nostro
1200 4859 1368 4950 sigillatas
1384 4860 1424 4928 in
1451 4859 1689 4930 testimonium
1712 4858 1857 4951 premis·

425 4971 559 5022 sorum.
579 4953 704 5025 Actum
727 4957 791 5026 suit
813 4956 881 5027 boc
898 4956 1048 5028 Tholose
1071 4956 1106 5026 in
1127 4978 1290 5029 sermone
1317 4957 1457 5049 publico
1477 4956 1723 5048 inquisitorum
1745 4957 1779 5025 in
1801 4977 1857 5027 ec·

426 5047 533 5119 clesia
557 5049 673 5121 Sancti
699 5052 867 5146 Stephani
894 5052 1108 5144 cathedrali,
1132 5076 1226 5127 anno
1252 5066 1288 5126 et
1313 5054 1370 5126 die
1396 5056 1454 5125 tali
1474 5052 1545 5148 (vel
1568 5052 1709 5125 Neviae
1726 5054 1860 5148 poterit
