4574 6404
436 629 484 698 ld
726 646 889 699 annorvm
915 647 1156 713 inquistrronrs
1183 646 1346 701 nenurtce
1371 646 1582 700 enavimus

439 808 514 901 piat
538 817 599 876 aot
625 817 779 900 receptet
790 837 807 900 ,·
822 827 887 875 nec
907 806 958 877 eis
978 818 1110 900 prestet
1132 807 1333 892 consilium,
1356 807 1526 877 auxilinm
1546 808 1600 876 vel
1625 809 1796 895 savorem,
1817 823 1873 883 set

439 906 582 994 detegat
608 913 644 973 et
669 903 804 974 revelet
829 903 1098 994 inquisitoribus
1124 906 1277 976 heretice
1304 904 1509 998 pravitatis.
1530 905 1559 974 si
1579 906 1708 976 alicubi
1728 908 1873 979 sciverit

439 1022 518 1072 esse
538 1001 690 1093 aliquem
712 1001 769 1070 vel
791 1001 927 1092 aliquos
943 1002 988 1073 de
1009 1003 1196 1094 predictis;
1218 1016 1253 1073 et
1272 1003 1315 1073 ad
1337 1003 1404 1072 hoc
1420 1003 1515 1093 quod
1531 1004 1715 1095 capiantur
1732 1016 1768 1075 et
1786 1007 1870 1077 red-

440 1098 568 1169 dantur
590 1099 858 1190 inquisitoribus
879 1100 1034 1190 legitime
1055 1101 1157 1171 iaciat
1177 1122 1281 1195 posse
1302 1122 1425 1184 soum,
1445 1101 1512 1170 sub
1531 1101 1631 1193 penis
1658 1124 1676 1170 a
1700 1104 1782 1193 jure
1800 1115 1870 1174 sta-

439 1197 524 1266 tutis
543 1207 663 1268 contra
685 1196 837 1290 perfidos
861 1198 988 1289 judeos
1009 1197 1206 1269 relabentes
1230 1220 1293 1268 seu
1315 1198 1470 1289 relapsos
1494 1199 1529 1266 in
1552 1199 1732 1290 premissis
1755 1201 1812 1270 vel
1834 1203 1869 1271 in

438 1295 558 1384 aliquo
584 1296 855 1387 premissorum,
876 1316 946 1386 que
970 1297 1087 1366 omnia
1114 1309 1149 1366 et
1171 1296 1309 1387 singula
1335 1295 1450 1365 dictus
1464 1296 1594 1386 judeus
1613 1317 1730 1367 coram
1751 1299 1867 1386 nobis,

439 1394 585 1485 prestito
600 1392 802 1482 juramento
817 1413 923 1485 snper
936 1393 1048 1485 legem
1068 1393 1195 1487 Mopsi,
1214 1393 1373 1488 promisit
1391 1413 1430 1461 se
1447 1414 1605 1469 servare,
1626 1406 1659 1463 et
1681 1406 1815 1483 tenere,
1834 1410 1870 1468 et

439 1510 458 1559 a
488 1489 672 1583 prohibitis
707 1491 846 1586 penitus
876 1492 1066 1562 abstinere.
1088 1492 1216 1561 Verum
1249 1491 1330 1582 quia
1360 1512 1482 1561 cruces
1511 1491 1556 1561 de
1585 1489 1676 1562 filtro
1704 1503 1866 1585 portare,

439 1587 600 1658 basilicas
624 1601 848 1674 construere,
871 1601 1070 1660 sanctorum
1093 1589 1212 1658 limina
1234 1589 1397 1672 visitare,
1418 1611 1481 1658 sen
1501 1589 1652 1680 quedam
1674 1591 1741 1660 alia
1762 1612 1869 1685 opera

438 1685 578 1776 pietatis
598 1687 712 1758 lacere
731 1707 800 1780 que
820 1687 996 1778 aliquibus
1016 1687 1250 1780 culpabilibus
1268 1698 1303 1757 et
1329 1685 1565 1778 penitentibus
1590 1709 1696 1778 super
1722 1690 1869 1761 crimine

438 1780 593 1853 heretice
627 1785 809 1878 pravitatis
841 1785 1016 1854 interdum
1053 1784 1187 1878 injungi
1217 1784 1344 1865 solent,
1370 1784 1535 1876 predictis
1564 1785 1683 1874 judeis
1718 1786 1869 1858 inimicis

438 1882 552 1950 crucis
570 1879 694 1952 Christi
719 1883 904 1973 injungere
925 1905 993 1952 non
1014 1884 1186 1968 valemuS,
1211 1882 1340 1953 idcirco
1361 1895 1399 1951 ut
1420 1881 1610 1952 christiane
1629 1880 1712 1952 fidei
1735 1885 1868 1955 subve-

438 1979 511 2048 niat
537 2001 641 2069 quam
668 1982 781 2051 fuerat
804 1982 989 2052 temerarie
1010 1978 1051 2077 [l0
1069 1978 1117 2052 22
1140 1977 1173 2077 c]
1196 1992 1420 2073 prosecutus,
1444 1979 1488 2049 de
1507 1980 1680 2049 bonorum
1708 1984 1867 2052 virorum

437 2077 605 2159 oonsilio,
637 2078 789 2170 aliquam
823 2100 947 2170 penam
981 2080 1235 2170 peccuniariam
1267 2078 1380 2148 eidem
1413 2077 1580 2147 duximus
1614 2079 1866 2169 injungendam

437 2195 501 2266 pro
522 2174 699 2255 hereticis,
722 2187 757 2246 et
778 2176 961 2266 iugittivis,
979 2188 1013 2247 et
1032 2179 1200 2268 apostatis
1219 2175 1475 2266 investigandis
1492 2186 1527 2245 et
1543 2175 1738 2267 capiendis,
1751 2199 1814 2247 seu
1831 2179 1866 2248 iu

437 2272 516 2341 aliis
544 2274 610 2363 piis
643 2274 785 2353 usibus,
816 2285 918 2365 prout
947 2275 1048 2344 nobis
1077 2275 1191 2343 visum
1222 2273 1326 2342 luerit
1353 2273 1637 2366 expendendam.
1664 2274 1867 2347 Retinemus

437 2381 554 2438 autem
581 2370 683 2440 nobis
704 2387 738 2439 et
758 2371 886 2440 nostris
909 2372 943 2439 io
969 2372 1207 2462 inquisitionis
1230 2369 1346 2442 ollicio
1369 2371 1632 2441 successoribus
1659 2383 1865 2464 potestatem

436 2466 614 2550 addendi,
643 2470 697 2537 vel
732 2467 935 2553 minuendi,
966 2490 1101 2540 necnon
1133 2469 1284 2539 eundem
1315 2469 1460 2557 judeum
1490 2468 1533 2537 ad
1567 2468 1655 2538 muri
1689 2490 1864 2541 carcerem

435 2564 646 2653 reducendi,
668 2565 771 2635 etiam
791 2565 868 2634 sine
889 2587 981 2636 nova
1000 2587 1103 2637 causa
1124 2567 1190 2637 alia
1212 2566 1267 2635 vel
1288 2566 1409 2658 culpa,
1430 2566 1459 2636 si
1480 2566 1582 2636 nobis
1602 2566 1659 2636 vel
1678 2567 1729 2636 eis
1747 2568 1864 2638 visum

435 2662 541 2731 fuerit
564 2663 760 2756 expedire3
782 2685 851 2754 que
876 2665 991 2734 omnia
1018 2665 1195 2757 predictus
1216 2663 1346 2754 judeus
1370 2664 1566 2755 acceptavit
1589 2675 1625 2734 et
1647 2665 1807 2757 promisit
1824 2686 1864 2736 se

434 2761 551 2831 facere
574 2773 607 2831 et
635 2764 823 2854 complere.
849 2761 882 2830 ln
907 2763 1007 2852 cnjus
1032 2763 1079 2832 rei
1108 2762 1342 2831 testimonium
1364 2761 1518 2852 sigillum
1540 2772 1696 2832 nostrum
1719 2783 1864 2855 presen-

435 2858 528 2928 tibus
550 2859 717 2929 duximus
736 2860 999 2952 apponendum.
1022 2860 1161 2944 Datum,
1184 2871 1251 2930 eto.

433 3073 466 3134 5.
491 3070 626 3137 Forma
639 3072 762 3136 littere
778 3074 821 3136 de
835 3074 1040 3153 penitentia
1060 3074 1260 3137 arbitraria
1274 3074 1314 3136 in
1329 3089 1496 3136 sermone
1518 3073 1665 3152 publico
1689 3073 1864 3154 imposita

451 3195 516 3243 seu
532 3180 702 3260 injuncta
720 3182 763 3245 de
777 3181 1141 3261 peregrinationibus
1155 3180 1334 3244 iaciendis
1351 3181 1428 3243 sive
1445 3180 1617 3244 crucibus
1633 3181 1839 3261 portandis.

480 3368 661 3440 Universis
671 3369 795 3441 Christi
812 3369 974 3440 hdelibns
992 3381 1113 3440 tenore
1128 3371 1341 3463 presentium
1361 3380 1480 3442 notum
1503 3368 1562 3440 fiat
1582 3371 1676 3463 quod
1698 3392 1762 3441 uos
1783 3371 1861 3442 talis

431 3467 490 3551 Ν.,
513 3467 699 3559 inquisitor
725 3467 878 3538 heretice
904 3469 1086 3561 pravitatis
1113 3469 1147 3537 in
1174 3490 1282 3560 regno
1306 3468 1450 3538 Francie
1471 3490 1532 3560 per
1551 3469 1672 3539 sedem
1690 3469 1859 3563 apostoli-

432 3586 507 3636 cam
539 3566 747 3657 depntatus,
771 3567 935 3656 quoniam
967 3587 1027 3657 per
1055 3567 1315 3658 inquisitionem
1343 3587 1413 3657 qne
1436 3564 1475 3634 lit
1501 3567 1711 3658 generaliter
1739 3577 1861 3638 contra

432 3666 557 3733 omnes¹
577 3663 723 3734 inlectos
742 3662 896 3734 heretica
922 3662 1095 3756 pravitate
1112 3665 1334 3749 invenimus,
1361 3676 1395 3734 et
1416 3685 1477 3757 per
1505 3664 1759 3735 contessionem
1782 3665 1860 3735 talis

431 3760 474 3830 N.
497 3760 542 3830 de
564 3760 622 3852 tali
644 3760 740 3843 loco,
764 3760 842 3829 talis
861 3761 1036 3855 dyocesis,
1060 3763 1184 3831 factam
1207 3763 1241 3832 in
1262 3762 1405 3851 juditio,
1423 3761 1577 3851 legitime
1600 3763 1702 3833 nobis
1723 3773 1860 3832 constat

432 3858 528 3951 quod
546 3858 660 3928 dictus
678 3857 756 3927 talis
770 3858 811 3926 N.
831 3859 962 3951 recepit
982 3859 1016 3928 in
1034 3860 1139 3931 domo
1156 3881 1219 3929 sua
1238 3860 1292 3929 bis
1310 3858 1366 3930 vel
1390 3871 1454 3945 ter,
1475 3870 1510 3929 et
1529 3859 1632 3944 vidit,
1650 3869 1685 3929 et
1701 3858 1860 3929 visitavit

432 3955 515 4026 alibi
547 3956 583 4025 in
609 3955 769 4048 pluribus
796 3956 880 4026 locis
906 3978 968 4026 seu
995 3956 1159 4049 hospiciis
1185 3957 1270 4027 tales
1298 3955 1491 4042 hereticos,
1514 3957 1570 4027 vel
1601 3957 1686 4027 tales
1705 3957 1858 4026 Valden·

429 4074 505 4139 ses,
525 4067 593 4123 etc.
620 4052 677 4147 (In
700 4054 758 4123 illo
781 4052 1106 4146 commentatur
1123 4053 1230 4148 culpo
1248 4053 1340 4124 illios
1362 4049 1402 4149 [p
1420 4051 1467 4124 22
1487 4050 1519 4151 c]
1540 4061 1700 4125 retracto
1718 4053 1762 4123 dc
1780 4075 1859 4125 con-

429 4150 579 4244 fessione
606 4173 667 4221 seu
695 4173 863 4246 processu
890 4150 952 4221 sab
981 4151 1183 4244 compendio
1210 4151 1415 4244 st'opillolr'm
1426 4177 1442 4238 ,·
1467 4151 1523 4221 vel
1549 4175 1657 4223 causo
1686 4151 1859 4222 brentam

423 4250 555 4344 poterit
574 4248 698 4320 melios
715 4250 767 4321 ita
785 4249 914 4321 scribi:
932 4250 1087 4340 legitime
1105 4250 1207 4320 nobis
1226 4260 1362 4320 constat
1381 4249 1475 4341 quod
1498 4250 1574 4319 talis
1598 4251 1638 4320 N.
1664 4248 1855 4343 nonnulla,

427 4370 489 4420 seu
513 4348 641 4433 multa,
662 4349 836 4419 commisit
855 4350 891 4417 in
912 4349 1022 4432 lacto,
1044 4368 1105 4417 seu
1128 4348 1161 4416 in
1182 4349 1327 4419 crimine
1347 4346 1494 4428 heresis,
1518 4347 1550 4416 in
1568 4349 1722 4417 favorem
1753 4348 1854 4417 inex·

426 4445 618 4522 cusabilem
649 4445 882 4517 hereticorum
912 4445 1159 4518 Valdensium.
1185 4446 1240 4516 vel
1269 4446 1347 4514 talis
1373 4460 1467 4515 secte
1487 4445 1628 4537 (poterii
1656 4442 1853 4539 exprintt);

427 4545 483 4614 vel
499 4543 578 4616 sic:
600 4543 634 4612 in
657 4544 811 4614 savorem
834 4543 987 4613 heretice
1015 4544 1196 4635 pravitatis
1220 4564 1289 4634 que
1313 4543 1346 4611 in
1372 4543 1593 4613 consessione
1616 4564 1678 4612 sua
1709 4544 1797 4612 lacta
1818 4541 1854 4611 in

422 4642 552 4732 juditio
588 4641 724 4734 plenius
752 4638 1009 4733 continentur.)
1033 4640 1163 4711 ldcirco
1191 4661 1255 4710 nos
1284 4642 1437 4732 prelatus
1461 4640 1663 4732 inquisitor,
1687 4659 1853 4709 unacum

426 4739 591 4830 religioso
613 4740 691 4809 viro
711 4740 769 4808 tali
790 4740 831 4809 N.
854 4739 1104 4830 coioqnisitore
1129 4750 1162 4808 et
1188 4739 1321 4827 collega
1350 4749 1469 4808 nostro
1496 4751 1531 4808 et
1557 4760 1636 4809 cnm
1664 4736 1853 4807 venerabi·

425 4834 517 4907 libus
536 4857 579 4909 ac
599 4837 759 4908 discretis
780 4837 864 4907 viris
885 4837 1012 4906 talibus
1032 4837 1072 4909 N.
1093 4847 1128 4903 et
1146 4836 1186 4904 N.
1209 4835 1458 4906 commissoriis
1483 4837 1518 4905 in
1541 4836 1608 4907 hac
1633 4846 1730 4929 parte
1754 4834 1853 4904 dele-

424 4934 514 5025 gatis
538 4933 722 5006 reverendi
748 4934 782 5003 in
806 4933 941 5004 Christo
969 4934 1075 5027 patris
1099 4934 1159 5003 Dei
1185 4933 1295 5024 gratia
1325 4932 1477 5027 episcopi
1508 4934 1603 5019 talis,
1626 4933 1682 5003 vel
1708 4931 1852 5024 capituli

423 5031 509 5102 sede
535 5044 683 5103 vacante
709 5031 786 5101 talis
806 5030 1077 5125 (exportantur
1100 5031 1138 5100 io
1161 5030 1223 5101 isto
1243 5033 1313 5102 loco
1331 5030 1477 5103 oomt‘eo
1495 5030 1750 5126 sinpolorom),
1773 5051 1850 5122 pre·
