4612 6404
431 621 501 689 sta
715 630 877 685 emerim
903 629 1143 696 momsrrmms
1169 628 1334 682 nnnmrcrr
1360 627 1575 681 rnxvrrirrs.

429 794 573 874 cialem,
602 802 636 860 et
655 791 769 881 quoad
792 788 894 856 ritum
926 789 1071 858 vivendi
1103 787 1260 878 ejusdem
1286 786 1503 878 singularem
1529 806 1549 855 a
1576 787 1760 856 communi
1779 805 1873 856 con··

430 891 628 961 versatione
648 901 683 956 et
702 887 772 955 vita
802 884 957 955 fidelium
992 886 1242 972 dissidentem,
1264 896 1298 954 et
1317 884 1433 976 quoad
1457 884 1574 954 omnia
1600 895 1636 953 et
1663 883 1806 973 singola
1834 883 1872 952 in

430 989 556 1080 quibus
576 1008 595 1055 a
615 1005 697 1053 sana
716 985 874 1053 doctrina
897 978 938 1078 [l0
959 983 1026 1050 l90
1048 979 1081 1079 c]
1100 995 1134 1052 et
1153 1004 1172 1050 a
1195 994 1365 1074 potestate
1387 982 1541 1050 clavium
1560 980 1715 1050 Ecclesie
1732 992 1767 1050 et
1788 1001 1872 1072 pre-

432 1087 577 1155 latorum
602 1084 678 1172 ejus
699 1083 733 1148 in
757 1082 875 1171 aliquo
896 1080 1016 1150 deviat
1035 1092 1096 1149 aut
1112 1081 1310 1164 discordat,
1338 1101 1443 1171 quem
1471 1079 1632 1148 ordinem
1653 1078 1871 1168 jamdudum

432 1204 492 1273 per
519 1192 567 1250 tot
593 1200 704 1248 annos
730 1179 824 1248 tenni
852 1190 887 1246 et
910 1177 1076 1263 servavi,
1107 1189 1141 1246 et
1166 1199 1245 1246 cum
1266 1177 1499 1247 sectatoribus
1519 1189 1553 1244 et
1573 1176 1872 1245 observatoribus

431 1279 587 1368 ejusdem
610 1276 743 1345 ordinis
759 1287 989 1345 conversatus
1010 1277 1071 1357 lui,
1091 1297 1195 1366 quam
1217 1287 1346 1344 sectam
1365 1286 1520 1365 atquem
1539 1273 1701 1343 ordinem
1720 1274 1871 1364 quidam

432 1376 572 1448 nomine
591 1374 768 1444 Gerardus
787 1372 952 1461 Segarelli
975 1373 1018 1441 de
1037 1372 1158 1441 Parma
1184 1372 1410 1441 adinvenisse
1428 1372 1557 1440 dicitur
1585 1382 1619 1441 et
1640 1373 1776 1462 primns
1798 1371 1872 1441 ini-

429 1476 538 1544 ciator
556 1471 632 1565 ejus
654 1472 783 1551 luisse,
802 1470 1022 1560 eandemque
1041 1480 1171 1539 sectam
1194 1481 1229 1539 et
1249 1469 1409 1539 ordinem
1428 1469 1518 1538 alter
1533 1469 1678 1559 quidam
1696 1468 1872 1539 Dulcibus

431 1571 593 1652 nomine,
612 1568 837 1637 Novariensis
858 1570 1008 1657 origine.
1032 1579 1109 1657 post
1129 1568 1258 1636 dictum
1275 1566 1468 1636 Gerardum
1487 1566 1654 1657 Segarelli
1676 1587 1755 1635 curn
1778 1568 1871 1636 mul·

433 1669 476 1738 tis
496 1667 708 1758 sequacibus
733 1665 860 1734 dicitur
885 1664 1038 1735 tenuisse
1056 1678 1090 1734 et
1114 1664 1336 1749 defendisse,
1363 1685 1466 1754 quem
1488 1663 1682 1733 Gerardum
1704 1675 1739 1733 et
1758 1686 1869 1756 quem

430 1766 613 1834 Dulciuum
635 1785 676 1831 ac
695 1763 799 1831 etiam
820 1762 1008 1831 nonnullos
1029 1762 1217 1853 complices
1237 1762 1442 1831 eorumdem
1466 1772 1501 1829 et
1524 1760 1607 1829 dicti
1629 1762 1766 1830 ordinis
1786 1784 1871 1834 sec-

431 1875 561 1932 tatores
581 1860 704 1929 audivi
731 1860 951 1949 postmodum
974 1861 1081 1928 luisse
1107 1859 1383 1952 condempnatos
1411 1871 1576 1949 tanquam
1601 1859 1778 1932 hereticos
1803 1883 1872 1953 per

427 1960 594 2050 juditium
627 1958 837 2049 prelatorum
866 1970 900 2025 et
928 1956 1172 2048 inquisitorum
1201 1956 1354 2026 heretice
1384 1956 1586 2047 pravitatis,
1618 1957 1873 2050 predictosque

430 2057 537 2128 credo
563 2069 596 2125 et
618 2066 739 2146 reputo
763 2055 870 2124 luisse
885 2055 980 2142 juste
1001 2066 1164 2146 tanquam
1187 2054 1360 2124 hereticos
1382 2054 1660 2146 condempnatos
1680 2066 1716 2124 et
1735 2055 1869 2149 damp-

430 2168 544 2225 natos
567 2155 666 2236 ltem,
687 2152 792 2222 corde
812 2152 918 2221 credo
939 2163 973 2220 et
988 2174 1049 2222 ore
1068 2151 1237 2222 confiteor
1253 2173 1331 2222 esse
1353 2173 1456 2221 unam
1478 2163 1633 2220 sanctam
1655 2151 1870 2224 catholicam

430 2252 633 2330 Ecclesiam,
645 2250 700 2319 cui
718 2250 752 2318 iu
770 2252 923 2341 presenti
940 2250 1094 2341 presidet
1108 2261 1272 2341 tanquam
1289 2250 1443 2319 vicarius
1460 2249 1597 2319 Domini
1614 2249 1720 2320 lbesu
1736 2248 1871 2322 Christi

430 2349 671 2420 sanctissimus
697 2357 795 2439 pater
821 2346 984 2416 dominus
1001 2348 1176 2418 lohannes
1205 2368 1291 2439 papa
1316 2347 1429 2434 XXll,
1459 2359 1560 2416 extra
1590 2351 1691 2435 cnjus
1711 2347 1872 2421 Ecclesie

431 2446 535 2517 fidem
556 2458 591 2516 et
616 2445 853 2516 obedientiam
884 2458 1028 2514 nonest
1055 2448 1162 2514 salus,
1191 2446 1296 2530 ltem,
1320 2446 1444 2534 abjuro
1463 2455 1497 2513 et
1523 2467 1652 2515 revoco
1679 2447 1799 2515 omnia
1832 2459 1871 2518 et

430 2544 568 2635 singula
587 2544 645 2611 illa
668 2564 738 2634 que
756 2542 829 2610 dixi
849 2554 884 2611 et
902 2547 1037 2612 asserui
1053 2544 1186 2612 dudum
1208 2544 1241 2611 in
1259 2543 1388 2630 juditio
1410 2544 1443 2612 in
1465 2543 1594 2632 quibus
1614 2542 1744 2634 aliquis
1765 2565 1871 2616 error

430 2655 491 2713 aut
507 2643 624 2733 aliqua
646 2642 730 2709 l'alsa
751 2639 869 2731 opinio
889 2652 948 2708 aut
967 2641 1124 2712 doctrina
1145 2661 1292 2710 erronea
1314 2662 1392 2710 esse
1413 2644 1638 2730 cognoscitur
1657 2652 1719 2709 aut
1738 2641 1871 2733 depre-

430 2739 597 2810 henditur·
616 2760 758 2829 quoquo
786 2736 915 2821 modo,
942 2750 977 2806 et
995 2739 1193 2831 specialiter
1220 2752 1254 2807 et
1278 2759 1449 2829 expresse
1476 2760 1605 2808 revoco
1628 2752 1663 2808 et
1682 2738 1808 2826 abjuro
1833 2741 1870 2810 id

431 2836 525 2930 quod
547 2838 704 2906 dixeram
723 2858 777 2904 me
792 2836 935 2905 credere
951 2847 984 2904 et
1000 2849 1120 2906 tenere
1140 2837 1270 2905 dictum
1291 2835 1454 2905 ordinem
1471 2836 1870 2928 Pseudo-apostolorum

431 2935 659 3006 essebonum
681 2945 714 3002 et
739 2932 833 3024 qnod
855 2933 903 3001 illi
930 2936 990 3024 qui
1013 2946 1132 3003 tenent
1151 2934 1283 3003 dictum
1309 2934 1494 3018 ordinem,
1515 2955 1619 3024 quem
1647 2935 1743 3027 prius
1763 2936 1870 3006 audi-

433 3053 551 3102 veram
585 3053 653 3100 non
686 3032 793 3099 luisse
826 3051 886 3121 per
919 3031 1039 3099 sedem
1069 3032 1297 3124 apostolicam
1338 3031 1593 3123 approbatum,
1626 3033 1711 3123 quin
1744 3035 1871 3124 pocius

434 3125 475 3225 [l0
502 3128 569 3196 l90
590 3125 626 3224 d]
650 3127 894 3218 reprobatum,
926 3139 1067 3219 possent
1094 3129 1221 3197 salvari
1253 3128 1408 3198 tenendo
1437 3129 1573 3220 ipsum,
1603 3130 1631 3199 si
1654 3142 1769 3199 tamen
1796 3153 1870 3202 non

433 3229 563 3296 laceret
579 3239 717 3316 peccata
734 3226 801 3293 alia
821 3236 940 3293 contra
960 3227 1121 3294 mandata
1143 3226 1217 3294 Dei.
1241 3226 1340 3309 ltem,
1364 3226 1398 3295 id
1416 3228 1511 3318 quod
1533 3227 1692 3297 dixeram
1714 3250 1770 3297 me
1790 3251 1871 3299 cre-

432 3325 518 3394 dere
541 3324 636 3413 quod
660 3342 745 3412 propa
776 3343 940 3392 romanus
960 3335 995 3392 et
1016 3324 1137 3414 prelati
1170 3322 1324 3392 Ecclesia
1349 3336 1383 3392 et
1405 3324 1556 3414 religiosi
1578 3338 1613 3394 et
1641 3326 1871 3416 inquisitores

434 3420 587 3490 heretice
617 3420 798 3513 pravitatis
826 3422 1016 3510 peccabant
1040 3433 1074 3489 et
1104 3421 1279 3490 faciebam
1307 3421 1435 3510 injuste
1460 3424 1706 3513 persequendo
1732 3425 1870 3494 dictum

433 3508 591 3590 ordinem
604 3532 638 3586 et
652 3519 897 3588 observatores
913 3519 1085 3610 ejusdem.
1100 3520 1197 3602 ltem,
1215 3519 1248 3586 id
1265 3519 1358 3609 quod
1376 3520 1534 3589 dixeram
1549 3541 1603 3590 me
1615 3522 1892 3612 crederequod·

433 3617 607 3687 sententia
628 3616 1002 3686 excommunicationis
1022 3616 1088 3684 lata
1111 3638 1172 3708 per
1189 3638 1370 3684 romanum
1390 3610 1587 3707 pontificem
1607 3633 1667 3687 aut
1688 3640 1748 3709 per
1765 3640 1873 3712 apos-

436 3715 573 3786 tolicam
593 3715 712 3784 sedem
732 3713 786 3782 vel
806 3734 867 3803 per·
883 3715 1033 3805 prelatos
1056 3714 1209 3784 Ecclesia
1229 3725 1348 3783 contra
1368 3714 1599 3784 observantes
1620 3717 1750 3784 dictum
1773 3719 1872 3787 ordi·

434 3834 513 3882 nem
535 3833 603 3880 non
630 3812 758 3901 ligabat
778 3811 934 3880 eosdem.
957 3813 1055 3889 ltem,
1087 3813 1120 3880 id
1148 3812 1241 3902 qnod
1264 3812 1422 3880 dixeram
1450 3814 1543 3901 quod
1566 3836 1634 3881 non
1663 3815 1870 3904 reputabam

435 3931 490 3978 me
518 3931 596 3979 esse
622 3912 964 3979 excommunicatum
994 3908 1145 3979 tenendo
1170 3910 1296 3978 dictam
1323 3921 1452 3978 sectam
1474 3923 1508 3979 et
1528 3912 1658 3979 dictum
1689 3912 1871 4006 ordinem,

395 4063 397 4067 .
434 4007 595 4099 quamvis
615 4007 830 4075 audivissem
853 4008 920 4076 dici
938 4020 972 4076 et
989 4008 1169 4076 crederem
1192 4009 1237 4074 ita
1258 4008 1448 4097 essequod
1470 4030 1592 4078 omnes
1615 4019 1773 4079 tenentes
1793 4011 1871 4080 dic·

436 4105 788 4174 tumordinemerant
803 4106 1095 4174 excommunicati
1118 4126 1178 4195 pcr
1195 4105 1397 4173 Ecclesiam.
1420 4105 1518 4191 ltem,
1538 4107 1571 4173 id
1593 4108 1687 4197 quod
1705 4106 1869 4177 dixeram

435 4203 551 4294 quod,
589 4203 731 4293 quando
762 4215 947 4294 paupertas
978 4203 1042 4270 luit
1071 4214 1201 4271 mutata
1230 4214 1265 4270 ct
1291 4203 1429 4270 sublata
1457 4203 1501 4271 ab
1527 4203 1680 4273 Ecclesia
1712 4217 1873 4296 tempore

433 4300 544 4370 sancti
571 4299 750 4382 Silvestri,
782 4301 854 4369 vite
882 4301 1049 4369 sanctitas
1077 4300 1139 4368 luit
1164 4300 1278 4369 ablata
1308 4312 1342 4369 et
1370 4302 1545 4370 subtracta
1573 4303 1618 4370 ab
1650 4301 1802 4371 Ecclesia
1835 4317 1873 4374 et

434 4398 606 4491 dyabolus
640 4398 782 4467 intravit
819 4400 852 4465 in
884 4399 998 4467 socios
1024 4401 1135 4467 sancti
1162 4397 1321 4467 Silvestri
1349 4409 1384 4466 et
1410 4410 1528 4490 postea
1564 4400 1596 4466 in
1640 4399 1732 4468 huuc
1763 4422 1871 4469 mnn-

433 4497 531 4566 dum.
549 4497 648 4576 ltem,
664 4496 695 4564 id
712 4496 805 4586 quod
823 4497 982 4565 dixeram
1002 4497 1097 4586 quod
1119 4516 1204 4586 papa
1224 4516 1387 4565 romanus
1407 4509 1467 4563 aut
1487 4497 1609 4587 prelati
1626 4497 1778 4567 Ecclesie
1797 4520 1870 4569 uon

436 4606 582 4687 possunt
604 4598 699 4682 juste
720 4593 905 4685 prohibere
927 4615 987 4684 per
1007 4594 1216 4663 sententiam
1238 4594 1611 4663 excommunicationis
1632 4596 1727 4685 qnod
1750 4596 1873 4668 nullus

435 4693 566 4762 dictum
588 4694 746 4761 ordinem
771 4704 887 4761 teneat
905 4704 939 4760 et
960 4692 1124 4761 observet
1144 4704 1179 4760 et
1201 4692 1295 4782 qood
1319 4693 1375 4760 tali
1400 4692 1626 4782 prohibitioni
1646 4705 1706 4759 aut
1723 4704 1872 4763 seuten-

436 4790 482 4859 tie
497 4812 564 4860 uon
585 4802 638 4859 ost
656 4790 908 4860 obediendum.
925 4789 1024 4871 ltem,
1042 4790 1077 4858 id
1089 4789 1183 4880 quod
1201 4790 1359 4858 dixeram
1379 4811 1456 4859 esse
1475 4789 1649 4880 duplicem
1663 4790 1868 4872 ecclesiam,

435 4887 601 4957 videlicet
619 4888 835 4980 spiritualem
855 4908 925 4978 que
941 4901 994 4958 est
1009 4888 1043 4954 in
1060 4875 1262 4957 homiuibus
1281 4889 1340 4977 qni
1363 4887 1488 4955 vivunt
1507 4887 1542 4955 in
1564 4898 1769 4978 paupertate
1789 4909 1873 4980 per-

435 4985 523 5060 lecta
539 4995 573 5054 et
592 4986 627 5053 in
648 4985 847 5054 obedientia
867 4985 1037 5078 spirituali
1057 4986 1102 5054 ad
1118 4985 1226 5054 Deum
1247 4984 1360 5052 solnm
1379 4996 1412 5052 et
1432 5006 1498 5053 non
1520 4985 1564 5053 ad
1580 4984 1732 5075 aliquem
1753 4984 1874 5055 homi-
