4574 6404
953 676 1105 730 SECUNDA
1131 676 1227 728 rane.
1766 664 1811 732 77

376 842 410 902 et
425 832 720 922 preceptoriarum
740 852 804 902 seu
821 832 1078 904 administratio
1099 833 1249 925 pertinet
1267 842 1328 900 aut
1348 831 1523 923 pertinere
1544 837 1672 924 poterit
1691 839 1728 905 in
1749 839 1805 907 lu·

377 941 516 1015 turum,
546 930 711 1018 quatinus
739 932 936 1001 venerabili
962 943 996 1002 et
1025 932 1190 1021 religioso
1216 928 1292 999 viro
1320 930 1428 1020 priori
1454 930 1601 1020 predicti
1630 933 1809 1025 prioratus

375 1026 532 1115 ejusdem
561 1025 695 1096 ordinis
720 1026 907 1121 Hospitalis
935 1030 989 1098 vel
1021 1029 1097 1119 ejus
1127 1029 1240 1098 locum
1262 1026 1394 1096 tenenti
1421 1038 1456 1095 et
1480 1027 1636 1120 ipsorum
1661 1032 1809 1104 cuilibet

375 1124 465 1194 circa
492 1123 690 1193 faciendum
720 1124 804 1218 ipsis
835 1127 895 1196 tali
922 1126 964 1194 N.
997 1138 1032 1196 et
1061 1126 1121 1195 tali
1144 1126 1185 1195 N.
1216 1124 1385 1193 militibus
1412 1135 1448 1194 et
1478 1145 1600 1197 eorum
1632 1122 1674 1223 [ll
1702 1126 1740 1197 ll
1774 1125 1807 1227 c]

375 1220 519 1291 cuilibet
546 1220 591 1290 de
619 1221 721 1292 dictis
746 1224 1001 1314 quantitatibus
1021 1223 1276 1295 Turonensium
1300 1222 1435 1313 argenti
1465 1243 1528 1313 per
1547 1245 1612 1295 nos
1632 1225 1699 1296 sibi
1720 1228 1809 1298 assi-

375 1322 489 1411 gnatis
520 1319 732 1390 solutionem
763 1321 935 1412 integram
960 1323 1065 1412 annis
1091 1321 1240 1412 singulis
1269 1320 1304 1389 in
1336 1320 1412 1389 loco
1443 1331 1478 1390 et
1510 1323 1669 1393 terminis
1702 1346 1809 1418 supra

375 1418 513 1509 scriptis
554 1427 589 1486 et
627 1417 833 1501 obediant,
876 1430 1022 1513 pareant
1067 1417 1255 1489 efficaciter
1293 1428 1329 1488 et
1366 1417 1579 1506 intendant;
1624 1442 1809 1495 monemus

375 1515 478 1584 etiam
515 1515 736 1606 supradictos
772 1516 925 1609 priorem
958 1529 994 1587 et
1030 1519 1106 1607 ejus
1146 1517 1259 1586 locum
1296 1524 1473 1584 tenentem
1515 1526 1553 1585 nt
1586 1519 1720 1588 eisdem
1749 1521 1808 1590 tali

374 1611 414 1683 N.
437 1624 472 1682 et
493 1613 552 1681 tali
571 1612 613 1681 N.
637 1613 694 1684 vel
716 1616 940 1707 procuratori
963 1637 1085 1686 eorum
1111 1615 1156 1686 de
1182 1613 1285 1683 dictis
1306 1613 1552 1704 peccuniarum
1577 1617 1725 1686 summis
1745 1640 1808 1710 pro
1853 1655 1854 1659 ¹

375 1712 533 1781 terminis
552 1721 588 1780 et
610 1711 845 1782 solutionibus
862 1714 1092 1806 supradictis,
1114 1711 1280 1782 videlicet
1297 1730 1421 1780 eorum
1441 1711 1608 1801 quilibet,
1630 1726 1737 1806 prout
1761 1716 1808 1786 ad

375 1807 488 1900 ipsum
511 1808 662 1900 pertinet
688 1821 749 1879 aut
776 1814 904 1902 poterit
922 1812 1009 1881 alias
1029 1811 1205 1903 pertinere
1221 1861 1230 1894 ,
1248 1809 1353 1898 juxta
1380 1808 1632 1880 continentiam
1659 1813 1808 1904 preliba-

378 1917 446 1976 tam
473 1906 631 1996 integre,
659 1928 746 1999 pure
772 1919 807 1977 et
829 1909 939 1979 libere
960 1909 1176 1979 satisfaciant
1203 1916 1237 1975 et
1263 1926 1325 1997 per
1351 1905 1418 1974 sibi
1440 1906 1601 1978 subditos
1620 1923 1809 2001 procurent

375 2001 536 2074 satisfieri
569 2017 605 2074 et
633 2004 715 2076 huic
743 2017 862 2076 nostre
892 2006 1122 2098 assignationi
1153 2015 1188 2074 et
1216 2003 1380 2074 omnibus
1407 2003 1485 2073 aliis
1514 2007 1643 2076 nostris
1672 2010 1708 2077 in
1743 2009 1808 2080 hac

375 2113 473 2192 parte
492 2102 666 2172 mandatis
686 2103 794 2174 immo
813 2104 932 2175 verius
952 2103 1152 2197 apostolicis
1172 2100 1361 2173 efficaciter
1379 2114 1525 2193 pareant
1544 2115 1580 2172 et
1599 2104 1804 2194 intendant;

374 2198 575 2271 inhibentes
595 2199 844 2273 nichilominus
864 2202 957 2273 dicto
978 2201 1084 2294 priori
1104 2222 1145 2271 ac
1168 2201 1244 2290 ejus
1264 2199 1378 2269 locum
1402 2201 1548 2286 tenenti,
1573 2223 1710 2273 necnon
1731 2225 1807 2274 om·

375 2298 478 2368 nibus
498 2309 534 2369 et
551 2298 700 2387 singulis
722 2301 1006 2393 preceptoribus,
1028 2296 1395 2382 administratoribus,
1416 2297 1649 2386 custodibus,
1672 2313 1708 2371 et
1732 2324 1808 2394 per·

374 2395 470 2466 sonis
496 2396 575 2466 aliis
600 2397 684 2466 dicti
713 2397 888 2491 prioratus
914 2397 1125 2490 supradictis
1153 2416 1195 2466 ac
1220 2397 1347 2465 ceteris
1370 2393 1598 2486 quibuslibet·
1611 2418 1702 2489 quos
1728 2421 1807 2491 pre-

375 2491 466 2563 dicta
491 2505 635 2585 tangere
662 2504 830 2588 possunt,
856 2496 1033 2567 nedictus
1060 2494 1163 2564 talem
1191 2493 1233 2561 N.
1256 2502 1291 2563 et
1316 2493 1419 2562 talem
1438 2491 1480 2561 N.
1503 2496 1692 2585 quominus
1716 2498 1806 2568 lacta

307 2656 311 2662 .
374 2611 435 2682 per
454 2613 519 2662 nos
539 2592 606 2662 sihi
636 2594 875 2684 assignatione
902 2593 1060 2687 predicta
1087 2595 1122 2660 in
1144 2592 1245 2662 bonis
1271 2590 1433 2681 superius
1453 2593 1668 2683 expressatis
1696 2595 1807 2667 libere

376 2690 510 2780 possint
536 2712 599 2783 pro
627 2692 786 2762 terminis
812 2703 848 2761 et
874 2691 1111 2762 solutionibus
1138 2700 1220 2759 ante
1246 2688 1349 2758 dictis
1375 2688 1553 2778 gaudere,
1584 2691 1724 2783 publice
1749 2695 1805 2764 vel

374 2789 508 2859 occulte
536 2810 597 2881 per
621 2810 660 2859 se
680 2790 738 2862 vel
768 2789 875 2858 alium
896 2789 1088 2882 impedire,
1117 2800 1178 2858 aut
1201 2787 1288 2855 alias
1313 2797 1435 2855 contra
1460 2785 1662 2876 hujusmodi
1688 2793 1806 2883 provi-

373 2885 529 2974 sionem,
552 2887 827 2978 assignationem
850 2897 885 2957 et
908 2888 1000 2958 hanc
1023 2886 1281 2957 ordinationem
1303 2893 1457 2953 nostram
1487 2880 1528 2981 [ἕο
1549 2882 1587 2953 tt
1614 2883 1676 3055 dp,
1698 2889 1806 2960 immo

373 2983 492 3053 verius
519 2987 774 3077 apostolicam,
806 2988 930 3055 venire
956 2993 1176 3077 presumant3
1205 2981 1300 3074 quod
1332 2981 1362 3051 si
1389 2984 1601 3053 contrarium
1647 2987 1802 3075 ecerint,

373 3093 407 3150 et
425 3082 699 3175 impedimenta,
722 3095 784 3154 aut
803 3083 960 3174 quelibet
979 3083 1047 3153 alia
1068 3102 1138 3173 que
1163 3092 1287 3150 contra
1314 3079 1381 3149 hoc
1400 3101 1462 3171 per
1488 3103 1549 3152 eos
1569 3093 1631 3152 aut
1648 3083 1804 3175 ipsorum

372 3180 585 3270 quemlibet,
616 3182 673 3252 vel
702 3182 747 3251 de
771 3202 893 3251 eorum
918 3193 978 3251 aut
1005 3179 1162 3270 cujusvis
1190 3200 1235 3249 ex
1264 3177 1348 3270 ipsis
1380 3180 1545 3250 mandato
1572 3180 1720 3253 consilio
1746 3185 1805 3255 vel

371 3296 517 3348 assensu
542 3280 576 3348 in
604 3279 777 3350 dictorum
800 3279 876 3350 talis
894 3279 937 3350 N.
962 3291 998 3350 et
1015 3279 1093 3347 talis
1112 3278 1154 3347 N.
1178 3274 1409 3368 prejudicium
1428 3288 1633 3370 attemptata
1656 3280 1803 3365 luerint,

372 3375 438 3444 nisi
473 3377 561 3447 inira
596 3399 661 3447 sex
693 3378 769 3448 dies
802 3397 821 3446 a
849 3377 1023 3448 dictorum
1056 3385 1341 3467 attemptatorum
1377 3385 1534 3468 tempore
1567 3379 1804 3450 numerandos

371 3493 520 3563 quornm
548 3476 637 3546 duos
663 3497 725 3568 pro
749 3475 883 3568 primo,
907 3475 1060 3566 reliquos
1085 3473 1174 3543 dnos
1204 3492 1266 3564 pro
1290 3472 1469 3561 secundo,
1492 3493 1533 3543 ac
1552 3473 1641 3544 dnos
1662 3475 1803 3548 ultimos

372 3591 434 3661 pro
454 3577 584 3660 tercio,
610 3583 646 3644 et
671 3574 907 3667 peremptorio
928 3573 1077 3644 termino
1101 3582 1136 3641 et
1164 3568 1356 3640 monitione
1375 3573 1544 3643 canonica
1570 3571 1655 3664 ipsis
1682 3585 1717 3643 et
1742 3595 1803 3645 eo-

371 3688 447 3738 rum
481 3672 630 3762 singulis
664 3672 909 3762 assignamus,
942 3692 1012 3742 non
1041 3667 1288 3739 revocaverint
1315 3687 1394 3736 cum
1424 3671 1574 3755 effectu,
1606 3670 1663 3741 vel
1693 3670 1722 3741 si
1757 3672 1803 3743 de

371 3766 462 3837 dicta
489 3771 659 3861 peccunie
689 3791 826 3840 summa
857 3769 1035 3839 maliciose
1065 3765 1307 3837 recusaverint
1334 3764 1391 3834 vel
1428 3768 1628 3840 distulerint
1653 3769 1802 3859 singulis

370 3866 472 3935 annis
491 3866 568 3937 loco
588 3879 623 3938 et
651 3867 829 3956 terminis,
852 3879 890 3937 ut
909 3866 1126 3960 predicitur,
1153 3863 1356 3934 satisfacere
1376 3865 1608 3959 supradictis,
1633 3877 1693 3936 aut
1715 3866 1802 3938 alias

370 3966 636 4055 quoquomodo
660 3987 699 4035 se
721 3986 901 4057 opponere
928 3963 1225 4058 presumpserint,
1247 3972 1368 4030 contra
1389 3963 1453 4034 hec
1473 3987 1535 4057 per
1555 3985 1638 4047 nos,
1666 3975 1702 4032 ot
1724 3987 1801 4055 pre-

371 4065 540 4146 mittitur,
562 4064 744 4147 ordinata,
767 4062 823 4132 vel
845 4083 884 4131 se
910 4061 1170 4156 opponentibus
1195 4059 1359 4129 dederint
1385 4082 1511 4154 opem,
1533 4061 1719 4130 consilium
1745 4065 1801 4133 vel

369 4160 547 4245 favorem,
569 4183 728 4231 exnunc
749 4171 851 4253 prout
870 4184 915 4231 ex
936 4173 1018 4231 tunc
1038 4161 1073 4228 in
1096 4160 1191 4252 ipsos
1211 4169 1247 4228 et
1272 4157 1427 4251 ipsorum
1450 4159 1645 4251 quemlibet
1664 4159 1699 4235 in
1720 4182 1800 4250 pre-

370 4257 471 4328 dictis
503 4270 686 4330 eteorum
718 4259 879 4350 quolibet
909 4259 1102 4352 culpabiles
1134 4257 1263 4326 luerint
1292 4267 1328 4325 et
1354 4257 1438 4349 ipsis
1474 4256 1711 4343 adherentes,
1742 4271 1803 4328 aut

369 4357 576 4443 consilium,
604 4358 784 4443 levorem,
814 4357 871 4426 vel
892 4378 1075 4427 assensum
1100 4366 1220 4426 contra
1247 4353 1458 4427 monitiones
1483 4368 1518 4426 et
1542 4355 1801 4426 ordinationem

370 4464 507 4524 nostras
534 4456 734 4547 predictas,
762 4477 826 4547 per
854 4476 893 4525 se
919 4455 977 4526 vel
1007 4477 1070 4549 per
1096 4454 1225 4538 alium,
1254 4451 1342 4520 olam
1372 4453 1429 4522 vel
1449 4454 1563 4546 palam
1586 4464 1799 4546 prestantes,

369 4552 768 4639 excommunicationis,
796 4554 832 4621 in
853 4552 1010 4623 ecclesiis
1030 4573 1116 4622 vero
1144 4552 1327 4621 domorum
1355 4559 1390 4620 et
1408 4553 1706 4644 preceptoriarum
1727 4574 1801 4620 om·
1850 4571 1853 4578 ·

369 4649 463 4719 nium
485 4664 520 4719 et
546 4651 776 4741 singularium
803 4671 891 4742 quas
909 4651 1024 4720 dictus
1050 4651 1145 4742 prior
1164 4649 1209 4717 ad
1235 4668 1377 4716 manum
1404 4660 1440 4718 et
1461 4650 1800 4721 administrationem

367 4767 466 4816 suam
487 4749 691 4818 immediate
711 4760 805 4818 tenet
823 4769 887 4818 seu
907 4770 976 4840 que
997 4744 1038 4844 [N
1065 4745 1109 4818 42
1130 4742 1163 4843 a]
1191 4747 1366 4839 pertinent
1384 4746 1429 4816 ad
1449 4749 1628 4833 eumdem,
1651 4770 1801 4839 quorum

366 4847 669 4917 administratores
697 4868 760 4917 seu
781 4859 1004 4940 preceptores
1026 4847 1118 4915 dicte
1141 4845 1319 4934 assignate
1347 4866 1408 4937 per
1427 4867 1490 4916 nos
1518 4846 1652 4917 eisdem
1680 4847 1737 4915 tali
1758 4847 1798 4914 N.

367 4955 401 5011 et
422 4938 509 5039 [tali]
531 4944 571 5012 N.
589 4967 705 5014 annue
726 4945 905 5038 pensionis
923 4946 1052 5015 solutio
1076 4942 1254 5013 maliciose
1277 4943 1335 5014 vel
1356 4943 1474 5037 aliqua
1500 4944 1568 5014 alia
1588 4945 1725 5015 ratione
1744 4944 1803 5014 do·

365 5053 489 5132 negata
516 5043 620 5112 fuerit
655 5043 708 5112 vel
741 5043 893 5128 tardata,
926 5043 1103 5112 interdicti
1130 5042 1322 5111 monitione
1351 5043 1563 5134 competenti
1594 5042 1797 5136 premissa,
