4574 6404
1028 656 1132 710 natur
1157 655 1252 708 raus,
1808 637 1859 709 it

424 834 458 894 et
488 820 629 891 duobus
659 818 784 888 diebus
812 817 998 887 dominicis
1026 817 1229 887 immediate
1258 814 1509 908 sequentihus,
1538 835 1687 906 quorum
1717 814 1853 885 dierum

423 917 615 1012 quemlihet
635 937 697 1009 pro
715 915 831 985 edicto
848 915 1027 986 citationis
1044 914 1305 1008 perhemptorie
1322 913 1564 1005 assignamus,
1584 925 1623 980 ut
1645 912 1702 980 tali
1720 913 1778 983 die
1794 913 1854 1005 qui

426 1015 621 1086 intitulatur
640 1014 718 1084 talis
738 1013 825 1095 hta,
848 1033 952 1104 quam
978 1013 1030 1082 eis
1058 1033 1121 1106 pro
1147 1012 1297 1082 termino
1323 1011 1583 1105 perhemptorio
1609 1009 1853 1100 assignamus,

425 1113 572 1185 Tholose
592 1112 626 1180 in
650 1110 797 1182 ecclesia
815 1109 933 1180 Sancti
952 1109 1137 1203 Stephani,
1161 1109 1391 1201 personaliter
1413 1109 1557 1179 veniant
1575 1119 1609 1178 et
1630 1107 1804 1194 intersint,
1826 1109 1856 1179 si

426 1210 603 1282 voluerint
628 1221 663 1278 et
681 1228 745 1277 sua
767 1207 970 1302 putaverint
996 1208 1185 1292 interesse,
1212 1207 1366 1277 audituri
1389 1206 1661 1278 declarationem
1688 1226 1751 1275 seu
1780 1228 1856 1298 pro-

427 1308 685 1378 nunciationem
709 1316 864 1375 nostram
889 1302 1112 1375 diffinitivam
1134 1305 1178 1375 de
1204 1305 1360 1397 predicto
1386 1304 1445 1373 tali
1471 1303 1636 1374 defunctu
1654 1325 1761 1395 snper
1784 1305 1853 1373 cri-

427 1406 519 1476 mine
540 1405 674 1474 heresis
695 1415 729 1474 et
750 1404 826 1492 ejus
850 1403 976 1487 bonis,
999 1416 1033 1473 et
1053 1403 1188 1473 faciatis
1209 1403 1253 1473 de
1273 1401 1427 1495 predicta
1449 1402 1614 1472 citatione
1635 1399 1709 1470 fieri
1738 1401 1856 1492 publi-

427 1525 501 1574 cum
535 1503 819 1572 instrumentum.
843 1500 885 1570 Et
909 1501 943 1569 in
972 1500 1112 1592 signum
1137 1522 1180 1570 ac
1207 1499 1443 1595 testimouium
1473 1499 1601 1591 recepti
1630 1508 1665 1568 et
1690 1501 1854 1590 completi

428 1623 487 1695 per
506 1622 570 1671 vos
593 1600 747 1669 mandati
768 1601 877 1670 nostri
904 1598 1057 1689 sigillum
1079 1611 1237 1669 vestrum
1265 1597 1484 1690 presentibus
1506 1597 1704 1690 apponatis.
1731 1597 1856 1667 Datum

428 1710 460 1771 et
478 1698 595 1790 sigillo
616 1713 736 1769 nostro
758 1696 947 1788 sigillatum
968 1695 1137 1782 Tholose,
1159 1707 1227 1767 etc.
1408 1691 1411 1696 ’

429 1927 487 1991 29.
512 1927 647 1990 Forma
662 1901 805 1989 citandi
819 1925 955 1988 liberos
975 1933 1011 1988 et
1034 1926 1188 1988 heredes
1210 1941 1253 1989 ac
1272 1925 1449 1988 bonorum
1470 1925 1678 1988 detentores
1699 1925 1856 2004 alicujus

468 2033 633 2100 defuncti
648 2035 689 2097 iu
711 2034 830 2096 heresi
853 2035 959 2112 citius
980 2048 1066 2096 ossa
1084 2032 1222 2097 fuerint
1243 2033 1476 2096 exhumanda
1496 2041 1532 2096 et
1553 2033 1800 2097 comburenda
1818 2041 1860 2097 ut

468 2149 569 2205 certa
584 2141 642 2204 die
658 2148 694 2203 et
707 2141 786 2204 loco
802 2141 972 2213 veniant,
990 2141 1022 2203 si
1035 2139 1238 2216 voluerint,
1255 2156 1365 2219 super
1379 2139 1447 2204 hoc
1462 2140 1694 2206 diffinitivam
1713 2149 1857 2205 senten·

468 2250 558 2312 tiam
575 2248 750 2311 audituri.

479 2460 532 2562 [1²⁰
560 2461 603 2533 tt
623 2460 657 2560 a]
679 2463 797 2534 Frater
816 2463 894 2534 Ber.
916 2462 1105 2548 (luidonis,
1127 2464 1205 2533 ord.
1227 2462 1381 2550 Predic.,
1404 2463 1605 2555 inquisitor,
1628 2476 1719 2548 etc,
1740 2464 1857 2556 capel-

431 2563 508 2634 lano
547 2562 621 2651 tali,
661 2571 728 2632 etc.
769 2603 815 2615 -
852 2560 936 2631 Cum
975 2582 1036 2655 per
1063 2561 1324 2653 inquisitionem
1355 2582 1396 2632 ac
1425 2582 1487 2653 per
1515 2571 1621 2632 testes
1647 2561 1682 2630 in
1708 2561 1858 2652 inquisi-

431 2661 524 2732 tione
552 2671 712 2754 receptos
757 2660 998 2729 invenerimus
1038 2657 1111 2749 (uel
1151 2659 1201 2731 sic
1238 2685 1249 2727 :
1289 2681 1367 2729 curn
1408 2659 1442 2728 in
1481 2659 1579 2729 libris
1621 2659 1858 2751 inquisitionis

429 2770 464 2828 et
495 2760 528 2827 in
559 2760 645 2828 actis
681 2757 830 2849 puhlicis
863 2753 1099 2849 inveniatur),
1135 2756 1230 2849 quod
1266 2755 1344 2827 talis
1384 2756 1571 2827 defunctus
1609 2756 1859 2849 parrochianus

429 2866 542 2926 vester
578 2857 660 2926 olim
697 2855 806 2926 multa
841 2854 1057 2926 commiserit
1087 2855 1122 2923 in
1155 2855 1245 2925 factu
1272 2854 1407 2926 heresis
1436 2855 1519 2924 dum
1553 2854 1718 2942 vivebat,
1752 2877 1860 2949 super

430 2953 557 3046 quibus
578 2953 787 3045 posmodum
807 2953 903 3024 citati
927 2953 1057 3022 luerint
1077 2952 1193 3039 liberi,
1212 2964 1246 3023 et
1265 2952 1430 3039 heredes,
1452 2974 1492 3024 ac
1511 2954 1683 3023 bonorum
1700 2954 1861 3024 detento-

428 3072 484 3122 res
501 3051 584 3121 dicti
603 3050 758 3122 defuncti
783 3052 827 3120 ad
853 3049 1094 3121 defensionem
1123 3072 1186 3121 seu
1206 3051 1470 3122 excusationem
1491 3051 1665 3141 ejusdem,
1688 3051 1717 3121 si
1742 3052 1855 3146 ipsum

429 3148 582 3240 legitime
607 3148 798 3219 defendere
825 3160 986 3241 poterant
1011 3159 1046 3218 et
1072 3147 1256 3233 volebant,
1286 3149 1391 3219 certis
1418 3149 1543 3219 diebus
1566 3160 1601 3219 et
1625 3149 1702 3221 loco
1721 3149 1854 3220 eisdem

428 3249 471 3317 ad
490 3247 554 3316 hec
571 3246 833 3341 perhemptorie
847 3245 1048 3338 assignatis,
1069 3256 1102 3317 et
1124 3247 1264 3317 taudem
1281 3247 1599 3338 conclusumatquc
1612 3248 1854 3318 renunciatum

429 3344 583 3415 extiterit
601 3345 636 3413 in
657 3365 764 3417 causa
782 3343 999 3415 defensionis
1019 3343 1166 3436 predicti
1188 3343 1364 3430 defuncti,
1384 3345 1556 3415 auctorita
1574 3346 1767 3438 apostolica
1786 3367 1855 3438 qna

429 3442 625 3535 fungimur,
646 3454 731 3526 etc,
754 3453 929 3537 utsupra.

430 3696 487 3761 30.
511 3697 645 3762 Forma
668 3698 714 3761 ad
735 3697 925 3762 citandum
944 3697 1153 3761 utveniant
1171 3697 1218 3760 ad
1241 3711 1447 3761 sermonem
1468 3698 1710 3778 penitentiam
1735 3715 1859 3781 recep·

840 3806 936 3881 turi,
953 3803 1011 3868 vel
1027 3804 1252 3867 sententiam
1267 3804 1444 3869 audituri.

476 4047 1857 4142 FraterBer.Guid0nis,ord.predic,etc,inquisitor,etc.,capellanistalibus

429 4145 484 4216 vel
500 4167 621 4217 eorum
642 4146 717 4217 loca
745 4146 963 4232 tenentibus,
987 4157 1054 4218 etc.
1078 4188 1124 4199 -
1142 4146 1359 4219 Auctoritate
1378 4149 1568 4241 apostolica
1589 4170 1656 4240 qua
1678 4149 1856 4240 fungimur

429 4244 530 4314 vobis
559 4245 766 4315 mandamus
796 4244 976 4336 quatinus,
999 4245 1085 4316 visis
1110 4245 1352 4339 presentibus,
1375 4246 1520 4316 indilate
1549 4247 1583 4315 in
1617 4247 1790 4338 presentia
1820 4260 1856 4318 et

430 4341 628 4413 testimonio
649 4341 863 4435 presentium
890 4343 1086 4434 portitoris,
1108 4343 1224 4414 citetis
1252 4365 1297 4413 ex
1326 4354 1424 4435 parte
1449 4355 1566 4415 nostra
1596 4345 1681 4415 tales
1709 4355 1744 4414 et
1771 4343 1856 4416 tales

430 4450 531 4530 prout
550 4439 654 4510 vohis
673 4440 842 4521 subsunt,
874 4452 911 4508 ut
938 4440 996 4510 tali
1018 4441 1096 4529 die,
1116 4440 1286 4525 Tholose,
1309 4440 1344 4508 in
1363 4440 1468 4511 domu
1492 4441 1728 4533 inquisitionis
1752 4442 1856 4532 juxta

429 4533 586 4606 Castrum
612 4537 859 4620 Narbonense,
891 4537 1123 4631 personaliter
1149 4549 1183 4609 et
1207 4538 1465 4632 perhemptorie
1490 4551 1714 4631 compareant
1738 4560 1854 4610 coram

429 4635 529 4705 nobis
548 4635 615 4705 sub
635 4634 765 4705 virtute
784 4654 825 4705 ac
844 4635 965 4706 debito
986 4636 1119 4728 prestiti
1135 4636 1326 4727 juramenti
1354 4657 1394 4705 ac
1413 4636 1479 4706 suh
1501 4657 1590 4729 pena
1614 4637 1856 4707 excommuni-

429 4731 595 4820 cationist,
616 4732 770 4802 audituri
790 4754 831 4803 ac
849 4733 1077 4826 complecturi
1097 4733 1299 4804 mandatum
1321 4744 1476 4805 nostrum
1497 4755 1604 4826 super
1624 4733 1691 4803 hiis
1733 4757 1776 4805 ue
1791 4735 1858 4805 eis-

429 4828 508 4899 dem
529 4831 737 4901 duxerimus
758 4830 987 4922 injungenda.
1015 4831 1184 4902 Volumus
1208 4845 1325 4902 autem
1344 4844 1380 4902 et
1398 4831 1606 4902 mandamns
1628 4826 1669 4927 [l⁰
1691 4757 1734 4900 t‘l
1754 4827 1791 4929 b]
1812 4832 1858 4903 de

428 4924 529 4998 honis
546 4947 609 4998 seu
630 4928 736 4998 rebus
755 4928 927 4998 dictarum
948 4949 1175 5020 personarum
1196 4929 1358 5000 satisfieri
1379 4930 1479 5001 latori
1496 4930 1710 5023 presentium
1726 4930 1774 5000 de
1792 4950 1857 5001 suo

428 5024 576 5112 salario,
601 5037 637 5096 ut
656 5037 709 5096 est
730 5026 857 5097 moris,
874 5025 1024 5097 Reddite
1043 5026 1177 5099 litteras
1195 5027 1374 5120 portitori,
1396 5027 1522 5120 sigillis
1541 5028 1670 5099 vestris
1687 5028 1857 5122 appositis

1681 5150 1699 5209 l
