4574 6404
360 2023 363 2029 ·
462 2004 586 2075 dentes
607 2003 702 2096 qnod

462 654 510 725 48
751 671 912 724 rancum
938 671 1179 739 rnoursrrrnnrs
1205 667 1369 726 nnnnrrcn
1394 668 1605 722 susurrans.

464 831 689 903 laudabiliter
713 842 749 902 et
772 829 923 902 finaliter
947 844 1169 924 perseverem
1196 832 1352 924 alioquin
1376 830 1419 900 ad
1449 830 1638 922 predictam
1664 832 1893 924 penitentiam

465 933 607 1023 penitus
634 939 805 1000 teneatur.
833 929 870 998 ln
895 929 995 1019 cnjus
1019 930 1327 1014 commutationis,
1353 926 1583 999 absolutionis
1612 939 1647 998 et
1672 929 1895 1020 quittat'runis

465 1028 705 1098 testimoninm
740 1038 922 1121 presentes
955 1027 1086 1098 litteras
1118 1027 1236 1119 sigillo
1264 1037 1385 1099 nostro
1415 1025 1586 1116 sigillatas
1615 1025 1730 1097 eidem
1759 1027 1817 1097 tali
1847 1028 1890 1098 N.

464 1124 631 1195 duximus
649 1125 907 1196 concedendas.
929 1123 1054 1194 Datum
1075 1136 1241 1196 electum
1260 1123 1435 1209 Tholose,
1456 1144 1549 1193 anno
1568 1133 1604 1193 et
1622 1123 1680 1195 die
1700 1123 1774 1197 tuli.

465 1378 523 1444 12.
546 1379 680 1444 Forma
693 1378 816 1443 littere
835 1379 1050 1443 absolvendi
1067 1388 1103 1444 et
1118 1379 1307 1462 quittandi
1331 1379 1489 1460 aliquem
1505 1379 1565 1443 oui
1578 1377 1688 1442 luerit
1710 1380 1894 1460 promissa

501 1486 625 1565 gratia
639 1486 671 1549 si
692 1494 905 1566 procuraret
921 1486 1003 1567 capi
1022 1493 1059 1551 et
1077 1487 1205 1551 haberi
1227 1486 1386 1567 aliquem
1406 1486 1607 1550 hereticum
1631 1487 1690 1551 vel
1712 1487 1894 1551 hereticos

501 1592 623 1656 debito
639 1608 724 1657 cum
738 1591 877 1656 ellectu.

510 1808 645 1881 Tenore
670 1809 883 1902 presentium
910 1809 1074 1880 omnihus
1100 1807 1224 1878 Christi
1253 1805 1416 1879 fidelibus
1440 1809 1484 1879 ad
1515 1831 1604 1901 quos
1629 1819 1809 1902 presentes
1830 1809 1889 1878 lit·

463 1918 537 1978 tere
563 1901 604 2001 [p
628 1904 675 1978 26
697 1903 744 2072 (q)
763 1909 990 1999 pervenerint
1012 1919 1131 1979 notum
1157 1904 1217 1976 hat
1244 1906 1339 1999 qnod
1359 1926 1423 1976 nos
1442 1907 1629 1998 inquisitor
1649 1906 1745 1992 talis,
1775 1917 1889 1978 atten-

747 2006 955 2075 ereticnrum
976 2004 1102 2097 dogma
1124 2004 1326 2097 pestilerum
1347 2016 1382 2074 et
1401 2003 1576 2075 virulenta
1597 2004 1780 2088 doctrina,
1804 2025 1889 2075 nec-

462 2123 531 2173 non
557 2100 757 2192 contagiosa
788 2101 938 2171 societas
967 2113 1002 2172 et
1030 2104 1252 2173 conversatio
1282 2102 1446 2171 infectiva
1478 2101 1622 2171 nimium
1653 2099 1761 2173 officit
1790 2104 1887 2193 gregi

461 2199 525 2271 Dei
543 2210 578 2269 et
597 2197 679 2269 fidei
699 2200 855 2291 puritati,
876 2219 1069 2291 eorumque
1092 2198 1199 2293 preda
1218 2211 1253 2270 et
1274 2199 1390 2291 captio
1409 2209 1462 2268 est
1482 2199 1669 2292 plurimum
1692 2199 1886 2283 fructuosa,

462 2296 545 2366 dum
572 2297 624 2366 sic
647 2295 779 2365 eisdem
802 2299 858 2365 via
884 2297 1100 2389 percluditnr
1125 2295 1366 2379 discurrendi,
1387 2306 1422 2366 et
1442 2296 1587 2367 facultas
1613 2296 1779 2366 adimitur
1797 2296 1886 2368 alios

462 2392 733 2488 corrumpendi,
758 2405 792 2462 et
817 2393 861 2463 ad
893 2414 1032 2464 manum
1057 2391 1211 2464 Ecclesia
1236 2394 1452 2464 reducuntur
1476 2394 1659 2487 spontanei
1686 2394 1740 2463 vel
1762 2393 1885 2477 inviti;

462 2494 521 2584 qni
546 2502 680 2573 tamen,
709 2493 800 2561 sicut
821 2491 1039 2585 experientia
1068 2491 1293 2582 magistrante
1318 2489 1548 2587 didiscimus,
1572 2512 1642 2562 nnn
1669 2505 1817 2584 possunt
1842 2492 1888 2562 de

462 2589 553 2660 lucili
580 2587 749 2682 reperiri,
782 2588 958 2658 latitantes
982 2589 1016 2658 in
1044 2588 1173 2660 abditis
1198 2602 1233 2658 et
1262 2588 1605 2681 perambulantes'in
1639 2589 1793 2659 tenebris
1823 2587 1886 2659 lilii

463 2687 706 2770 tenebrarum,
737 2685 802 2756 nisi
829 2687 958 2757 detecti
987 2687 1116 2756 luerint
1149 2708 1210 2779 per
1242 2707 1363 2756 eorum
1395 2687 1584 2780 complices
1612 2697 1674 2757 ant
1708 2707 1770 2778 per
1798 2687 1887 2759 tales

461 2785 521 2876 qui
545 2784 622 2855 vias
646 2804 767 2854 eornm
793 2784 907 2854 invias
934 2783 1020 2854 alias
1046 2794 1308 2875 cognoverunt3
1334 2784 1598 2855 considerantes
1622 2785 1726 2854 etiarn
1752 2782 1885 2855 bonum

460 2902 646 2954 commune
659 2893 823 2973 tanquam
840 2881 964 2952 melius
978 2881 1222 2974 preterendum
1234 2881 1339 2952 saluti
1356 2882 1508 2974 plurium
1524 2881 1758 2974 providendo,
1773 2882 1887 2974 qnod·

459 3000 529 3070 qne
553 2979 620 3050 hoc
643 2979 755 3049 solum
782 2979 873 3049 bene
901 2980 1017 3071 agitur
1042 2980 1119 3050 sive
1148 2977 1334 3071 plectendo
1364 2980 1441 3050 sive
1471 2978 1716 3072 ignoscendo,
1744 2989 1782 3047 ut
1812 2980 1884 3051 vita

459 3074 640 3148 hominum
662 3076 876 3169 corrigatur3
904 3077 1036 3147 ideirco
1060 3098 1124 3147 nos
1149 3077 1304 3164 dudum,
1331 3077 1398 3148 sub
1423 3098 1517 3148 anno
1543 3076 1790 3162 homulluli,
1817 3077 1883 3148 de·

460 3173 667 3245 liberatione
690 3173 895 3267 prehabito,
921 3173 1146 3267 promisimus
1170 3174 1230 3244 tali
1255 3173 1298 3246 N.
1326 3175 1371 3245 de
1398 3175 1458 3244 tali
1480 3176 1580 3261 loco,
1604 3174 1685 3244 talis
1704 3173 1883 3268 dyocesis,

459 3292 523 3363 pro
547 3292 587 3343 se
612 3292 653 3341 ec
680 3292 746 3364 pro
772 3272 833 3342 tali
857 3293 967 3344 uxore
995 3293 1057 3342 sua
1080 3272 1225 3363 gratiam
1252 3271 1297 3343 de
1326 3293 1416 3365 pena
1442 3276 1592 3343 carceris
1618 3292 1681 3342 sen
1716 3274 1883 3342 immura·

460 3368 582 3457 tionis,
604 3389 740 3440 necnon
766 3370 811 3441 de
834 3391 980 3463 corpore
1002 3380 1037 3441 et
1052 3370 1157 3440 rebus
1177 3390 1246 3440 nnn
1266 3368 1499 3441 confiscandis
1523 3390 1586 3441 seu
1611 3368 1822 3462 perdendis,
1843 3391 1885 3440 ae

459 3469 563 3537 etiam
589 3465 634 3537 de
660 3487 750 3560 pena
780 3489 843 3539 seu
872 3468 1063 3562 penitentia
1094 3467 1314 3554 confusibili,
1346 3468 1513 3538 videlicet
1543 3468 1588 3539 de
1615 3466 1780 3537 crucibus
1813 3488 1882 3539 non

458 3562 661 3658 portandis,
690 3585 752 3656 pro
777 3564 939 3658 hiisque
964 3564 1098 3635 inventi
1128 3577 1212 3634 snnt
1243 3587 1304 3659 per
1328 3565 1567 3636 contessiones
1594 3564 1751 3657 proprias
1776 3565 1886 3637 lactes

460 3661 495 3731 in
519 3660 649 3756 juditio
675 3661 712 3730 in
743 3661 889 3734 crimine
914 3663 1046 3733 heresis
1075 3662 1317 3748 commisisse,
1347 3664 1376 3732 si
1401 3661 1594 3734 hereticum
1624 3657 1663 3758 [l0
1690 3660 1737 3734 27
1765 3658 1800 3759 a]
1827 3664 1883 3734 vel

460 3758 636 3830 hereticos
662 3758 763 3830 nobis
790 3760 978 3848 redderet,
1006 3770 1067 3830 ant
1091 3772 1310 3852 procuraret,
1334 3759 1453 3830 debito
1473 3782 1551 3831 cum
1572 3761 1697 3830 ellectu
1718 3760 1813 3852 quod
1828 3782 1885 3831 ca·

461 3866 649 3950 parentur,
676 3856 850 3950 nobisque
873 3858 1124 3944 redderentur3
1165 3856 1209 3928 ad
1238 3879 1307 3950 qne
1336 3857 1495 3928 facienda
1527 3859 1641 3929 dictus
1665 3857 1744 3929 talis
1771 3857 1814 3928 N.
1844 3878 1884 3928 se

459 3955 622 4024 daturum
644 3952 795 4026 fideliter
814 3976 917 4048 opem
936 3967 971 4027 et
984 3975 1126 4049 operam
1146 3955 1331 4047 obligavit.
1352 3955 1559 4043 Quocirca,
1583 3959 1666 4047 quia
1689 3977 1752 4048 per
1772 3955 1883 4047 ipsius

460 4052 537 4123 talis
559 4051 601 4126 N.
625 4051 855 4140 industriam,
883 4064 918 4122 et
942 4053 1119 4132 laborem,
1143 4073 1184 4122 ac
1207 4053 1500 4138 solticitudinem,
1521 4064 1556 4124 et
1575 4052 1803 4125 directionem
1822 4054 1884 4123 de-

458 4149 623 4242 prehensi
651 4160 734 4219 sunt
761 4159 796 4221 et
822 4151 979 4236 inventi,
1005 4150 1179 4242 nobisque
1202 4150 1333 4220 redditi
1358 4151 1429 4221 duo
1454 4150 1599 4222 heretici
1629 4151 1772 4244 perlecti
1802 4150 1882 4221 talis

456 4246 615 4341 ettelis,
644 4258 679 4318 et
708 4248 836 4319 tercius
859 4249 1043 4319 occasione
1070 4247 1319 4339 premissorum
1345 4248 1510 4319 inventus
1533 4259 1587 4318 est
1606 4248 1778 4340 nobisque
1798 4249 1882 4318 red-

456 4343 551 4414 ditus
576 4345 611 4414 in
640 4366 704 4415 sna
734 4343 848 4416 heresi
881 4346 1181 4439 comprehensus,
1205 4346 1399 4437 predictum
1434 4345 1537 4416 talem
1566 4345 1630 4431 N.,
1662 4366 1883 4437 uxoremque

455 4441 532 4537 ejus
558 4442 710 4514 dicimus
738 4454 855 4516 nostre
890 4444 1130 4536 promissionis
1158 4443 1303 4534 gratiam
1336 4444 1594 4537 promeruisse3
1624 4454 1660 4514 et
1688 4443 1830 4513 eosdem
1861 4463 1880 4512 a

455 4541 556 4632 penis
589 4540 857 4612 confusibilihns
897 4555 966 4612 tam
1008 4541 1265 4611 immurationis
1304 4562 1408 4633 quam
1443 4541 1676 4634 impositionis
1711 4562 1879 4620 crucum,

453 4656 494 4707 ac
517 4637 621 4708 etiam
649 4657 668 4706 a
694 4638 914 4730 perditione,
938 4660 998 4710 seu
1025 4636 1275 4709 confiscatione
1300 4639 1492 4725 bonorum,
1516 4639 1561 4709 de
1589 4641 1778 4710 multorum
1806 4639 1880 4710 dis·

452 4747 626 4807 oratorum
663 4738 818 4806 virorum
849 4737 996 4807 consilio
1025 4752 1060 4806 et
1087 4758 1133 4807 ex
1163 4748 1257 4806 certa
1284 4737 1453 4821 scientia,
1486 4757 1531 4807 ex
1563 4736 1719 4829 predicta
1749 4756 1878 4813 causa.

453 4833 658 4903 auctoritate
684 4834 874 4927 apostolica
900 4855 968 4927 qna
995 4834 1193 4926 fungimur,
1216 4845 1337 4904 tenore
1358 4834 1573 4928 presentium
1598 4834 1817 4905 absolvimus
1845 4846 1881 4904 et

452 4930 655 5019 quittamus.
681 4930 718 4999 ln
744 4952 892 5023 qnorum
915 4931 1071 5004 omnium
1101 4931 1209 5002 robur
1227 4942 1262 5002 et
1288 4932 1523 5002 testimoninm
1544 4930 1696 5025 sigillum
1719 4942 1879 5002 nostrum

451 5027 674 5119 presentibus
699 5028 824 5099 litteris
850 5030 1018 5101 duximus
1042 5029 1304 5123 apponendum.
1323 5029 1470 5115 Datum,
1492 5040 1579 5102 etc..
1682 5023 1687 5033 ’
