4574 6404
916 689 1036 741 rnnru
1062 688 1159 741 runs.
1682 672 1752 743 lll

323 855 478 917 sanctam
499 844 734 916 universalem
754 856 860 937 atque
876 846 1066 916 Romanam
1082 845 1271 918 Ecclesiam
1290 868 1504 942 synagogam
1524 848 1748 941 impudenter

324 954 465 1015 vocant.
486 943 562 1013 Non
582 953 635 1013 est
660 953 776 1013 autem
800 943 952 1014 Ecclesia
976 944 1152 1030 Romana,
1175 955 1214 1014 ut
1239 945 1298 1016 isti
1322 945 1490 1016 fallaciter
1509 946 1745 1032 mentiuntur,

324 1060 523 1136 synagoga,
545 1051 600 1110 set
624 1052 678 1111 ast
702 1041 776 1111 sola
801 1041 1031 1134 dispositione
1060 1042 1181 1113 divina
1207 1054 1318 1113 mater
1343 1043 1498 1114 omnium
1528 1042 1684 1115 fidelium
1712 1056 1749 1117 et

325 1139 511 1231 magistra;
531 1158 609 1219 nec,
630 1159 709 1208 cum
730 1139 875 1210 istorum
894 1139 1117 1210 insolentiam
1136 1140 1372 1212 ecclesiastico
1391 1142 1514 1232 vigore
1532 1142 1745 1233 compescit,

324 1235 496 1307 Christum
523 1238 625 1324 eicit,
654 1248 708 1306 set
734 1258 835 1306 suum
863 1236 998 1307 imitata
1029 1238 1285 1330 redemptorem
1313 1240 1357 1309 ad
1386 1238 1515 1309 celeste
1540 1240 1747 1311 convivium

325 1334 539 1406 blandiendo
566 1334 694 1420 trahit,
717 1335 880 1405 torrendo
905 1335 1035 1404 intrare
1052 1336 1252 1428 compellit,
1275 1347 1328 1424 et,
1350 1336 1394 1407 de
1414 1336 1577 1406 funiculis
1596 1340 1750 1408 auctori-

325 1435 405 1503 tatis
431 1443 466 1502 et
484 1434 626 1503 virtutis
652 1431 774 1502 divine
798 1433 889 1503 lacto
915 1431 1053 1523 flagello
1076 1432 1435 1526 pseudochristianos
1462 1434 1507 1505 de
1531 1434 1661 1527 templo
1685 1437 1750 1506 Dei

324 1531 420 1622 qnod
446 1541 500 1601 est
526 1529 679 1599 Ecclesia
699 1540 861 1622 potenter
886 1531 1033 1618 emittit,
1055 1531 1137 1621 quia
1161 1530 1264 1602 valde
1284 1533 1474 1602 absurdum
1503 1543 1557 1603 est
1581 1544 1616 1602 et
1642 1534 1749 1605 vehe-

326 1639 462 1698 menter
488 1627 693 1718 indignum,
720 1637 760 1696 ut
785 1628 836 1697 illi
866 1629 968 1698 turbe
994 1626 1150 1699 fidelium
1180 1630 1390 1700 misceantur
1416 1633 1478 1722 qui
1499 1630 1572 1720 jam
1602 1630 1646 1700 ab
1673 1632 1751 1724 ipan

328 1726 460 1796 unitate
479 1735 513 1796 et
532 1725 733 1795 obedientia
750 1725 903 1797 Ecclesie
923 1748 985 1818 per
1004 1726 1217 1818 impietatem
1237 1737 1343 1819 atque
1362 1727 1615 1798 contumaciam
1637 1749 1751 1800 reces-

325 1832 467 1910 serunt,
494 1834 529 1893 et
557 1823 745 1915 puritatem
774 1822 930 1894 fidelium
962 1824 1171 1916 contagione
1197 1825 1296 1916 pravi
1326 1826 1499 1917 dogmatis
1527 1846 1752 1919 corrumpere

328 1921 531 1992 moliuntur.
553 1920 605 1990 Ex
631 1921 756 1992 eodem
781 1924 899 2013 itaque
924 1922 1100 1993 virulento
1121 1922 1216 1992 fonte
1243 1923 1350 2015 potati
1369 1944 1410 1994 ao
1429 1926 1533 1993 etiam
1560 1923 1752 1996 dementati

328 2018 449 2089 dicunt
468 2018 553 2088 nulli
575 2019 772 2090 mortalium
795 2031 1117 2112 quantumcumque
1136 2021 1308 2112 superiori
1319 2042 1384 2092 suo
1400 2021 1570 2112 generali,
1592 2032 1657 2099 aut,
1671 2044 1751 2114 pro·

327 2116 468 2188 vinciali
489 2116 650 2187 ministro
672 2113 712 2214 [p
731 2113 836 2214 atet
849 2118 1000 2206 custodi,
1022 2139 1085 2188 seu
1104 2117 1218 2189 cuivis
1237 2118 1337 2189 alteri
1357 2140 1435 2189 esse
1455 2117 1693 2190 obediendum
1713 2122 1750 2192 in

328 2213 548 2308 depositione
567 2215 645 2286 talis
669 2215 779 2286 stricti
800 2215 941 2286 babitus
962 2227 997 2286 et
1024 2217 1122 2308 parvi
1143 2226 1179 2286 et
1203 2216 1347 2288 alterius
1367 2217 1564 2310 portatione
1584 2219 1749 2309 majoris,

327 2313 436 2383 autin
452 2313 723 2404 congregatione
738 2314 942 2384 victualium
958 2324 993 2384 et
1009 2313 1247 2385 reservatione
1263 2314 1351 2384 ultra
1367 2318 1556 2385 crastinum
1575 2315 1748 2405 facienda,

328 2409 616 2504 interpretatione
644 2432 707 2481 seu
734 2411 970 2482 declaratione
995 2412 1248 2504 cujuscumque
1276 2413 1411 2483 romani
1443 2409 1615 2505 pontilicis
1645 2435 1752 2506 super

328 2505 393 2579 hoc
412 2509 506 2579 edita
526 2529 596 2579 non
616 2509 791 2579 obstante.
815 2508 870 2578 Ad
894 2509 960 2580 bec
980 2509 1104 2602 prelati
1134 2509 1308 2579 temerarii
1335 2511 1441 2602 impie
1463 2522 1668 2582 asseverant
1693 2534 1751 2583 ro·

328 2626 468 2676 manum
490 2604 713 2699 pontificem,
733 2620 768 2676 et
785 2608 1002 2692 cardinales,
1023 2619 1058 2677 et
1077 2607 1251 2700 prelatos,
1273 2617 1308 2677 et
1327 2629 1568 2699 quoscumque
1590 2608 1677 2680 alios
1693 2630 1751 2680 er-

328 2723 404 2774 rare
422 2705 457 2775 in
477 2726 520 2776 eo
538 2704 632 2799 quod
657 2717 884 2797 persecuntur
900 2715 994 2776 secte
1010 2705 1115 2796 hujus
1134 2716 1325 2776 sectatores
1344 2727 1476 2798 eosque
1493 2727 1571 2777 esse
1591 2707 1751 2778 martires

328 2801 509 2894 predicant
527 2804 587 2895 qui
613 2824 676 2894 pro
694 2824 798 2873 causa
827 2802 1027 2894 hujusmodi
1047 2806 1233 2895 paciuntur
1251 2814 1287 2873 et
1310 2805 1409 2874 morti
1430 2825 1468 2874 se
1489 2816 1671 2896 exponunt
1688 2805 1751 2877 eli·

327 2912 450 2991 gentes
478 2901 565 2972 mori
596 2901 841 2995 potiusquam
870 2922 889 2971 a
921 2901 1086 2994 predictis
1113 2901 1291 2972 erroribus
1318 2902 1467 2972 resilire.
1494 2902 1640 2994 lnsuper
1668 2903 1751 2974 doc·

328 2998 452 3070 trinam
474 3000 589 3069 fratris
615 2998 705 3068 Petri
730 2999 898 3070 lobannis
922 3000 959 3067 in
986 2999 1207 3090 expositione
1226 3020 1333 3091 super
1358 2999 1593 3092 Apocalipsim
1620 3000 1656 3070 in
1682 3022 1752 3094 qna

327 3095 445 3190 plures
479 3096 709 3167 inveniuntur
735 3096 877 3168 hereses
903 3106 937 3167 et
963 3118 1100 3168 errores
1131 3108 1166 3166 et
1200 3097 1338 3167 articuli
1367 3097 1513 3189 judicati
1541 3097 1685 3170 heretici
1705 3121 1752 3171 ex

326 3194 499 3265 sententia
518 3206 554 3265 et
568 3194 710 3285 juditio,
733 3195 994 3266 examinatione
1014 3194 1134 3287 previa
1154 3195 1313 3282 diligenti
1332 3196 1485 3288 plurium
1506 3199 1751 3288 magistrorum

328 3290 361 3361 in
382 3292 578 3384 theologica
596 3293 778 3381 facultate,
799 3293 864 3388 ipsi
892 3293 1086 3385 approbant
1105 3303 1140 3362 et
1158 3292 1371 3375 detendunt,
1393 3315 1456 3364 nec
1482 3293 1517 3362 in
1542 3293 1609 3364 boc
1630 3296 1753 3366 volunt

328 3391 549 3483 acquiescere
571 3390 724 3462 Ecclesie
752 3401 872 3462 sancte
886 3390 1037 3481 juditio,
1057 3392 1142 3481 quin
1167 3393 1289 3482 pocius
1309 3391 1468 3461 nonnulli
1494 3412 1540 3461 ex
1560 3391 1644 3484 ipsis
1663 3415 1748 3466 con-

329 3483 464 3580 liugunt
487 3490 644 3559 dicentes
674 3490 851 3581 quandam
878 3489 983 3559 aliam
1010 3509 1088 3559 esse
1110 3488 1327 3580 spiritualem
1356 3488 1539 3560 ecclesiam
1559 3489 1751 3562 electorum

283 3602 291 3623 ·
329 3585 372 3658 de
397 3607 548 3680 quorum
572 3608 718 3657 numero
742 3609 781 3658 se
805 3609 885 3658 esse
897 3587 1078 3678 jactitant3
1099 3587 1288 3657 Romanam
1314 3608 1400 3658 vero
1419 3586 1607 3657 Ecclesiam
1630 3590 1752 3660 dicunt

328 3704 407 3757 esse
430 3685 524 3757 illam
551 3684 766 3756 Babiloniam
794 3686 1011 3757 meretricem
1032 3705 1136 3776 quam
1160 3684 1337 3755 Iohannes
1360 3685 1396 3754 in
1416 3683 1615 3779 Apocalipsi
1636 3687 1751 3758 detes·

330 3794 434 3871 tatur,
456 3784 670 3877 applicantes
689 3783 733 3853 ad
755 3783 821 3855 hoc
840 3783 1096 3876 expositionem
1119 3783 1301 3876 reprobam
1322 3777 1363 3879 [1⁰
1381 3781 1427 3854 82
1447 3778 1483 3879 d]
1505 3791 1540 3851 et
1561 3784 1751 3855 hereticam

329 3881 452 3974 prefati
469 3880 560 3952 Petri
571 3881 739 3952 lobannis
758 3881 1125 3976 superhpocalipsim,
1144 3892 1178 3951 et
1197 3881 1232 3950 in
1250 3881 1318 3951 hiis
1333 3902 1373 3951 se
1390 3880 1555 3952 dividunt
1571 3881 1752 3954 manifeste

328 3997 346 4048 a
364 3988 486 4051 sancte
505 3981 660 4051 Romane
678 3979 832 4051 Ecclesie
851 3981 1001 4050 unitate.

374 4077 497 4170 lgitur,
518 4076 599 4170 quia
615 4079 760 4169 dignum
777 4089 831 4149 est
850 4088 889 4147 ut
905 4079 1078 4149 adversus
1097 4078 1176 4149 illos
1192 4077 1428 4149 ecclesiastica
1442 4098 1590 4147 censura
1607 4096 1751 4147 consur-

328 4186 386 4266 gat
415 4179 478 4267 qui
504 4186 711 4268 potestatem
738 4175 964 4269 apostolicam
993 4177 1147 4269 prolanis
1175 4197 1301 4247 vocum
1334 4176 1548 4248 novitatibus
1576 4184 1610 4245 et
1635 4176 1752 4268 impiis

328 4274 580 4346 assertionibus
600 4272 786 4344 lacerando
805 4275 1025 4360 conculcant,
1041 4272 1167 4345 Christi
1183 4275 1325 4345 nomine
1344 4278 1520 4359 invocato,
1536 4294 1600 4345 nos
1618 4273 1704 4344 tales
1718 4284 1754 4344 et

331 4373 428 4457 tales,
448 4371 601 4464 episcopi
622 4381 657 4441 et
676 4371 900 4462 inquisitores
918 4371 1070 4442 heretice
1088 4371 1289 4463 pravitatis,
1316 4383 1526 4443 memoratos
1551 4372 1753 4464 pestilentes

330 4468 503 4557 hemines,
522 4491 587 4563 pro
606 4490 649 4539 eo
667 4469 762 4562 quod
785 4491 916 4540 novum
936 4467 1165 4558 Evangelium
1178 4469 1392 4541 credendum
1411 4480 1517 4561 atque
1532 4469 1754 4541 suadendum
1880 4493 1883 4497 ’

329 4567 363 4636 in
386 4567 449 4638 Dei
468 4567 615 4638 ecclesia
632 4567 879 4654 introducunt,
902 4568 983 4659 quia
1003 4566 1207 4659 evangelice
1225 4567 1421 4639 auctoritati
1441 4589 1525 4660 sepe
1540 4569 1754 4639 nominatam

329 4665 484 4757 regulam
516 4685 689 4757 coequare
716 4676 941 4758 presumunt,
979 4664 1062 4756 quia
1091 4675 1210 4736 sancte
1236 4666 1391 4736 Romane
1417 4665 1572 4736 Ecclesie
1596 4665 1754 4756 regulam

329 4761 605 4858 interpretandi,
625 4763 807 4858 mutandi,
828 4764 1049 4854 corrigendi,
1067 4763 1243 4850 addendi,
1262 4763 1443 4833 minuendi
1463 4783 1505 4833 ac
1531 4765 1636 4834 etiam
1662 4784 1756 4836 amo

329 4861 435 4932 vendi
464 4861 707 4949 auctoritatem
738 4861 967 4949 subtrabunt,
995 4861 1079 4952 quia
1107 4860 1311 4952 evangelice
1344 4863 1416 4932 vite
1444 4861 1692 4954 perlectionem
1720 4862 1756 4932 in

330 4970 549 5032 monstruosa
575 4960 797 5030 deformitate
823 4959 1015 5053 corporalis
1042 4958 1183 5029 babitus
1203 4980 1281 5029 esse
1299 4956 1521 5049 confingunt,
1542 4958 1625 5050 qnia
1651 4979 1753 5030 sanc·

330 5066 398 5127 tam
422 5057 629 5151 scripturam
661 5057 706 5128 ad
737 5057 923 5150 impietatis
952 5078 1016 5128 sue
1043 5077 1186 5128 sensum
1213 5053 1481 5129 diffinitionibus
1510 5057 1756 5146 ecclesiasticis
