4574 6404
428 655 496 723 tttl
710 673 873 725 aaronica
900 674 1141 740 ruoursrrron'rs
1169 671 1330 726 unnarrcu
1356 667 1568 718 nnnvrrnrrs.

429 836 518 903 resis
537 842 619 902 sunt
636 830 781 923 probata
800 833 1067 923 recognoverit,
1087 844 1121 902 et
1137 846 1204 902 tam
1222 832 1266 902 de
1286 852 1323 900 se
1343 831 1509 922 quamde
1529 829 1606 899 aliis
1626 831 1669 898 dc
1689 831 1780 902 facto
1796 832 1859 902 be-

428 931 515 1001 resis
540 930 721 999 consessus
746 929 849 997 luerit
874 929 908 996 iu
932 930 1061 1017 juditio
1081 930 1263 1000 veritatem
1290 941 1325 999 et
1351 927 1550 1020 promiserit
1574 949 1613 996 se
1638 928 1729 997 velle
1752 951 1859 1019 agere

428 1027 659 1119 penitentiam
686 1026 730 1095 de
754 1026 908 1109 eisdem,
931 1039 965 1095 et
989 1027 1033 1097 de
1053 1028 1159 1098 corde
1179 1028 1272 1098 bono
1298 1046 1339 1096 ac
1364 1024 1433 1094 fide
1456 1045 1524 1094 non
1550 1023 1626 1094 ficta
1650 1027 1793 1096 redierit
1811 1028 1858 1097 ad

426 1125 580 1195 Ecclesie
609 1124 801 1204 unitatem,
824 1135 859 1192 et
885 1145 1023 1195 ornnem
1045 1124 1195 1195 heresim
1215 1122 1427 1213 abjuraverit
1448 1122 1481 1189 in
1499 1122 1648 1212 juditio,
1667 1124 1859 1213 juraverit-

425 1241 495 1314 que
518 1242 624 1312 super
654 1223 833 1313 premissis
859 1222 1031 1292 mandatis
1058 1222 1213 1293 Ecclesia
1238 1234 1272 1292 et
1300 1221 1427 1291 uostris
1456 1219 1661 1311 simpliciter
1684 1222 1856 1307 obedire,

424 1319 655 1390 absolutionis
687 1317 860 1389 beneficio
889 1321 921 1388 ei
953 1330 1033 1389 tuno
1060 1321 1220 1412 impenso
1246 1343 1265 1388 a
1291 1318 1393 1388 uobis
1419 1316 1464 1386 ab
1491 1319 1858 1390 excommunicatione

424 1438 491 1510 qua
525 1438 587 1509 pro
619 1416 720 1485 dictis
749 1416 861 1508 culpis
890 1439 981 1486 nunc
1012 1429 1149 1487 tenetur
1177 1419 1364 1497 astrictus,
1396 1419 1627 1485 sacrosanctis
1654 1415 1857 1506 Evangeliis

426 1517 547 1608 positis
557 1534 674 1585 coram
691 1513 805 1595 nobis,
823 1515 987 1585 sedentes
1004 1537 1065 1606 pro
1084 1515 1263 1597 tribunali,
1281 1515 1326 1583 de
1341 1513 1488 1583 consilio
1504 1513 1675 1583 bonorum
1694 1515 1850 1584 virorum

426 1613 615 1705 peritorum
642 1613 676 1680 in
705 1623 853 1702 utroque
875 1615 955 1702 jure
982 1624 1016 1682 et
1043 1613 1254 1705 prelatorum
1279 1633 1319 1681 ac
1348 1611 1615 1700 religiosorum,
1635 1610 1762 1682 Christi
1791 1635 1857 1683 no·

427 1711 519 1779 mine
539 1713 722 1795 invocato,
745 1713 858 1801 ipsum
886 1711 927 1779 N.
951 1733 996 1780 ex
1024 1733 1116 1780 nuuc
1142 1733 1204 1803 pru
1230 1723 1311 1778 ωηο
1337 1720 1372 1779 et
1394 1730 1440 1778 ex
1462 1720 1543 1776 tunc
1566 1721 1602 1777 ut
1627 1732 1787 1781 exnunc
1810 1713 1857 1782 ad

427 1820 633 1902 perpetuum
661 1807 748 1877 muri
777 1827 951 1877 carcerem
981 1810 1014 1877 in
1042 1808 1108 1877 biis
1132 1808 1355 1901 presentibus
1377 1805 1515 1897 scriptis
1543 1828 1604 1898 per
1631 1806 1855 1879 diffinitivam

425 1905 635 1976 sententiam
655 1905 958 1997 condempnemus
980 1906 1012 1974 in
1034 1928 1104 1998 quo
1124 1919 1327 1999 perpetuam
1346 1916 1427 1994 agat
1446 1905 1671 1996 penitentiam
1691 1907 1735 1976 de
1759 1928 1857 1977 corn·

427 2005 541 2073 missis
559 1999 599 2098 [l0
611 2002 656 2070 77
673 2000 726 2100 bl,
742 2015 923 2073 monentes
935 2005 1086 2074 cundem
1103 2025 1255 2073 exnunc
1272 2024 1333 2095 pro
1350 2003 1609 2072 tunccanonice
1624 2014 1659 2072 et
1673 2004 1858 2097 perhemp-

427 2104 527 2184 toria,
550 2122 590 2170 ac
612 2103 843 2193 precipientes
864 2102 978 2171 eidem
1000 2102 1042 2170 N.
1064 2102 1131 2171 sub
1149 2102 1279 2170 virtute
1300 2113 1382 2168 ωηο
1398 2099 1442 2168 ab
1462 2100 1586 2169 eodem
1610 2101 1743 2192 prestiti
1759 2103 1856 2191 jura·

428 2200 533 2270 menti
553 2199 647 2290 quod
668 2199 745 2268 sine
764 2199 858 2268 omni
877 2199 1046 2269 dilatione
1065 2200 1108 2267 ad
1132 2221 1268 2268 murum
1293 2197 1537 2289 inquisitorum
1557 2197 1705 2270 Tholose
1726 2200 1856 2271 talibus

427 2297 585 2390 personis
599 2297 832 2388 culpabilibus
853 2297 897 2365 de
917 2297 1063 2366 crimine
1081 2296 1215 2366 heresis
1236 2298 1440 2388 deputatum
1461 2317 1500 2365 se
1522 2297 1728 2381 transferat,
1750 2311 1785 2367 et
1805 2298 1856 2368 ibi

428 2393 656 2488 personaliter
672 2415 711 2465 se
726 2394 893 2463 includat.
912 2393 1013 2476 Quod
1033 2395 1161 2463 sibanc
1182 2397 1408 2463 monitionem
1428 2403 1632 2463 nostramet
1651 2396 1856 2465 mandatum

425 2503 672 2563 nostrumnon
700 2493 898 2584 impleverit
925 2505 985 2560 ant
1011 2492 1265 2584 contempserit
1290 2491 1484 2583 adimplere
1509 2491 1592 2561 dicti
1620 2492 1709 2560 muri
1738 2513 1857 2564 carce·

424 2613 495 2660 rem
527 2612 595 2660 uon
626 2591 811 2672 intrando,
840 2601 901 2658 aut
929 2603 1005 2681 post
1032 2591 1229 2679 ingressum
1261 2591 1445 2658 temerarie
1476 2589 1612 2680 absque
1644 2601 1761 2660 nostra
1790 2612 1856 2662 seu

424 2700 621 2759 nostrorum
649 2688 685 2756 in
713 2688 950 2778 inquisitionis
979 2686 1095 2757 olficio
1123 2708 1365 2757 successurum
1401 2686 1582 2756 voluntate
1618 2699 1679 2757 aut
1714 2689 1856 2759 licentia

423 2786 614 2868 exeundo,
647 2797 707 2853 aut
736 2786 822 2854 alias
850 2797 969 2855 contra
1001 2788 1168 2877 premissa
1199 2787 1315 2875 jurata
1341 2785 1397 2853 vel
1425 2783 1585 2874 abjurata
1615 2807 1675 2877 per
1701 2786 1855 2856 eundem

422 2905 645 2975 quocumque
674 2896 829 2975 tempore
854 2884 1052 2965 veniendo,
1082 2904 1142 2975 per
1170 2882 1235 2953 hoc
1263 2882 1531 2953 conversionem
1558 2903 1656 2952 suam
1679 2881 1793 2953 fictam
1815 2905 1855 2954 ac

423 2981 704 3073 impenitenciam
739 2980 978 3071 ostendendo,
1011 2980 1124 3073 ipsum
1158 3003 1204 3050 ex
1237 2992 1320 3049 tuno
1355 2993 1390 3047 ut
1421 3001 1466 3048 ex
1497 3002 1589 3049 nunc
1623 2995 1658 3051 ot
1688 3002 1733 3050 ex
1762 3003 1856 3051 nuno

423 3092 459 3146 ut
493 3101 536 3148 ex
580 3090 661 3147 tunc
698 3090 861 3170 tauquam
907 3080 1085 3170 perjurum
1127 3093 1162 3148 et
1198 3081 1463 3170 impenitentem
1507 3078 1693 3170 culpisque
1728 3079 1854 3149 astric-

424 3190 493 3243 tum
517 3176 693 3266 prioribus
713 3175 777 3246 bac
797 3188 914 3246 nostra
937 3176 1130 3247 monitione
1151 3177 1319 3269 premissa
1341 3175 1375 3242 in
1397 3175 1464 3243 biis
1490 3175 1629 3268 scriptis
1649 3197 1854 3246 excommu-

424 3273 609 3344 nicationis
644 3274 785 3344 riuculo
821 3274 1067 3359 innodamus,
1107 3275 1336 3344 decernentes
1378 3272 1609 3343 absolutionis
1642 3272 1854 3344 beneficium

423 3371 536 3441 eidem
567 3372 662 3462 prius
690 3372 887 3463 impensum
918 3371 1062 3441 ulterius
1089 3393 1157 3442 non
1184 3373 1367 3463 prodesse.
1390 3369 1573 3440 Mouemus
1592 3382 1709 3441 autem
1730 3392 1855 3442 omues

423 3480 457 3537 et
484 3469 642 3559 singulos
668 3469 920 3560 cujuscumque
956 3469 1163 3559 dignitatis,
1194 3470 1350 3560 gradus,
1380 3479 1521 3555 status,
1554 3480 1616 3537 aut
1639 3469 1854 3540 conditionis

423 3566 594 3648 existant,
626 3587 670 3636 ne
696 3566 808 3659 ipsum
834 3568 984 3636 scientes
1005 3589 1082 3636 esse
1103 3566 1204 3637 talem
1233 3577 1438 3658 receptent,
1467 3577 1529 3635 aut
1554 3565 1766 3653 defendant,
1794 3579 1857 3637 aut

423 3665 537 3732 cidem
568 3663 773 3749 consilium,
804 3663 859 3733 vel
889 3665 1080 3750 auxilinm,
1107 3686 1169 3734 seu
1193 3665 1350 3733 savorem
1378 3663 1530 3732 scienter
1558 3664 1789 3755 impendant3
1819 3665 1856 3734 in

425 3762 590 3831 facientes
610 3783 694 3831 vero
714 3762 926 3831 contrarium
946 3761 1011 3832 bac
1031 3773 1149 3832 nostra
1173 3762 1365 3832 monitione
1384 3764 1555 3853 premissa
1575 3762 1609 3829 iu
1626 3762 1694 3839 biis
1708 3782 1853 3854 presen-

427 3858 519 3928 tibus
538 3859 676 3951 scriptis
695 3859 1069 3930 excommunicationis
1089 3860 1298 3929 seutentiam
1321 3859 1582 3950 promulgamus
1603 3854 1643 3954 [l’
1659 3859 1705 3927 77
1723 3854 1772 3955 ο].
1791 3860 1857 3931 Re·
1893 3857 1897 3865 ’

426 3957 575 4026 tinemos
595 3968 711 4026 autem
734 3959 768 4025 in
793 3956 950 4049 predict-o
972 3977 1053 4026 casu
1084 3957 1184 4027 nobis
1204 3967 1237 4027 et
1259 3956 1386 4026 nostris
1414 3956 1448 4023 in
1472 3954 1588 4026 ollioio
1615 3957 1856 4048 inquisitionis

423 4053 686 4124 successoribus
725 4055 863 4146 plenam
901 4066 936 4123 et
972 4054 1117 4124 liberam
1156 4065 1362 4146 potestatem
1397 4053 1574 4139 addendi,
1615 4055 1853 4144 diminuendi,

422 4152 634 4241 agravandi,
658 4152 859 4243 mitigandi,
881 4153 1143 4235 commutandi,
1165 4172 1206 4221 ac
1230 4151 1557 4221 etiamremittendi
1578 4152 1770 4245 predictam
1796 4175 1856 4245 pe-

423 4249 605 4319 nitentiam
637 4250 714 4318 sive
748 4270 893 4342 penam,
920 4251 948 4319 si
978 4260 1014 4319 et
1038 4262 1141 4342 prout
1171 4249 1272 4319 uobis
1300 4248 1356 4318 vel
1387 4249 1437 4318 eis
1468 4251 1511 4319 de
1536 4249 1707 4320 bonorum
1740 4251 1856 4321 cousi-

425 4347 470 4416 lio
495 4347 610 4415 visum
641 4347 745 4416 luerit
772 4347 984 4418 laciendum.
1017 4348 1096 4416 lata
1128 4348 1193 4416 luit
1216 4346 1281 4416 lieo
1305 4349 1498 4434 sententia,
1527 4368 1620 4418 auno
1647 4359 1682 4417 et
1707 4346 1784 4434 die,
1821 4361 1856 4418 et

421 4454 549 4514 cetera.

470 4539 517 4610 In
534 4563 617 4613 casn
638 4542 810 4612 consinn'li
827 4542 963 4636 qnando
979 4542 1092 4636 aliqui
1107 4543 1259 4635 lepr'tr’me
1275 4542 1470 4636 consecrata
1488 4548 1697 4631 retractant,
1716 4550 1778 4613 ant
1793 4566 1856 4615 va·

421 4641 543 4723 riant,
564 4647 625 4711 ant
643 4647 775 4733 reopant
786 4640 1037 4733 pertinaciter,
1054 4640 1152 4711 nnlla
1166 4661 1272 4713 cansa
1292 4640 1495 4711 rationabili
1512 4642 1699 4734 proposita
1719 4647 1753 4710 ct
1765 4665 1856 4736 pro-

422 4736 523 4822 bata,
550 4745 614 4808 ant
638 4737 778 4832 qnando
801 4737 946 4809 conuicti
969 4750 1001 4808 ot
1026 4738 1183 4831 superati
1209 4738 1344 4809 testibus
1362 4738 1406 4808 de
1423 4739 1575 4809 crimine
1598 4738 1721 4808 nolant
1739 4742 1853 4832 confi·

421 4835 490 4902 teri
511 4836 712 4922 veritatem,
733 4857 798 4907 neo
820 4835 958 4930 aliquid
974 4835 1183 4906 rationabile
1195 4835 1350 4930 probant
1370 4857 1442 4930 per
1466 4837 1560 4931 qnod
1581 4836 1624 4906 de
1642 4837 1736 4928 jure
1761 4844 1793 4907 ct
1811 4838 1857 4908 de

422 4930 561 5003 ratione
576 4940 779 5027 appareant
794 4933 989 5004 innocentes
1007 4940 1068 5004 ant
1085 4933 1259 5004 inrrnnnas
1274 4934 1317 5004 dc
1332 4934 1497 5022 crimine,
1513 4934 1648 5028 poterit
1666 4933 1857 5006 consimilis

423 5029 545 5099 modas
571 5053 630 5101 sen
655 5030 778 5123 formu
803 5031 967 5101 sententie
988 5031 1074 5122 fieri
1096 5039 1128 5101 et
1151 5033 1312 5118 sanari,
1341 5031 1485 5103 nantolis
1507 5038 1543 5103 et
1566 5032 1718 5103 coriatis
1740 5031 1857 5102 verbis
