4574 6404
427 632 473 700 20
713 645 875 698 PRAG'l'lCA
901 645 1140 712 lNQUlSlTIONlS
1167 648 1329 702 llERll'l'lCE
1355 648 1568 701 Polliceris.

428 808 535 878 multa
555 805 729 878 commisit
748 804 782 873 in
804 805 894 874 lacto
914 804 1049 876 heresis
1070 827 1134 877 nee
1154 807 1198 877 de
1217 809 1270 878 eis
1289 806 1555 903 apparuit'dum
1581 807 1719 879 viveret
1737 828 1857 879 emen·

427 908 548 988 datus,
579 915 635 975 set
660 903 695 972 in
723 899 794 974 fine
820 923 885 973 suo
913 902 948 971 in
972 913 1102 974 sectam
1130 904 1363 977 hereticorum
1384 905 1607 998 dampnatam
1639 917 1799 999 receptus
1821 916 1857 977 et

427 1002 639 1073 hereticatus
659 1022 721 1093 per
740 999 913 1071 hereticos
933 1000 1113 1072 invenitur
1131 1002 1402 1095 dampnabiliter
1417 1003 1641 1094 decessisse).
1665 1003 1761 1091 ldeo,
1778 1023 1856 1074 auc·

428 1101 567 1171 toritate
580 1097 771 1193 apostolica
789 1118 859 1189 qua
878 1098 1058 1189 fungimur
1076 1100 1143 1170 sub
1165 1101 1266 1193 penis
1285 1100 1465 1171 canonicis
1483 1100 1585 1172 vobis
1602 1100 1760 1171 districte
1779 1122 1856 1195 pre·

426 1199 589 1292 cipiendo
606 1196 812 1266 mandamus
826 1195 992 1287 quatinus
1009 1195 1123 1267 citetis
1140 1197 1402 1291 perhemptoria
1419 1219 1465 1268 en
1483 1208 1580 1290 parte
1594 1208 1712 1269 nostra
1728 1197 1856 1270 liberos

426 1309 461 1367 et
481 1296 629 1367 heredes
647 1315 687 1365 ao
706 1294 878 1364 bonorum
901 1293 1102 1365 detentores
1123 1295 1208 1366 dicti
1234 1296 1313 1367 talis
1333 1296 1490 1367 delunoti
1513 1295 1547 1364 in
1569 1295 1718 1389 propriis
1744 1294 1857 1368 domi·

425 1393 514 1464 ciliis
534 1393 757 1477 eorumdem,
777 1391 952 1482 adjunctis
971 1392 1154 1462 vobiscum
1177 1394 1325 1464 testibus
1356 1392 1426 1464 fide
1447 1394 1563 1483 dignis
1580 1447 1589 1479 ,
1612 1404 1647 1464 et
1666 1393 1858 1466 nichilomi-

427 1513 492 1562 uus
518 1491 631 1563 citetis
665 1488 877 1581 generaliter
908 1500 977 1559 tam
1007 1489 1102 1582 ipsos
1134 1513 1240 1582 quam
1269 1513 1392 1562 omnes
1422 1491 1509 1562 alios
1536 1512 1685 1582 quorum
1714 1489 1859 1563 interest

427 1586 468 1687 [p
490 1589 527 1658 ll
552 1586 585 1688 o]
607 1591 747 1680 dejure
767 1587 802 1656 in
820 1587 966 1657 ecclesia
989 1600 1107 1658 uestra
1130 1589 1292 1682 publice,
1318 1590 1414 1661 clero
1434 1602 1468 1659 et
1488 1588 1619 1682 populo
1637 1589 1858 1680 cougregatis

424 1689 468 1758 ad
489 1689 704 1760 audiendum
725 1685 872 1770 divina,
893 1686 951 1756 die
966 1686 1143 1757 dominica
1162 1687 1324 1779 proximo
1342 1687 1500 1757 venienti
1520 1697 1555 1756 et
1574 1685 1713 1756 duobus
1732 1685 1857 1758 diebus

424 1787 611 1857 dominicis
631 1784 834 1856 immediate
852 1785 1106 1876 sequentibus,
1127 1806 1278 1878 quorum
1299 1785 1436 1855 dierum
1456 1784 1650 1877 quemlibet
1664 1803 1727 1875 pro
1743 1783 1857 1857 edicto

424 1886 601 1957 citationis
622 1883 882 1977 perhemptoria
900 1882 1145 1972 assignamus,
1170 1894 1213 1953 ut
1233 1883 1292 1953 tali
1312 1883 1388 1967 die,
1411 1903 1515 1975 quarn
1544 1903 1607 1973 pro
1631 1881 1855 1975 perhempto-

424 1985 477 2054 rio
504 1985 653 2054 terrniuo
675 1983 915 2073 assignamus,
940 1978 1109 2066 Tholose,
1138 1981 1173 2050 in
1200 1981 1306 2051 domo
1327 1980 1564 2073 inquisitionis
1580 1981 1681 2069 juxta
1700 1979 1857 2051 Castrum

424 2082 669 2168 Narbonense,
692 2079 923 2173 personaliter
943 2087 978 2147 et
999 2077 1260 2171 perhemptoria
1277 2087 1505 2171 compareant
1522 2098 1639 2148 coram
1659 2078 1761 2149 nobis
1781 2100 1858 2171 pre·

425 2178 556 2250 dietum
575 2179 794 2263 defunctum,
812 2176 842 2248 si
862 2175 1042 2247 voluerint
1059 2187 1094 2245 et
1112 2178 1307 2268 potuerint,
1323 2175 1518 2263 delensuri,
1539 2175 1665 2245 dicturi
1683 2187 1718 2246 et
1734 2199 1858 2270 propo-

424 2277 523 2347 sitori
544 2277 574 2347 si
592 2275 725 2369 aliquid
748 2275 793 2345 ad
814 2273 1079 2346 excusationem
1103 2294 1166 2344 seu
1193 2273 1437 2344 delensionem
1462 2272 1545 2344 dicti
1570 2273 1725 2344 defuncti
1753 2275 1857 2345 ratio·

428 2374 590 2446 nobiliter
622 2372 790 2444 duxerint
820 2369 1114 2466 proponendum,
1153 2380 1188 2440 et
1219 2370 1469 2442 nichilominus
1499 2370 1654 2441 audituri
1683 2382 1718 2442 et
1747 2372 1859 2443 visuri

427 2472 697 2565 publicationem
728 2491 850 2541 eorum
879 2489 950 2561 que
977 2479 1099 2538 contra
1128 2468 1260 2539 dictum
1285 2468 1489 2539 defunctum
1520 2470 1661 2539 inuenta
1690 2481 1793 2556 sunt,
1824 2483 1860 2542 et

422 2569 509 2641 alias
529 2569 725 2662 processuri
750 2571 784 2636 in
806 2567 900 2637 dicto
920 2567 1067 2657 negocio
1086 2577 1190 2660 prout
1208 2566 1313 2636 luerit
1333 2565 1492 2650 rationis,
1505 2566 1534 2635 si
1554 2566 1731 2636 voluerint
1745 2578 1781 2637 et
1795 2589 1858 2638 sua

420 2667 639 2739 crediderint
658 2667 850 2751 iuteresse3
875 2664 1078 2735 intimantes
1097 2674 1203 2755 atque
1223 2663 1479 2734 denunciantes
1499 2664 1632 2734 eisdem
1655 2665 1794 2756 publice
1813 2687 1858 2737 ex

423 2778 521 2858 parte
543 2773 659 2836 nostra
679 2764 799 2855 quod,
821 2763 899 2833 sive
917 2762 1181 2853 comparuerint
1194 2762 1272 2832 sive
1290 2783 1358 2832 non
1379 2762 1642 2854 comparuerint
1661 2763 1753 2832 dicta
1776 2762 1856 2850 die,

423 2883 487 2933 nos
509 2861 757 2932 nichilominus
779 2860 1010 2953 procedemus
1033 2860 1067 2928 in
1089 2860 1236 2949 negocio
1256 2858 1339 2929 dicti
1361 2860 1515 2930 defuncti
1536 2855 1609 2952 (vel
1626 2859 1677 2929 sic
1694 2886 1706 2928 .·
1734 2873 1858 2931 contra

422 2959 554 3029 dictum
575 2959 700 3044 talem,
722 2956 886 3049 quamvis
903 2957 1125 3048 defunctum)
1145 2957 1338 3028 secuudum
1355 2958 1497 3043 stilum,
1514 2978 1670 3045 cursum,
1689 2970 1856 3045 elusum,

421 3076 463 3126 ao
485 3055 668 3149 privilegia
696 3055 803 3127 officii
831 3053 1092 3147 inquisitionis,
1120 3067 1222 3147 prout
1248 3066 1283 3125 et
1308 3067 1477 3147 quantum
1507 3055 1552 3124 de
1577 3055 1658 3144 jure
1689 3055 1794 3126 luerit
1824 3065 1860 3126 et

423 3153 512 3222 ratio
531 3152 716 3238 suadebit,
738 3174 861 3223 eorum
881 3151 1041 3223 absentia
1065 3174 1129 3224 seu
1153 3154 1366 3224 contumatia
1392 3174 1462 3223 non
1492 3151 1668 3223 obstante.
1701 3154 1750 3223 De
1779 3174 1859 3245 pre·

423 3249 515 3319 diota
536 3270 621 3320 vero
640 3250 805 3320 citatione
830 3250 965 3320 laciatis
989 3247 1064 3319 lieri
1086 3250 1263 3342 publicum
1285 3251 1581 3335 instrumentum,
1605 3262 1640 3320 et
1662 3252 1695 3319 in
1717 3250 1858 3342 signum

422 3367 464 3417 ac
483 3347 721 3417 testimonium
743 3348 874 3440 recepti
896 3357 931 3418 et
950 3346 1113 3441 completi
1135 3369 1197 3440 per
1218 3370 1282 3420 vos
1297 3347 1454 3419 mandati
1476 3347 1585 3418 nostri
1605 3348 1759 3439 sigillum
1780 3369 1859 3420 ves·

426 3454 518 3513 trum
540 3443 762 3536 presentibus
782 3445 980 3538 apponatis.
1006 3445 1130 3515 Datum
1151 3445 1320 3533 Tholose,
1340 3456 1408 3517 etc.

426 3723 487 3788 23.
506 3726 558 3807 [Fr
576 3726 607 3786 ll
628 3725 659 3805 d]
684 3725 835 3804 Quando
853 3741 940 3789 vero
956 3725 1154 3791 defunctus
1175 3725 1286 3791 luerit
1306 3727 1531 3791 hereticatus
1559 3728 1620 3808 qui
1645 3735 1755 3791 antea
1775 3743 1861 3793 con·

464 3831 585 3896 lessus
602 3830 724 3896 luerat
738 3833 782 3895 de
796 3830 894 3896 lacto
910 3832 1071 3910 heresis,
1091 3832 1148 3896 vel
1164 3833 1275 3897 etiam
1298 3833 1444 3914 quando
1460 3848 1534 3896 non
1549 3833 1660 3898 luerit
1678 3835 1860 3900 heretica·
1982 3863 1984 3868 ·

464 3946 616 4016 tumet
636 3947 720 4019 post
735 3940 944 4018 abjuratam
962 3940 1120 4004 heresim
1139 3941 1365 4023 commiserit
1393 3940 1432 4003 in
1458 3941 1585 4005 eadem
1610 3942 1716 4005 modo
1742 3941 1860 4006 infra·

464 4048 620 4128 scripto,
636 4047 843 4127 perstringi
859 4047 993 4127 poterit
1011 4048 1048 4111 in
1064 4048 1190 4112 littera
1205 4048 1378 4112 citatorio
1397 4049 1506 4128 culpa
1528 4051 1617 4128 ejus.
1646 4050 1697 4112 De
1716 4049 1860 4130 relapso

465 4161 501 4218 at
515 4154 716 4218 hereticato
732 4154 845 4218 simul
860 4154 1006 4219 dicatur
1020 4154 1075 4218 sic
1094 4179 1100 4214 :

471 4421 555 4492 Cum
577 4423 654 4494 talis
680 4424 722 4494 N.
750 4425 795 4495 de
823 4425 882 4495 tali
913 4425 1012 4510 loco,
1036 4425 1114 4495 talis
1142 4424 1327 4520 dyocesis,
1357 4435 1540 4518 postquam
1570 4425 1652 4497 olim
1678 4427 1860 4500 conlessus

425 4519 539 4591 luerat
558 4521 593 4590 in
608 4521 738 4611 juditio
753 4521 799 4593 de
818 4523 909 4594 lacto
925 4522 1061 4594 heresis
1079 4532 1115 4594 et
1133 4523 1178 4593 de
1197 4522 1265 4614 hiis
1284 4544 1354 4616 que
1371 4535 1491 4594 contra
1514 4521 1617 4594 fidem
1636 4525 1862 4596 commiserat

425 4617 460 4685 in
481 4619 619 4703 eadem,
638 4618 812 4690 hereticos
832 4620 989 4692 videndo
1009 4632 1044 4691 et
1062 4620 1243 4692 visitando
1263 4632 1298 4691 et
1318 4621 1353 4689 in
1373 4642 1438 4692 suo
1455 4621 1613 4715 hospicio
1631 4624 1858 4715 receptando,

426 4714 534 4784 verba
545 4727 581 4786 et
593 4715 868 4809 predicationem
880 4730 915 4789 et
928 4717 1124 4789 doctrinam
1137 4738 1321 4788 erroneam
1333 4718 1538 4790 eorumdem
1550 4719 1729 4790 audiendo
1739 4731 1860 4791 contra

430 4808 535 4882 fidem
555 4813 712 4884 Romane
728 4813 884 4886 Ecclesia
908 4815 1046 4887 Domini
1063 4815 1170 4887 lhesu
1188 4813 1336 4902 Christi,
1356 4827 1391 4886 et
1413 4815 1586 4887 hereticos
1607 4817 1712 4889 modo
1731 4817 1860 4889 hereti-

426 4907 492 4978 cali
512 4909 714 5002 adorando,
744 4922 779 4981 et
798 4910 950 5004 quedam
969 4913 1039 4984 alia
1059 4912 1258 4984 incrimine
1278 4913 1413 4984 heresis
1432 4914 1702 5001 committendo,
1722 4936 1861 4988 necnon

371 5003 375 5010 ’
429 5015 613 5099 postquam
634 5006 787 5089 heresim
808 5009 1034 5099 abjuraverat
1051 5011 1086 5082 in
1102 5009 1232 5102 juditio
1248 5011 1339 5082 sicut
1359 5031 1421 5104 per
1443 5010 1553 5105 ipsius
1574 5012 1652 5083 talis
1670 5013 1860 5086 confessio·
