4574 6404
430 813 523 874 tores
542 813 642 873 extra
659 822 872 890 sermonem,
895 813 977 873 ante
994 798 1035 900 [b
1056 805 1070 872 l
1094 801 1130 902 b]
1152 816 1187 875 et
1206 818 1299 899 post,
1319 807 1494 877 interdum
1517 805 1618 894 fiunt,
1636 828 1677 878 ao
1695 808 1800 878 etiam
1816 808 1861 879 de

429 926 547 997 multis
566 926 732 1019 aliisque
754 948 816 1020 per
835 926 1062 1018 inquisitores
1084 940 1237 1020 aguntor
1257 942 1292 1001 et
1312 929 1548 1024 disponuntur
1568 932 1604 1000 in
1624 932 1776 1003 diversis
1800 955 1860 1005 ne·

428 1051 554 1143 gociis,
577 1063 612 1122 et
629 1051 760 1136 causis,
783 1065 818 1121 et
838 1051 978 1122 casibus
997 1054 1275 1145 emergentibus,
1294 1066 1397 1148 prout
1410 1055 1445 1125 in
1466 1056 1552 1148 ipsis
1573 1056 1697 1127 litteris
1713 1057 1861 1130 inferius

426 1177 596 1270 liquidius
613 1177 808 1272 apparebit.

477 1303 513 1373 In
533 1303 638 1373 tercia
659 1313 756 1395 parte
778 1303 926 1373 traditur
946 1305 1071 1375 modus
1089 1315 1124 1374 et
1143 1302 1231 1376 ordo
1246 1327 1368 1376 eorum
1386 1327 1456 1397 que
1472 1306 1509 1374 in
1523 1305 1678 1396 generali
1697 1328 1862 1379 sermone

426 1428 674 1521 inquisitorum
690 1428 725 1496 in
747 1427 920 1520 principio
936 1439 1020 1498 sunt
1038 1429 1188 1520 agenda.
1209 1430 1294 1500 ltem
1315 1428 1563 1500 describuntur
1581 1431 1676 1501 modi
1694 1444 1730 1502 et
1746 1432 1861 1504 lorme

428 1553 647 1624 diversarum
669 1552 941 1645 penitentiarum
963 1573 1004 1622 ac
1024 1553 1276 1624 sententiarum
1296 1575 1367 1646 que
1395 1555 1623 1647 imponuntur
1643 1567 1678 1626 et
1698 1556 1859 1627 seruntur
1912 1562 1916 1573 ’

423 1677 638 1769 judicialiter
664 1677 698 1745 in
730 1677 806 1769 ipso
831 1696 995 1748 sermone
1019 1677 1179 1770 personis
1206 1677 1358 1748 diuersis
1387 1690 1456 1749 tam
1486 1679 1724 1771 penitentibus
1752 1702 1858 1774 quam

427 1803 531 1874 etiam
555 1801 842 1896 impenitentibus
862 1801 906 1872 de
925 1801 1072 1872 crimine
1092 1802 1241 1885 heresis,
1264 1813 1333 1872 tam
1354 1803 1444 1873 rivis
1463 1825 1569 1896 quam
1585 1806 1691 1874 etiam
1712 1804 1861 1877 defune-

429 1928 492 2014 tis,
522 1938 626 2021 prout
652 1927 686 1994 in
714 1926 811 1996 libris
829 1937 865 1995 et
884 1927 918 1995 iu
940 1926 1026 1996 actis
1055 1927 1203 2019 publicis
1233 1929 1471 2019 inquisitionis
1498 1929 1542 1999 ad
1570 1941 1775 2023 perpetuam
1808 1931 1860 2003 rei

427 2052 631 2124 memoriam
652 2052 938 2123 conscribuntur.

476 2177 512 2246 ln
532 2187 654 2269 quarta
676 2197 762 2247 vero
788 2187 885 2269 parte
905 2175 1081 2267 colligitur
1104 2187 1139 2246 et
1159 2176 1370 2248 describitur
1389 2179 1541 2270 quedam
1569 2180 1688 2251 brevis
1708 2191 1744 2251 et
1764 2180 1859 2252 utilis

427 2303 627 2374 informatio
645 2301 891 2394 inquisitorum
912 2300 959 2372 de
976 2302 1183 2372 auctoritate
1202 2314 1237 2372 et
1257 2314 1428 2396 potestate
1449 2305 1603 2396 ipsorum
1624 2314 1662 2375 et
1679 2303 1785 2375 officii
1806 2306 1859 2374 in-

426 2426 626 2520 quisitionis
643 2425 798 2496 heretice
815 2425 1016 2518 pravitatis,
1038 2426 1191 2496 maxime
1209 2448 1272 2519 per
1288 2427 1472 2520 privilegia
1488 2438 1524 2497 et
1541 2428 1674 2499 litteras
1693 2429 1738 2499 ab
1756 2449 1858 2522 apos·

426 2553 528 2624 tolioa
547 2551 633 2622 sede
652 2551 704 2622 eis
723 2570 908 2622 concessas
929 2571 989 2643 per
1010 2550 1172 2621 diversos
1187 2551 1362 2622 Romanus
1381 2549 1566 2623 Pontifices
1579 2553 1793 2638 successive,
1814 2574 1861 2624 ex

424 2677 554 2770 quibus
575 2676 673 2770 plura
696 2678 807 2770 posita
826 2675 959 2745 suntin
979 2676 1071 2765 jure,
1089 2675 1195 2747 Extra
1214 2676 1259 2747 de
1275 2675 1440 2747 hereticis
1459 2677 1547 2747 libro
1566 2677 1637 2762 V10,
1655 2678 1689 2746 in
1707 2679 1860 2749 diversis

416 2802 604 2895 capitulis,
628 2813 665 2870 ut
686 2801 849 2873 noverint
868 2800 955 2892 quid
977 2811 1123 2892 possunt
1141 2812 1176 2871 et
1193 2800 1344 2892 qualiter
1362 2799 1515 2870 debeant
1535 2801 1586 2871 eis
1607 2802 1670 2870 uti.

471 2927 508 2995 lo
527 2927 647 3018 quinta
667 2938 702 2996 et
723 2925 842 2995 ultima
863 2935 960 3019 parte
979 2925 1095 3016 agitur
1118 2924 1163 2996 de
1190 2925 1313 3011 modo,
1335 2936 1410 2994 arte
1435 2937 1470 2995 et
1491 2926 1634 3016 ingenio
1655 2927 1857 3019 inquirendi

417 3066 460 3124 et
477 3051 703 3122 examinandi
725 3050 900 3121 hereticos
918 3060 953 3120 et
972 3050 1158 3121 credentes
1176 3060 1212 3121 et
1230 3048 1420 3142 complices
1436 3049 1657 3135 eorumdem,
1679 3060 1716 3120 ut
1734 3051 1857 3142 singu-

423 3177 536 3248 lorum
558 3176 698 3246 fraudes
715 3186 750 3246 et
764 3174 835 3246 doli
851 3186 887 3245 et
905 3175 1038 3246 astucia
1055 3174 1184 3266 quihus
1199 3195 1238 3245 se
1253 3183 1447 3264 contegunt
1463 3174 1628 3244 subtilius
1644 3175 1859 3265 detegantur

424 3323 469 3372 ex
489 3299 640 3394 propriis
660 3299 938 3399 interrogatoriis
954 3298 1189 3390 singulorum,
1212 3309 1281 3368 tam
1300 3298 1345 3368 de
1363 3309 1457 3369 secta
1473 3298 1735 3369 Manicheorum
1750 3319 1859 3391 quam

424 3424 469 3495 de
490 3434 583 3495 secta
604 3419 645 3521 [l0
667 3423 680 3491 l
705 3420 737 3520 c]
758 3424 986 3494 Valdensium
1013 3446 1076 3495 seu
1096 3423 1292 3517 Pauperum
1318 3424 1363 3495 de
1390 3422 1584 3515 Lugduoo,
1618 3445 1723 3515 quam
1752 3423 1857 3493 etiam

425 3549 583 3620 desecta
603 3549 837 3641 quorumdam
858 3548 1256 3641 Pseudo-apostolorum
1277 3548 1338 3640 qui
1363 3546 1450 3619 salso
1475 3568 1514 3617 se
1532 3546 1658 3617 Christi
1678 3547 1858 3640 apostolos

425 3666 634 3767 profitentur
663 3694 741 3742 cum
763 3673 834 3742 sint
853 3672 969 3764 potius
992 3672 1141 3765 apostoli
1159 3671 1382 3760 antichristi,
1406 3683 1474 3741 tam
1500 3672 1604 3741 etiam
1623 3671 1859 3763 quorumdam

421 3797 572 3869 aliorum
585 3796 767 3887 cujusdam
781 3807 875 3867 secte
890 3795 1055 3888 pestifere
1068 3796 1245 3868 modernis
1257 3795 1474 3889 temporibus
1487 3795 1692 3877 adinvento,
1712 3794 1773 3887 qui
1791 3793 1859 3864 sub

422 3921 576 4015 quadam
596 3921 760 3992 simulate
780 3920 891 4012 magis
913 3941 1018 4012 quam
1039 3920 1232 3992 assimilata
1252 3919 1457 4011 evangelice
1483 3919 1698 4012 paupertatis
1726 3919 1859 4012 perseo·

423 4047 542 4133 clune,
562 4045 687 4116 Christi
707 4066 881 4139 pauperes
903 4066 941 4115 se
961 4045 1157 4138 appellant,
1180 4045 1339 4116 diceutes
1364 4065 1403 4115 se
1428 4065 1506 4115 esse
1531 4044 1576 4114 de
1601 4046 1711 4114 tercio
1731 4043 1860 4115 ordine

421 4192 485 4242 seu
505 4170 550 4240 de
571 4170 676 4240 tercia
697 4168 817 4260 regula
844 4169 955 4240 sancti
983 4167 1178 4257 Francisoi,
1201 4178 1380 4262 portantes
1406 4168 1561 4239 brunum
1588 4166 1747 4238 habitum
1775 4189 1858 4237 curn

423 4293 603 4379 mantello,
624 4306 659 4365 et
677 4294 785 4387 aliqui
807 4294 884 4364 sine
905 4293 1093 4380 mantello,
1116 4293 1176 4385 qui
1194 4313 1214 4362 a
1235 4293 1343 4384 vulgo
1363 4292 1509 4385 Bequini
1531 4304 1567 4364 et
1586 4292 1742 4384 Bequine
1761 4313 1858 4364 com·

422 4420 574 4489 muniter
595 4419 837 4512 appellantur;
860 4440 996 4490 necnon
1021 4430 1057 4489 et
1079 4417 1220 4489 illorum
1244 4418 1326 4511 qui,
1353 4438 1371 4487 a
1395 4415 1539 4511 perfidia
1558 4416 1751 4488 ludeorum
1772 4438 1859 4489 con·

423 4545 517 4614 versi
538 4545 581 4613 ad
604 4541 708 4614 fidem
728 4542 877 4627 Christi,
897 4552 1136 4637 apostatantes
1157 4543 1202 4613 ab
1222 4563 1262 4614 ea
1289 4553 1516 4613 revertuntur
1535 4541 1579 4612 ad
1600 4543 1775 4613 vomitum
1794 4543 1855 4612 lu·

424 4668 576 4763 daysmi.

472 4794 509 4862 ln
531 4790 601 4864 fine
619 4813 705 4864 vero
725 4803 845 4864 contra
867 4803 1003 4885 pestem
1022 4813 1086 4864 seu
1107 4812 1260 4863 errorem
1282 4793 1488 4886 pestiferum
1504 4792 1779 4885 sortilegiorum,
1802 4790 1856 4861 di·

425 4917 643 4989 vinationum
672 4928 707 4987 et
736 4916 1000 4986 invocationum
1027 4916 1218 4987 demonum
1238 4916 1356 5008 aliqua
1377 4917 1677 5009 perstringentur,
1707 4927 1741 4986 et
1762 4915 1856 4985 modi

426 5040 559 5113 diversi
579 5053 614 5113 et
629 5039 761 5134 proprii
778 5040 965 5131 abjurandi
986 5040 1139 5113 heresim
1156 5041 1408 5113 rescribentur.
