4574 6404
955 667 1076 765 renunt
1101 713 1199 766 runs
1727 696 1793 764 tan

360 892 466 968 quarn
487 871 601 942 eidem
625 871 773 941 traditus
792 870 897 941 luerit
915 893 978 941 seu
1000 872 1155 956 relictus,
1174 873 1369 942 affectuose
1389 891 1568 962 rogamus,
1590 883 1693 963 prout
1710 891 1794 941 sua-

362 970 447 1042 dent
471 969 641 1040 canonice
664 969 881 1054 sanctiones,
904 969 1070 1060 quatinus
1096 969 1182 1040 citra
1208 979 1354 1040 mortem
1376 979 1411 1038 et
1430 968 1666 1039 membrorum
1691 972 1795 1038 muti-

363 1067 526 1139 lationem
547 1067 637 1137 circa
659 1067 772 1160 ipsum
793 1088 896 1136 suurn
912 1067 1081 1156 juditium
1103 1067 1325 1152 moderetur,
1348 1075 1434 1153 eto.,
1457 1076 1633 1157 utsupra.

361 1268 421 1334 32.
445 1269 580 1333 Forma
595 1270 777 1332 sententie
793 1268 954 1348 alicujus
971 1269 1156 1334 manichei
1170 1267 1323 1331 heretici
1338 1266 1516 1330 obstinati
1532 1266 1694 1330 nolentis
1708 1283 1795 1331 con·

488 1378 584 1441 verti
599 1377 645 1440 ab
662 1377 848 1441 erroribus
866 1394 934 1441 neo
950 1378 1086 1441 reverti
1105 1377 1151 1440 ad
1168 1375 1460 1439 ecclesiasticam
1473 1375 1668 1438 unitatem.

407 1566 444 1636 ln
477 1567 620 1638 nomine
645 1566 807 1650 Domini,
828 1586 945 1635 amen.
976 1565 1149 1648 Quoniam
1180 1586 1244 1636 nos
1275 1564 1361 1634 talos
1380 1575 1416 1634 et
1445 1563 1545 1656 tales,
1567 1566 1794 1655 inquisitores

360 1663 515 1736 heretice
531 1664 727 1757 pravitatis,
745 1674 781 1734 et
797 1663 896 1748 tales,
914 1664 1035 1734 vicarii
1051 1685 1114 1734 seu
1129 1663 1364 1735 commissarii
1382 1661 1539 1754 deputati
1559 1661 1593 1729 in
1609 1661 1675 1731 hac
1697 1673 1794 1755 parte

360 1783 421 1855 per
438 1763 542 1834 talem
559 1762 778 1855 episcopum,
792 1783 854 1854 per
872 1761 1137 1853 inquisitionem
1157 1782 1225 1853 que
1245 1759 1283 1830 111
1301 1759 1512 1850 generaliter
1530 1769 1650 1830 contra
1670 1780 1794 1830 omnes

360 1859 519 1945 inlectos,
543 1860 729 1930 infamatos
748 1870 809 1928 aut
827 1870 1010 1951 suspectos
1035 1858 1080 1930 de
1105 1859 1259 1929 heretica
1279 1861 1470 1950 pravitate,
1493 1867 1528 1926 et
1547 1877 1610 1949 per
1634 1867 1710 1926 acta
1732 1879 1794 1950 pu·

360 1956 448 2028 blica
478 1967 513 2026 et
540 1977 725 2049 processus
755 1957 993 2048 inquisitionis
1023 1956 1182 2047 ejusdem
1212 1954 1414 2025 invenimus
1441 1965 1476 2024 et
1505 1953 1661 2045 legitime
1692 1955 1794 2025 nobis

359 2065 494 2126 constat
514 2067 581 2124 tam
604 2075 666 2147 per
688 2066 793 2125 testes
814 2056 848 2123 in
870 2057 1100 2146 inquisitione
1125 2064 1284 2145 receptos
1310 2064 1345 2123 et
1368 2053 1504 2143 juratos
1527 2072 1631 2143 quam
1659 2073 1720 2144 per
1738 2073 1794 2124 as·

358 2152 547 2223 sertionem
582 2164 617 2222 et
649 2152 933 2237 consessionem,
972 2173 1091 2245 ymmo
1125 2151 1245 2222 verius
1284 2151 1537 2243 professionem
1577 2149 1794 2242 prophanam

359 2248 437 2320 talis
467 2249 513 2321 de
544 2249 601 2319 tali
634 2249 710 2321 loco
739 2249 817 2320 talis
846 2251 1009 2344 dyocesis
1036 2253 1072 2319 in
1104 2249 1221 2320 heresi
1249 2249 1462 2340 deprehensi
1494 2256 1529 2317 et
1560 2247 1673 2340 capti,
1698 2249 1794 2339 quod

360 2341 400 2442 [1ο
418 2347 459 2415 ’11
485 2343 522 2444 b]
544 2349 620 2440 ipse
640 2346 733 2442 (l)a
761 2348 879 2418 multis
901 2359 994 2419 retro
1013 2349 1116 2418 annis
1141 2348 1251 2418 lactus
1278 2347 1342 2414 luit
1368 2345 1545 2416 hereticus
1570 2346 1791 2432 consolatuS,

358 2465 476 2538 ymmo
501 2445 622 2515 verius
646 2445 845 2530 desolatus,
866 2458 902 2515 et
926 2457 1087 2538 receptus
1113 2446 1158 2515 ad
1182 2456 1313 2515 sectam
1336 2455 1371 2513 ct
1395 2443 1547 2514 heresim
1573 2443 1711 2514 illorum
1732 2445 1793 2535 qui

355 2561 396 2612 se
415 2541 509 2635 ipsos
528 2542 750 2613 solummodo
771 2554 805 2613 et
825 2543 940 2614 nullos
960 2544 1047 2614 alios
1067 2544 1181 2614 bonos
1204 2541 1366 2613 homines
1391 2551 1426 2610 et
1452 2541 1564 2612 bonos
1584 2540 1794 2612 christianos

356 2639 551 2732 appeliant,
578 2636 696 2738 quo[s]
731 2651 851 2711 sancta
887 2641 1040 2712 Romana
1068 2640 1221 2712 Ecclesia
1245 2639 1398 2733 appellat
1422 2661 1484 2710 seu
1512 2639 1672 2709 nominat
1693 2638 1793 2709 here·

356 2739 445 2808 ticos
476 2739 648 2831 perlectos
676 2739 763 2808 alias
794 2738 1013 2824 consolatos,
1046 2760 1165 2832 ymmo
1195 2740 1315 2810 verius
1343 2737 1542 2820 desolatos,
1572 2737 1793 2827 eandemque

354 2847 486 2905 sectam
508 2847 543 2905 et
562 2836 713 2906 heresim
735 2836 854 2906 multis
884 2840 986 2906 annis
1008 2840 1120 2907 tenuit
1139 2849 1174 2908 et
1191 2840 1370 2921 servavit,
1390 2836 1478 2907 alios
1503 2834 1720 2906 cohereticos
1744 2836 1794 2902 in·

355 2932 521 3003 elinando
546 2955 585 3004 se
612 2934 786 3027 profunde
810 2955 927 3005 coram
948 2935 1000 3005 cis
1020 2956 1117 3006 more
1141 2935 1342 3021 hereticali,
1364 2932 1514 3003 dicendo
1537 2957 1546 3000 ε
1569 2930 1790 3015 Bcuedr'cr'te,

354 3032 475 3123 sepius
497 3029 699 3119 adorando,
721 3053 832 3125 seque
851 3033 896 3102 ab
919 3033 1053 3102 eisdem
1075 3053 1177 3103 versa
1198 3033 1278 3103 vice
1298 3052 1434 3102 necnon
1455 3030 1500 3100 ab
1518 3029 1597 3100 aliis
1616 3029 1792 3100 credenti·

352 3125 422 3198 bns
440 3139 536 3199 secte
554 3151 619 3200 sue
638 3142 674 3200 et
694 3130 828 3200 heresis
849 3131 990 3201 adorari
1011 3130 1242 3201 consimiliter
1261 3129 1443 3211 iaciendo,
1464 3128 1643 3219 ritumque
1662 3138 1698 3196 61
1717 3148 1793 3198 mo·

355 3222 439 3296 dum
463 3246 505 3297 ac
528 3248 644 3298 mores
665 3240 761 3298 secte
781 3228 939 3318 ejusdem
960 3228 996 3297 in
1017 3227 1096 3298 aliis
1115 3227 1361 3312 observando,
1386 3225 1583 3318 multasque
1608 3225 1793 3316 utriusque

354 3343 463 3394 sexus
484 3345 652 3417 personas
677 3325 721 3394 ad
743 3326 891 3395 eandem
912 3328 1048 3396 monuit
1069 3339 1104 3395 et
1124 3325 1264 3395 induxit
1282 3328 1357 3396 suis
1377 3324 1556 3394 erroribus
1577 3323 1790 3409 imbuendo,

355 3431 390 3490 et
406 3422 594 3492 nonnullas
615 3424 648 3490 in
669 3444 788 3492 earum
809 3423 1071 3493 infirmitatibus
1091 3423 1332 3506 heredeaudo,
1352 3432 1387 3492 et
1405 3421 1439 3491 in
1459 3433 1590 3491 sectam
1609 3442 1708 3490 suam
1731 3441 1793 3512 per

354 3519 614 3613 impositionem
646 3541 810 3590 manuum
838 3542 934 3592 more
956 3521 1136 3592 hereticali
1159 3518 1363 3612 recipiendo
1386 3518 1580 3590 secundum
1602 3521 1790 3611 pessimam

354 3618 645 3688 consuetudinem
666 3620 886 3706 eorumdem,
909 3618 1013 3689 fidem
1035 3618 1241 3689 catholicam
1265 3614 1788 3710 multiplicitercorrumpendo,

355 3714 502 3787 eandem
523 3737 665 3808 quoque
689 3728 819 3787 sectam
841 3729 876 3788 et
897 3717 1050 3787 heresim
1072 3737 1165 3786 nunc
1184 3737 1223 3786 se
1243 3713 1426 3806 profitetur
1451 3725 1571 3785 tenero
1591 3725 1626 3784 et
1646 3732 1792 3782 servare

354 3823 389 3882 et
407 3815 443 3883 in
466 3818 511 3885 ea'
527 3834 567 3884 se
588 3815 714 3884 asserit
731 3813 824 3884 velle
844 3814 966 3885 vivere
988 3826 1094 3906 atque
1114 3814 1215 3884 mori.
1237 3813 1309 3883 Hac
1330 3823 1447 3883 autem
1475 3823 1528 3882 est
1552 3823 1646 3882 secta
1672 3809 1731 3879 illa
1756 3820 1792 3879 et

353 3907 490 3982 heresis
515 3911 655 3982 illorum
684 3914 746 4003 qui
772 3912 862 3982 duos
882 3912 967 3982 deos
994 3923 1029 3981 et
1056 3911 1145 3982 duos
1165 3910 1328 3982 dominos
1356 3931 1434 3981 esse
1454 3921 1607 4002 ponunt,
1628 3916 1792 3978 asserunt

353 4018 388 4078 et
406 4009 580 4097 latentur,
604 4031 712 4078 unum
734 4009 901 4080 videlicet
920 4010 1112 4099 benignum
1133 4029 1238 4100 quem
1260 4018 1452 4079 creatorem
1474 4001 1515 4102 [l⁰
1536 4006 1576 4074 71
1605 4001 1637 4102 6]
1659 4004 1790 4075 solum·

354 4107 460 4178 modo
491 4107 722 4179 invisibilium
750 4118 785 4177 et
813 4106 1049 4200 spiritualium
1078 4105 1311 4193 confitentur,
1335 4106 1441 4176 alium
1473 4125 1560 4174 vero
1580 4101 1787 4192 malignum,

353 4215 547 4275 creatorem
573 4207 731 4275 omnium
759 4227 874 4275 rerum
902 4205 1094 4274 visibilium
1123 4215 1158 4273 61
1186 4204 1417 4296 corporalium
1443 4211 1669 4288 asserentes;
1691 4220 1790 4270 orea-

353 4303 556 4394 tionemque
587 4301 787 4392 hujusmodi
822 4301 1055 4395 corporalium
1089 4312 1196 4393 atque
1230 4300 1420 4371 visibilium
1453 4298 1576 4369 dicunt
1609 4318 1679 4368 non
1711 4318 1790 4368 esse

353 4399 478 4470 iactam
499 4420 518 4469 a
538 4400 610 4469 Deo
638 4412 735 4492 patre
754 4400 873 4471 calesti
896 4421 960 4470 neo
980 4421 999 4469 a
1021 4399 1168 4470 Domino
1186 4398 1292 4468 lhesu
1311 4397 1461 4482 Christo,
1487 4407 1541 4466 set
1565 4417 1584 4466 a
1610 4394 1701 4466 malo
1721 4396 1790 4465 deo

353 4518 457 4590 quem
486 4496 666 4590 appellant
690 4519 753 4568 seu
781 4501 963 4568 nominant
990 4497 1179 4590 dyabolum
1207 4506 1242 4565 et
1266 4495 1448 4566 sathanam
1477 4513 1518 4563 ao
1548 4493 1654 4563 deum
1684 4492 1788 4582 hujus

352 4595 463 4666 seculi
487 4606 523 4664 et
550 4597 742 4688 principem
773 4596 878 4686 hujus
905 4595 1041 4665 mundi.
1064 4594 1148 4664 Item
1168 4593 1257 4663 duas
1275 4613 1353 4663 esse
1371 4590 1577 4682 confingunt
1599 4589 1787 4677 ecclesias,

352 4713 500 4786 quarum
523 4714 627 4762 unam
650 4693 776 4763 dicunt
793 4715 871 4763 esso
890 4693 1079 4784 benignam
1098 4701 1133 4761 et
1152 4689 1335 4760 ecclesiam
1350 4690 1456 4759 Jhesu
1476 4688 1615 4774 Christi,
1628 4686 1790 4758 videlicet

353 4800 484 4862 sectam
504 4811 619 4877 suam,
638 4809 789 4882 eamque
808 4791 939 4861 habere
959 4792 1081 4861 dicunt
1101 4787 1205 4858 fidem
1224 4799 1352 4858 rectam
1374 4789 1409 4855 in
1430 4807 1500 4878 qua
1518 4805 1640 4856 omnes
1658 4795 1694 4855 et
1711 4784 1790 4854 sine

353 4908 420 4981 qua
442 4888 561 4958 nullus
590 4891 754 4980 pervenit
780 4888 824 4958 ad
850 4888 998 4959 salutem
1018 4911 1027 4975 ;
1044 4886 1147 4956 aliam
1170 4906 1256 4957 vero
1273 4884 1461 4977 malignam
1483 4883 1606 4953 dicunt
1624 4904 1702 4953 esse
1720 4882 1791 4953 Ro·

386 5117 422 5185 11)
438 5116 490 5170 lstc
502 5117 558 5183 suit
575 5116 671 5170 Petrus
687 5119 797 5171 laterai
811 5116 843 5170 dc
857 5118 914 5172 ,lus
927 5118 959 5170 in
972 5115 1127 5171 Souortcsio
1143 5115 1334 5183 appamenus
1348 5113 1479 5183 dyocesis.
1495 5111 1524 5167 A
1539 5111 1565 5166 la
1581 5127 1690 5182 mange.

1588 5210 1622 5271 17
