4612 6404
437 643 506 712 548
725 655 890 709 raucum
915 656 1157 723 tuomsuuorus
1184 658 1347 713 anamim
1372 661 1586 714 rmurarrs.

435 820 530 912 qnod
557 817 666 909 aliqui
693 816 737 886 de
762 816 856 887 dioto
881 816 1005 886 ordine
1030 819 1173 887 luerunt
1195 819 1287 911 capti
1312 842 1375 910 per
1402 820 1629 912 inquisitores
1658 833 1694 892 et
1718 823 1877 894 incarce-

439 917 526 1000 rati,
549 916 605 986 vel
631 914 761 1007 puniti,
784 935 846 983 seu
867 915 977 983 relicti
998 915 1095 985 curie
1114 917 1263 986 seculari
1287 918 1342 987 uel
1364 917 1557 1000 combusti,
1579 920 1761 1012 respondit
1782 922 1881 1013 quod

436 1015 488 1086 sic
509 1014 594 1084 tales
614 1024 649 1083 et
670 1011 755 1082 tales
775 1028 810 1081 et
834 1011 920 1081 tales
947 1013 981 1080 iu
1003 1013 1131 1082 talibus
1151 1015 1245 1084 villis
1264 1011 1539 1108 (exprimuntur
1555 1017 1703 1087 nemim
1721 1017 1881 1110 singulo·

434 1109 548 1206 rum).
560 1112 797 1200 interrogatus
808 1110 853 1178 da
869 1111 973 1181 modo
988 1111 1133 1180 vivendi
1148 1133 1252 1203 quem
1270 1126 1390 1184 tenent
1401 1126 1436 1183 et
1450 1125 1651 1193 servant,et
1667 1115 1696 1184 si
1709 1116 1883 1206 jejunant

436 1222 469 1280 et
487 1221 676 1302 quantum,
697 1221 731 1278 et
755 1207 783 1278 si
807 1220 927 1283 orant.
947 1221 981 1278 et
1008 1231 1096 1300 quas
1115 1213 1293 1281 orationes
1313 1211 1462 1296 iaciunt,
1485 1211 1665 1304 respondit
1685 1206 1727 1308 [P
1748 1213 1820 1283 ⁴87
1839 1211 1881 1314 d]

433 1308 528 1400 quod
550 1307 675 1377 modus
696 1305 856 1389 vivendi,
872 1306 1054 1395 Jejunandi
1075 1319 1109 1377 et
1126 1309 1249 1378 orandi
1270 1330 1392 1379 eorum
1412 1322 1466 1379 est
1487 1310 1564 1379 talis
1583 1321 1618 1380 et
1637 1310 1717 1380 talis
1734 1311 1880 1405 (expri-

433 1402 608 1498 maatur).
627 1405 864 1493 interrogatus
885 1403 930 1473 de
948 1405 1052 1474 modo
1071 1428 1175 1496 quem
1197 1419 1317 1476 tenent
1335 1419 1371 1476 et
1388 1407 1518 1476 habent
1534 1407 1568 1476 in
1587 1408 1820 1499 predicando,
1840 1423 1883 1482 et

433 1504 611 1584 docende,
628 1524 691 1571 seu
711 1501 952 1595 exhortando,
977 1503 1031 1572 vel
1058 1503 1279 1573 inlormaudo
1297 1525 1336 1574 se
1364 1507 1457 1596 ipsos
1479 1507 1533 1575 rel
1555 1505 1662 1581 alios.
1685 1509 1881 1598 respondit

431 1602 526 1694 quod
557 1601 660 1670 talem
693 1600 857 1669 attalem
886 1597 1162 1693 (exprimantur
1190 1601 1364 1696 singula).
1396 1603 1634 1694 Interrogatus
1659 1603 1689 1672 si
1718 1626 1884 1697 unquam

431 1709 648 1789 congregant
674 1719 730 1783 se,
753 1699 809 1766 vel
832 1699 980 1767 ueniunt
1005 1698 1133 1770 alicubi
1161 1700 1206 1769 de
1233 1713 1333 1770 nocte
1356 1700 1401 1769 ad
1428 1700 1625 1770 docendum
1651 1700 1707 1771 vel
1732 1702 1884 1795 aliquid

431 1798 526 1867 aliud
547 1796 766 1878 laciendum,
789 1808 824 1865 et
843 1795 999 1886 quando,
1023 1796 1081 1864 ubi
1100 1810 1141 1867 et
1161 1797 1357 1891 quomodo,
1379 1799 1558 1889 respoudit
1578 1798 1672 1889 quod
1692 1798 1739 1867 sit
1756 1800 1886 1872 taliter

433 1907 467 1965 et
487 1896 602 1965 taliter
622 1893 900 1986 (exprimuntur
916 1895 1089 1986 singula).
1111 1896 1347 1986 Interrogatus
1368 1896 1396 1965 si
1417 1895 1548 1965 habent
1567 1896 1712 1988 aliquod
1734 1907 1886 1991 tempus

434 1993 706 2063 determinatum
733 1993 767 2060 in
792 2014 886 2062 anno
910 1993 965 2062 vel
990 1992 1143 2084 aliquem
1172 1994 1285 2063 locum
1312 1993 1513 2086 specialiter
1532 1995 1736 2085 deputatum
1757 1995 1806 2065 ad
1828 1998 1886 2068 la·

432 2091 595 2162 cierulurn
623 2091 776 2182 aliquaur
804 2091 1113 2181 congregationem
1142 2093 1308 2179 majorem
1337 2092 1382 2160 ad
1409 2094 1627 2160 tractandum
1650 2091 1695 2161 do
1717 2095 1885 2183 negociis

433 2190 524 2271 suis,
547 2190 728 2282 respoudit
745 2185 1022 2281 (euprinmtur).
1044 2189 1280 2279 interrogatus
1301 2189 1336 2257 in
1359 2189 1503 2280 speciali
1527 2189 1572 2259 de
1592 2189 1748 2260 doctrina
1772 2212 1883 2263 erro-

434 2310 499 2359 nea
523 2310 586 2357 seu
609 2287 788 2357 erroribus
818 2308 939 2355 eurum
964 2308 1053 2378 quos
1084 2298 1202 2357 teuent
1225 2297 1259 2356 et
1283 2286 1410 2358 docent
1440 2301 1560 2356 contra
1588 2286 1693 2356 fidem
1718 2287 1885 2363 Ecclesie

434 2384 588 2457 Romane
608 2395 669 2454 aut
689 2395 809 2454 contra
827 2406 1050 2454 communem
1074 2396 1202 2454 statum
1224 2384 1436 2476 prelatorum
1458 2396 1492 2454 et
1511 2385 1718 2454 clericorum
1739 2397 1775 2455 et
1796 2389 1888 2458 reli·

432 2488 628 2576 giosoruur,
647 2482 827 2575 respoudit
844 2492 879 2552 et
895 2483 1078 2552 coufessus
1096 2484 1159 2551 luit
1179 2482 1274 2574 quod
1293 2483 1379 2551 tales
1394 2493 1428 2551 et
1445 2482 1588 2573 tales(ct
1601 2483 1638 2550 iu
1649 2482 1712 2552 isto
1726 2482 1801 2554 loco
1815 2508 1885 2556 ex·

428 2582 638 2676 priumutur
662 2602 805 2649 errores
826 2600 912 2674 quos
931 2580 1005 2672 ipse
1028 2581 1198 2672 confitens
1218 2579 1355 2649 dr'ocerr't
1377 2602 1448 2671 per
1469 2603 1506 2648 se
1529 2580 1646 2672 ipsum
1664 2580 1886 2673 singillatim

429 2687 461 2751 ct
480 2679 640 2751 destincte
662 2700 731 2770 prr
752 2679 921 2749 articulos
950 2679 1145 2748 istomodo.
1169 2679 1285 2747 Primo
1308 2683 1516 2769 recognovit
1541 2689 1574 2747 et
1599 2679 1784 2748 contessus
1812 2682 1886 2753 luit

431 2778 525 2871 quod
553 2779 674 2848 dicuut
700 2788 734 2846 et
755 2776 883 2871 docent
903 2790 937 2847 et
962 2778 1111 2847 credunt
1136 2791 1170 2847 et
1195 2788 1315 2845 tenent
1337 2776 1382 2846 de
1401 2776 1554 2845 Ecclesia
1574 2775 1728 2846 Romana
1752 2776 1823 2847 hoc
1842 2792 1886 2850 et

431 2875 497 2946 hoc
515 2875 795 2970 (carpi-ematur).
811 2875 911 2949 item.
936 2875 981 2944 de
1001 2895 1090 2966 papa
1110 2875 1260 2945 creduut
1280 2885 1314 2943 et
1329 2874 1451 2944 dicunt
1465 2895 1528 2943 seu
1549 2873 1788 2964 dogmatizant
1809 2876 1885 2948 hoc

430 2985 465 3045 ot
484 2974 550 3044 lroc
571 2972 849 3067 (carpi-iuratur).
868 2973 967 3056 item,
990 2972 1034 3041 de
1051 2973 1195 3065 prelatis
1214 2983 1249 3041 et
1271 2971 1408 3042 clericis
1426 2984 1461 3041 et
1479 2971 1652 3061 religiosis
1670 2972 1822 3041 credunt
1844 2987 1885 3045 et

430 3072 554 3141 dieuut
578 3085 610 3140 ct
637 3072 875 3162 dogmatizant
898 3069 965 3139 hoc
992 3081 1026 3139 et
1050 3069 1118 3140 hoo
1136 3067 1408 3162 (adprimatum
1433 3069 1535 3139 etsie
1556 3068 1600 3138 dc
1621 3068 1772 3160 singulis
1794 3070 1885 3144 aliis

428 3168 517 3239 sr'cut
543 3167 617 3263 ipse
647 3168 820 3261 repressit
839 3176 870 3237 et
894 3167 1073 3254 confessum
1091 3167 1164 3260 fuit
1182 3166 1424 3260 singillatim).
1447 3168 1635 3257 Postquam
1659 3179 1777 3237 autem
1799 3170 1884 3260 ipse

430 3268 601 3338 uoulltous
627 3266 756 3335 ‹linurit
775 3276 810 3335 et
829 3265 1045 3358 expresserit
1066 3265 1144 3336 illos
1167 3287 1306 3335 errores
1330 3279 1365 3335 et
1387 3266 1465 3337 illos
1490 3265 1656 3334 articulos
1681 3265 1716 3333 in
1741 3266 1882 3356 quibus

431 3365 575 3435 ‹luviaut
595 3386 613 3433 u
635 3363 812 3434 couuuuui
835 3358 876 3460 [l0
898 3363 966 3431 t88
983 3358 1018 3460 a]
1039 3373 1132 3432 statu
1151 3375 1187 3434 et
1205 3384 1224 3432 a
1242 3361 1312 3433 fide
1330 3362 1484 3433 Ecclesie
1502 3363 1657 3432 Romane
1677 3362 1722 3432 de
1742 3363 1881 3454 quibus

433 3462 536 3533 luorit
564 3460 788 3543 recordatus
818 3473 899 3531 tuuc
926 3462 1031 3531 etiam
1062 3462 1189 3554 poterit
1217 3461 1427 3552 interrogari
1457 3473 1491 3531 et
1521 3460 1740 3540 examinari,
1768 3475 1882 3535 caute

433 3570 568 3642 tauron,
587 3560 631 3629 du
649 3558 727 3629 ullis
747 3581 836 3651 quos
857 3559 932 3652 ipse
952 3580 1022 3630 non
1040 3559 1255 3652 expresserit
1274 3561 1335 3651 qui
1352 3559 1516 3651 superius
1534 3570 1617 3627 suut
1635 3559 1827 3643 nominati,
1846 3563 1880 3632 si

432 3656 566 3751 aliquid
594 3658 659 3728 scit
685 3658 741 3727 vul
766 3657 903 3728 audiuit
928 3658 973 3727 de
997 3657 1048 3726 eis
1074 3657 1164 3736 dici,
1184 3668 1219 3726 et
1242 3657 1328 3747 quid
1351 3658 1425 3749 ipse
1444 3655 1594 3726 credidit
1614 3668 1673 3724 aut
1694 3657 1808 3726 tenuit
1830 3659 1882 3731 de

433 3756 566 3827 uistluur
587 3755 635 3849 (rt
658 3752 836 3825 scribatur
857 3755 898 3823 id
913 3754 1007 3848 quod
1028 3754 1282 3848 respondent).
1304 3756 1541 3846 Interrogatus
1565 3754 1594 3822 si
1623 3753 1697 3843 ipse
1722 3754 1883 3826 credidit

433 3852 545 3923 dictus
565 3874 703 3923 errores
722 3854 915 3945 dequibus
934 3854 1116 3924 consessus
1136 3868 1188 3924 est
1208 3874 1287 3922 esse
1308 3874 1433 3933 veros,
1453 3865 1488 3922 et
1508 3851 1636 3920 dictam
1657 3864 1788 3922 sectam
1807 3874 1881 3925 seu

432 3950 564 4021 diutuur
589 3951 749 4022 ordiuuur
775 3951 1163 4044 Pseudoapostolorum
1184 3972 1262 4021 esse
1283 3951 1432 4033 bonum,
1456 3963 1490 4019 et
1516 3948 1610 4040 quod
1637 3949 1711 4043 ipse
1736 3951 1793 4020 vel
1821 3950 1878 4022 illi

432 4048 492 4140 qui
515 4059 672 4119 tuuuruut
694 4049 825 4119 dictum
846 4049 1005 4119 ordinatu
1035 4061 1070 4117 et
1089 4049 1201 4118 dictos
1221 4069 1359 4118 errores
1378 4059 1539 4117 tenerent
1560 4048 1686 4116 bonurn
1708 4046 1813 4117 fidem
1840 4062 1880 4120 et

433 4145 560 4215 bouum
590 4149 697 4216 uituur
723 4147 758 4215 iu
785 4168 853 4238 qua
879 4157 1020 4238 possent
1044 4146 1192 4219 saliari.
1219 4147 1382 4238 quamvis
1408 4145 1483 4237 ipse
1509 4147 1615 4213 sciret
1643 4146 1738 4238 quod
1767 4159 1879 4218 eraut

432 4243 597 4314 coutrurii
615 4242 768 4314 Ecclesie
784 4245 998 4320 Romane,et
1016 4243 1110 4332 quod
1132 4243 1182 4314 illi
1203 4245 1263 4335 qui
1282 4255 1400 4313 teneat
1420 4240 1525 4314 tidem
1544 4240 1698 4314 Ecclesie
1714 4243 1879 4316 Romane

434 4341 735 4432 persequebantur
759 4363 846 4425 eos,
872 4339 1054 4431 respoudit
1076 4341 1171 4431 quod
1196 4343 1261 4412 sic.
1288 4341 1527 4433 iuterrogatus
1553 4355 1686 4431 quanto
1713 4351 1880 4434 tempore

432 4439 527 4508 stetit
544 4438 578 4507 iu
596 4439 687 4506 dicta
702 4437 896 4515 credentia,
916 4436 1096 4527 respoudit
1115 4438 1210 4526 quod
1232 4450 1328 4508 tauto
1344 4450 1503 4532 tempore
1518 4435 1771 4531 (empriruatur
1789 4463 1801 4508 .·
1822 4451 1879 4513 tot

432 4536 555 4613 aunis,
577 4534 633 4603 orl
646 4536 697 4606 sic
717 4559 728 4602 s
751 4535 795 4603 ab
819 4535 879 4603 illo
900 4544 1056 4624 tempore
1070 4554 1142 4623 quo
1162 4539 1275 4626 primo
1294 4539 1494 4629 concensit,
1514 4539 1607 4607 sicut
1626 4537 1719 4608 dixit
1737 4558 1874 4630 supra,

434 4633 606 4724 usquead
629 4634 697 4702 tale
717 4647 853 4723 tempus
870 4628 1128 4720 exprimatur).
1152 4631 1390 4724 Interrogatus
1407 4636 1556 4705 simodo
1574 4635 1687 4705 credit
1708 4635 1772 4719 ita,
1796 4657 1878 4708 res·

435 4730 558 4820 poudit
575 4730 669 4820 quod
690 4751 780 4811 non;
797 4738 853 4798 set
872 4727 948 4796 vult
963 4726 1087 4795 vivere
1104 4737 1139 4795 et
1154 4731 1242 4798 mori
1259 4732 1293 4799 iu
1315 4730 1383 4800 lide
1405 4733 1560 4803 Romane
1580 4731 1735 4803 Ecclesie
1755 4744 1793 4803 et
1810 4757 1877 4827 pe·

436 4825 512 4894 tivit
534 4827 748 4896 reconciliari
769 4837 806 4897 et
821 4823 957 4895 absolvi
977 4842 998 4891 a
1015 4825 1190 4894 sententia
1209 4831 1602 4900 excommunicationis.
