4574 6404
949 668 1068 720 murm
1094 668 1190 720 rans.
1717 648 1780 717 llll

357 826 492 899 ratione
503 817 708 919 discuss[o],
722 844 763 893 ao
775 821 926 895 finaliter
940 848 1001 918 per
1015 838 1186 897 maturum
1198 848 1240 897 ac
1249 827 1422 897 concorde
1438 826 1583 897 omnino
1598 824 1783 896 consilium

357 922 581 1021 preordinato
612 942 689 990 cum
721 921 806 1013 ipsis
838 944 944 1015 super
970 926 1103 995 eisdem
1135 925 1247 1017 culpis
1276 945 1317 994 ac
1346 923 1537 994 sceleribus
1568 923 1785 996 correctione

357 1023 475 1095 debita
492 1019 697 1112 puniendis,
719 1018 892 1110 quibusiu
910 1043 1016 1092 uuum
1037 1025 1258 1114 congregatis
1282 1016 1323 1116 [p
1339 1022 1384 1090 83
1404 1018 1453 1116 c],
1479 1021 1667 1092 collatione
1677 1041 1786 1113 super

357 1121 424 1192 hiis
443 1117 562 1188 habita
583 1115 756 1207 diligenti,
780 1117 894 1186 visum
915 1130 981 1206 est,
1000 1120 1096 1191 nullo
1117 1120 1255 1213 penitus
1277 1119 1510 1211 discrepante,
1531 1118 1627 1210 quod
1648 1119 1783 1189 sacrifi·

356 1239 436 1290 care
457 1237 521 1286 seu
544 1214 725 1284 immolare
745 1214 969 1303 demonibus,
995 1221 1055 1287 uni
1073 1219 1128 1289 vel
1151 1218 1329 1309 pluribus,
1361 1238 1423 1287 seu
1453 1219 1504 1286 eis
1528 1215 1697 1287 honorem
1725 1229 1786 1287 aut

358 1312 589 1387 reverentiam
619 1310 833 1383 adorationis
854 1313 913 1381 uni
942 1314 1006 1386 soli
1032 1316 1104 1388 Deo
1123 1315 1276 1385 debitam
1298 1313 1485 1401 exhibere,
1507 1333 1576 1383 uon
1597 1313 1710 1384 solum
1731 1323 1787 1384 est

357 1410 532 1510 ydolatrie
550 1409 679 1479 vicium
699 1419 734 1479 et
754 1421 948 1502 peccatum,
971 1435 1093 1483 verum
1119 1414 1222 1484 etiam
1244 1435 1288 1483 ex
1307 1422 1430 1481 natura
1453 1412 1563 1504 ipsius
1586 1412 1679 1496 lacti,
1702 1432 1785 1504 pen·

358 1511 440 1584 satis
457 1506 731 1579 circumstanciis
751 1517 786 1577 et
806 1509 919 1579 modis
939 1510 1043 1581 etiam
1063 1510 1245 1595 iaciendis,
1261 1521 1296 1580 et
1312 1511 1441 1579 lactum
1455 1509 1658 1595 hereticam,
1676 1510 1784 1601 sapit·

358 1630 426 1702 que
445 1606 596 1677 heresim
618 1604 801 1675 manifeste
813 1615 849 1676 et
867 1628 1021 1679 errorem
1043 1610 1077 1678 iu
1100 1607 1169 1679 lide
1188 1608 1358 1678 catholica
1375 1628 1444 1698 que
1464 1628 1571 1676 uuum
1592 1606 1705 1677 solum
1722 1628 1786 1677 ve-

359 1728 433 1777 rum
451 1705 577 1790 Deum,
590 1704 739 1789 Patrem,
757 1714 793 1772 et
811 1703 950 1792 Filium,
968 1706 1179 1799 etSpiritum
1196 1705 1375 1789 Sanctum,
1387 1704 1510 1775 adorat
1522 1716 1557 1775 et
1567 1704 1650 1775 colit
1664 1708 1701 1774 in
1715 1705 1785 1796 spi-

359 1805 424 1874 ritu
436 1812 471 1872 et
484 1801 633 1871 veritate
653 1801 790 1892 ipsique
806 1801 870 1872 soli
890 1804 993 1875 ollert
1008 1806 1092 1896 juge
1100 1801 1309 1874 sacrificium
1320 1802 1434 1873 hostie
1453 1801 1616 1872 salutaris
1632 1802 1667 1872 iu
1684 1823 1785 1873 sacre

359 1897 569 1974 eucharistie
584 1909 818 1985 sacramento,
833 1901 963 1971 cultum
984 1901 1199 1973 adorationis
1216 1900 1316 1971 latrie
1335 1911 1370 1970 et
1384 1899 1564 1971 servitutis
1582 1900 1701 1971 debite
1718 1921 1784 1972 suo

359 2000 423 2071 soli
444 1996 618 2069 exbibens
634 1997 782 2068 creatori
795 2020 804 2083 3
817 1997 1011 2069 detestatur
1022 2011 1138 2070 autem
1156 1999 1280 2070 merito
1295 2009 1329 2068 et
1344 1997 1509 2069 abhorret
1523 2019 1662 2070 omnem
1676 1998 1785 2069 bomi-

360 2119 452 2179 nem,
475 2116 546 2167 non
567 2106 699 2165 tautum
721 2115 895 2188 paganum
912 2108 946 2166 et
966 2097 1131 2188 gentilem
1152 2096 1361 2190 ydolatram,
1383 2108 1436 2165 set
1453 2096 1556 2167 etiam
1579 2096 1688 2167 multo
1706 2116 1784 2187 gra·

360 2196 437 2266 vius
480 2214 738 2286 quemcumque
775 2193 835 2285 qui
863 2193 1052 2265 christiana
1090 2195 1308 2288 professione
1345 2204 1508 2264 censetur
1545 2193 1783 2264 immolantem

360 2293 567 2365 demonibus
586 2304 622 2362 et
641 2312 710 2362 uon
731 2291 817 2377 Deo,
839 2303 875 2361 et
901 2293 945 2363 ab
964 2294 1097 2364 unitate
1122 2293 1225 2363 nimis
1245 2290 1442 2363 orthodoxe
1470 2289 1552 2361 fidei
1582 2292 1784 2362 deviantem

360 2403 392 2464 et
410 2400 531 2462 contra
552 2390 709 2478 ejusdem
731 2386 815 2459 fidei
834 2390 1020 2460 articulum
1041 2392 1100 2482 qui
1120 2402 1174 2461 est
1191 2390 1236 2461 de
1255 2409 1326 2460 uno
1345 2389 1421 2460 solo
1440 2411 1526 2460 vero
1545 2391 1616 2461 lleo
1635 2389 1784 2460 colendo

360 2509 378 2560 a
397 2487 606 2558 christicolis
627 2487 826 2581 facientem,
847 2509 951 2578 quem
972 2489 1080 2559 Deum
1100 2489 1187 2559 tales
1207 2489 1395 2559 ollerentes
1414 2498 1449 2557 et
1467 2485 1703 2558 sacrificantes
1722 2487 1783 2557 de·

361 2586 535 2672 monibus,
554 2584 717 2678 quamvis
733 2606 794 2655 ore
811 2584 1057 2667 confiteantur,
1071 2587 1429 2676 lactisautemnegant
1444 2595 1480 2655 et
1494 2586 1687 2656 oberrante
1701 2584 1784 2655 fidei

361 2685 507 2755 veritate
523 2681 715 2776 prophanis
735 2692 770 2751 et
785 2684 885 2753 vanis
896 2681 1077 2754 sacrificiis
1093 2684 1178 2755 deos
1193 2684 1327 2754 alienos
1342 2684 1510 2753 demones
1531 2683 1757 2776 protestando
1773 2707 1781 2750 z

360 2781 423 2852 bec
444 2777 484 2879 [1⁰
504 2780 549 2850 83
569 2776 607 2878 d]
629 2792 761 2862 autem,
788 2782 949 2872 quamvis
969 2782 1003 2850 in
1024 2781 1181 2874 quolibet
1200 2781 1390 2852 christiano
1416 2782 1537 2872 gravia
1556 2782 1626 2852 siut
1644 2792 1678 2851 et
1697 2781 1782 2851 hor·

361 2879 482 2967 reuda,
495 2881 531 2947 in
550 2878 715 2970 religioso
733 2889 849 2949 tamen
865 2878 943 2950 viro
958 2881 1031 2973 (aut
1044 2880 1257 2974 presbitero)
1276 2879 1399 2950 litteris
1416 2880 1554 2949 erudito
1566 2892 1648 2950 sunt
1662 2877 1783 2972 procul

361 2976 467 3049 dubio
486 2976 649 3068 graviora
660 2987 696 3045 et
707 2977 850 3067 gravius
871 2977 1065 3068 punienda3
1084 2977 1228 3062 idcirco,
1248 2998 1311 3047 nos
1331 2978 1486 3071 prelatus
1502 2977 1687 3070 episcopus
1705 2997 1784 3069 pre·

362 3075 490 3146 dictum
510 3075 652 3144 fratrem
671 3074 712 3144 N.
734 3072 806 3167 (vel
819 3073 1063 3167 presbiterum)
1085 3096 1177 3144 nuuc
1196 3075 1326 3146 saniori
1347 3086 1501 3145 utentem
1523 3076 1669 3147 oonsilio
1686 3073 1785 3166 peni·

362 3182 488 3244 tentem
509 3183 543 3243 et
562 3172 679 3242 redire
696 3172 889 3257 uolentem,
908 3183 1010 3265 prout
1028 3174 1166 3267 asserit,
1186 3174 1229 3242 ad
1245 3172 1399 3243 Ecclesie
1417 3175 1601 3259 unitatem,
1615 3172 1785 3262 abjuratis

362 3271 497 3363 penitus
517 3291 580 3363 per
600 3270 751 3340 eundem
773 3270 808 3339 iu
823 3270 953 3361 juditio
972 3292 1087 3342 coram
1112 3271 1214 3342 nobis
1233 3271 1327 3341 omni
1347 3292 1467 3341 errore
1489 3292 1530 3341 ac
1558 3273 1626 3340 ritu
1648 3269 1782 3340 maleli-

362 3368 489 3439 oiorum
516 3388 557 3437 ac
593 3368 869 3458 sortilegiorum,
892 3379 927 3439 et
946 3369 1095 3439 factione
1113 3370 1315 3462 ymaginum
1336 3369 1557 3460 hujusmodi,
1579 3380 1614 3439 et
1640 3370 1784 3439 invoca·

364 3466 467 3554 tione,
487 3477 523 3537 et
541 3466 803 3557 conjuratione,
824 3486 865 3536 ac
884 3467 1131 3552 veneratione,
1159 3478 1194 3537 et
1216 3467 1455 3538 immolatione
1474 3467 1681 3552 demonum,
1705 3485 1785 3535 nec·

363 3585 428 3636 nou
448 3564 543 3636 omni
564 3563 630 3633 alia
650 3564 765 3634 heresi
785 3564 1038 3656 cujuscumque
1057 3574 1152 3636 secte
1171 3565 1379 3658 dampnate,
1406 3565 1664 3659 promittentem
1690 3564 1786 3633 insu-

363 3684 421 3754 per
447 3673 483 3733 et
505 3662 682 3752 jurantem
707 3662 751 3732 ad
772 3673 890 3731 sancta
914 3663 977 3732 Dei
1003 3661 1193 3754 Evangelia
1217 3662 1390 3733 mandatis
1417 3663 1545 3733 nostris
1574 3673 1608 3732 et
1631 3661 1785 3731 Ecclesie

362 3759 563 3853 simpliciter
583 3758 744 3843 obedire,
766 3759 982 3830 absolvimus
998 3768 1037 3830 et>
1052 3760 1086 3829 in
1108 3761 1218 3831 lorma
1238 3761 1355 3831 debita
1379 3760 1532 3832 Ecclesie
1556 3781 1576 3829 a
1602 3758 1785 3830 sententiis

362 3857 732 3945 excommunicationis
750 3858 863 3947 ajure
879 3857 1090 3949 generaliter
1112 3859 1340 3950 promulgatis
1359 3869 1478 3929 contra
1498 3855 1688 3947 maleficos,
1708 3882 1786 3931 sor-

363 3955 499 4046 tilegos,
522 3955 673 4026 lautores
691 3955 896 4049 ymaginum
916 3955 961 4025 ad
988 3957 1114 4048 quevis
1138 3954 1308 4026 maleficia
1325 3957 1557 4050 perpetranda
1582 3977 1661 4026 cum
1682 3958 1784 4049 adju·

363 4052 496 4124 ratione
520 4064 556 4122 et
585 4052 807 4124 invocatione
835 4053 1023 4124 demonum
1056 4064 1092 4124 et
1113 4055 1290 4125 oblatione
1319 4052 1480 4125 sacrificii
1512 4054 1786 4147 cujuscumque,

363 4170 448 4241 quas
468 4153 661 4220 sententias
688 4151 734 4221 ob
754 4150 910 4243 prediola
927 4152 1082 4221 noscitur
1101 4151 1304 4239 iucurrisse,
1322 4153 1352 4222 si
1373 4163 1488 4222 tamen
1506 4151 1551 4222 de
1569 4151 1677 4223 corde
1692 4153 1787 4228 bono

363 4257 395 4317 et
412 4245 484 4318 lide
504 4246 675 4319 nonlicta
700 4248 744 4317 ad
764 4247 920 4320 Ecclesie
946 4249 1089 4319 redierit
1108 4251 1276 4320 unitatem
1291 4260 1326 4320 et
1349 4251 1503 4338 injuncta
1528 4248 1595 4319 sibi
1623 4250 1788 4325 mundata

363 4345 569 4416 servaverit.
581 4344 622 4413 Et
633 4346 714 4437 quia
729 4346 763 4415 in
774 4346 883 4416 Deum
902 4358 937 4417 et
947 4358 1101 4416 sanctam
1118 4358 1262 4418 matrem
1273 4347 1462 4417 Ecclesiam
1480 4345 1785 4439 fidemquecatbo·

363 4441 460 4513 licam
481 4452 551 4512 tam
571 4444 726 4533 graviter
745 4444 893 4535 deliquit
910 4444 945 4515 in
962 4445 1151 4536 dampnato
1170 4445 1317 4514 crimine
1328 4444 1586 4536 sortilegiorum
1597 4466 1639 4515 ao
1654 4446 1785 4517 maleli-

363 4539 493 4611 ciorum
515 4535 555 4636 [1⁰
573 4537 619 4608 8l
638 4537 671 4638 a]
693 4562 771 4611 cum
786 4541 1013 4612 fabricatione
1027 4542 1230 4635 ymaginum
1254 4554 1289 4612 et
1316 4543 1540 4613 invocatione
1564 4562 1605 4614 ac
1628 4544 1788 4634 coujura-

364 4638 456 4708 tioue
487 4648 523 4708 et
554 4638 804 4725 veneratione,
833 4661 911 4708 cum
946 4637 1108 4709 sacrificii
1137 4640 1315 4711 oblatione
1341 4640 1530 4710 demonum
1564 4643 1655 4711 sicut
1681 4661 1789 4734 supra

364 4735 542 4806 recitatum
564 4747 630 4823 est,
646 4757 703 4824 ne,
719 4736 810 4806 sicut
829 4758 893 4806 nec
912 4737 1013 4806 decet
1029 4757 1094 4806 uec
1109 4737 1268 4830 expedit,
1284 4738 1429 4807 crimina
1443 4738 1565 4808 eadem
1584 4751 1789 4810 remaneant

363 4831 546 4926 impunita,
569 4834 614 4904 de
631 4833 803 4906 bonorum
824 4835 978 4905 virorum
1000 4845 1069 4903 tam
1087 4835 1316 4925 religosorum
1336 4855 1441 4928 quam
1457 4835 1667 4905 secularium
1694 4838 1786 4927 peri-

364 4939 474 5000 torum
496 4930 531 5000 in
553 4941 701 5022 utroque
716 4933 793 5022 jure
812 4943 949 5002 maturo
968 4951 1009 5000 ao
1027 4932 1164 5023 digesto
1190 4933 1350 5020 consilio,
1380 4953 1463 5020 uos,
1490 4931 1615 5003 Christi
1645 4936 1789 5006 nomine

364 5026 538 5117 invocato,
554 5028 722 5101 habentes
742 5050 802 5122 pre
821 5031 952 5100 occulis
970 5029 1083 5099 solum
1097 5030 1206 5102 Deum
1219 5040 1254 5102 ot
1271 5030 1469 5103 orthodoxe
1484 5027 1568 5102 fidei
1583 5033 1787 5124 puritatem,
