<?xml version="1.0" encoding="UTF-8"?>
<!DOCTYPE html PUBLIC "-//W3C//DTD XHTML 1.0 Transitional//EN"
    "http://www.w3.org/TR/xhtml1/DTD/xhtml1-transitional.dtd">
<html xmlns="http://www.w3.org/1999/xhtml" xml:lang="en" lang="en">
 <head>
  <title>
</title>
<meta http-equiv="Content-Type" content="text/html;charset=utf-8" />
  <meta name='ocr-system' content='tesseract 3.04.00' />
  <meta name='ocr-capabilities' content='ocr_page ocr_carea ocr_par ocr_line ocrx_word'/>
</head>
<body>
  <div class='ocr_page' id='page_1' title='image "./practicainquisi00douagoog_0249.png"; bbox 0 0 4574 6404; ppageno 0'>
   <div class='ocr_carea' id='block_1_1' title="bbox 421 644 1565 723">
    <p class='ocr_par' dir='ltr' id='par_1_1' title="bbox 421 644 1565 723">
     <span class='ocr_line' id='line_1_1' title="bbox 421 644 1565 723; baseline -0.006 -8"><span class='ocrx_word' id='word_1_1' title='bbox 421 644 492 715; x_wconf 73' lang='grc'>286</span> <span class='ocrx_word' id='word_1_2' title='bbox 708 657 871 711; x_wconf 81' lang='lat' dir='ltr'>raucum</span> <span class='ocrx_word' id='word_1_3' title='bbox 897 656 1138 723; x_wconf 81' lang='lat' dir='ltr'>ruoursrrrorus</span> <span class='ocrx_word' id='word_1_4' title='bbox 1165 656 1327 709; x_wconf 81' lang='lat' dir='ltr'>anamim</span> <span class='ocrx_word' id='word_1_5' title='bbox 1352 656 1565 711; x_wconf 80' lang='lat' dir='ltr'>rnavrrarrs.</span> 
     </span>
    </p>
   </div>
   <div class='ocr_carea' id='block_1_2' title="bbox 424 812 1863 3715">
    <p class='ocr_par' dir='ltr' id='par_1_2' title="bbox 424 812 1863 3715">
     <span class='ocr_line' id='line_1_2' title="bbox 426 812 1855 914; baseline -0.003 -24"><span class='ocrx_word' id='word_1_6' title='bbox 426 819 471 890; x_wconf 94' lang='lat' dir='ltr'>de</span> <span class='ocrx_word' id='word_1_7' title='bbox 487 829 520 888; x_wconf 91' lang='lat' dir='ltr'>te</span> <span class='ocrx_word' id='word_1_8' title='bbox 535 830 570 888; x_wconf 90' lang='lat' dir='ltr'>et</span> <span class='ocrx_word' id='word_1_9' title='bbox 584 818 629 887; x_wconf 90' lang='lat' dir='ltr'>de</span> <span class='ocrx_word' id='word_1_10' title='bbox 643 816 721 886; x_wconf 87' lang='lat' dir='ltr'>aliis</span> <span class='ocrx_word' id='word_1_11' title='bbox 735 816 965 909; x_wconf 91' lang='lat' dir='ltr'>complicibus</span> <span class='ocrx_word' id='word_1_12' title='bbox 981 818 1049 886; x_wconf 91' lang='lat' dir='ltr'>tuis</span> <span class='ocrx_word' id='word_1_13' title='bbox 1064 837 1170 909; x_wconf 93' lang='lat' dir='ltr'>super</span> <span class='ocrx_word' id='word_1_14' title='bbox 1183 815 1361 885; x_wconf 93' lang='lat' dir='ltr'>erroribus</span> <span class='ocrx_word' id='word_1_15' title='bbox 1377 825 1412 885; x_wconf 91' lang='lat' dir='ltr'>et</span> <span class='ocrx_word' id='word_1_16' title='bbox 1427 815 1653 908; x_wconf 87' lang='lat' dir='ltr'>opinionibus</span> <span class='ocrx_word' id='word_1_17' title='bbox 1671 813 1712 911; x_wconf 69' lang='lat' dir='ltr'>[p</span> <span class='ocrx_word' id='word_1_18' title='bbox 1730 813 1799 886; x_wconf 75' lang='lat' dir='ltr'>tea</span> <span class='ocrx_word' id='word_1_19' title='bbox 1815 812 1855 914; x_wconf 81' lang='lat' dir='ltr'>d]</span> 
     </span>
     <span class='ocr_line' id='line_1_3' title="bbox 426 913 1857 1006; baseline -0.003 -20"><span class='ocrx_word' id='word_1_20' title='bbox 426 915 584 987; x_wconf 79' lang='lat' dir='ltr'>erroneis</span> <span class='ocrx_word' id='word_1_21' title='bbox 604 914 837 1006; x_wconf 92' lang='lat' dir='ltr'>Bequinorum</span> <span class='ocrx_word' id='word_1_22' title='bbox 859 913 903 983; x_wconf 94' lang='lat' dir='ltr'>de</span> <span class='ocrx_word' id='word_1_23' title='bbox 924 914 1026 985; x_wconf 89' lang='lat' dir='ltr'>tertio</span> <span class='ocrx_word' id='word_1_24' title='bbox 1043 914 1184 998; x_wconf 82' lang='lat' dir='ltr'>ordine,</span> <span class='ocrx_word' id='word_1_25' title='bbox 1206 924 1240 983; x_wconf 89' lang='lat' dir='ltr'>et</span> <span class='ocrx_word' id='word_1_26' title='bbox 1258 933 1365 1005; x_wconf 90' lang='lat' dir='ltr'>super</span> <span class='ocrx_word' id='word_1_27' title='bbox 1381 913 1592 1002; x_wconf 91' lang='lat' dir='ltr'>quibusdam</span> <span class='ocrx_word' id='word_1_28' title='bbox 1607 913 1686 983; x_wconf 91' lang='lat' dir='ltr'>aliis</span> <span class='ocrx_word' id='word_1_29' title='bbox 1707 926 1857 1003; x_wconf 89' lang='lat' dir='ltr'>tangen-</span> 
     </span>
     <span class='ocr_line' id='line_1_4' title="bbox 428 1008 1856 1103; baseline -0.001 -21"><span class='ocrx_word' id='word_1_30' title='bbox 428 1013 520 1083; x_wconf 92' lang='lat' dir='ltr'>tibus</span> <span class='ocrx_word' id='word_1_31' title='bbox 540 1010 644 1082; x_wconf 84' lang='lat' dir='ltr'>iidem</span> <span class='ocrx_word' id='word_1_32' title='bbox 664 1023 701 1081; x_wconf 90' lang='lat' dir='ltr'>et</span> <span class='ocrx_word' id='word_1_33' title='bbox 719 1011 974 1102; x_wconf 88' lang='lat' dir='ltr'>pertinentibus</span> <span class='ocrx_word' id='word_1_34' title='bbox 994 1013 1037 1081; x_wconf 90' lang='lat' dir='ltr'>ad</span> <span class='ocrx_word' id='word_1_35' title='bbox 1062 1010 1214 1083; x_wconf 85' lang='lat' dir='ltr'>officium</span> <span class='ocrx_word' id='word_1_36' title='bbox 1238 1009 1455 1102; x_wconf 78' lang='lat' dir='ltr'>inquisitoris</span> <span class='ocrx_word' id='word_1_37' title='bbox 1474 1008 1628 1080; x_wconf 90' lang='lat' dir='ltr'>heretice</span> <span class='ocrx_word' id='word_1_38' title='bbox 1649 1010 1856 1103; x_wconf 72' lang='lat' dir='ltr'>pravitatis,</span> 
     </span>
     <span class='ocr_line' id='line_1_5' title="bbox 426 1106 1857 1204; baseline -0.003 -23"><span class='ocrx_word' id='word_1_39' title='bbox 426 1112 524 1191; x_wconf 88' lang='lat' dir='ltr'>item,</span> <span class='ocrx_word' id='word_1_40' title='bbox 554 1108 648 1202; x_wconf 92' lang='lat' dir='ltr'>quod</span> <span class='ocrx_word' id='word_1_41' title='bbox 676 1106 873 1178; x_wconf 88' lang='lat' dir='ltr'>confitearis</span> <span class='ocrx_word' id='word_1_42' title='bbox 892 1129 998 1202; x_wconf 89' lang='lat' dir='ltr'>super</span> <span class='ocrx_word' id='word_1_43' title='bbox 1024 1108 1203 1204; x_wconf 91' lang='lat' dir='ltr'>premissis</span> <span class='ocrx_word' id='word_1_44' title='bbox 1223 1106 1267 1176; x_wconf 92' lang='lat' dir='ltr'>de</span> <span class='ocrx_word' id='word_1_45' title='bbox 1294 1120 1327 1177; x_wconf 92' lang='lat' dir='ltr'>te</span> <span class='ocrx_word' id='word_1_46' title='bbox 1347 1118 1382 1176; x_wconf 91' lang='lat' dir='ltr'>et</span> <span class='ocrx_word' id='word_1_47' title='bbox 1400 1109 1446 1177; x_wconf 90' lang='lat' dir='ltr'>de</span> <span class='ocrx_word' id='word_1_48' title='bbox 1459 1106 1538 1177; x_wconf 91' lang='lat' dir='ltr'>aliis</span> <span class='ocrx_word' id='word_1_49' title='bbox 1557 1128 1672 1179; x_wconf 77' lang='lat' dir='ltr'>corant</span> <span class='ocrx_word' id='word_1_50' title='bbox 1695 1108 1798 1178; x_wconf 93' lang='lat' dir='ltr'>nobis</span> <span class='ocrx_word' id='word_1_51' title='bbox 1821 1108 1857 1176; x_wconf 91' lang='lat' dir='ltr'>in</span> 
     </span>
     <span class='ocr_line' id='line_1_6' title="bbox 424 1203 1858 1300; baseline -0.001 -23"><span class='ocrx_word' id='word_1_52' title='bbox 424 1208 552 1299; x_wconf 83' lang='lat' dir='ltr'>juditio</span> <span class='ocrx_word' id='word_1_53' title='bbox 571 1207 774 1292; x_wconf 66' lang='lat' dir='ltr'>veritatem</span> <span class='ocrx_word' id='word_1_54' title='bbox 797 1205 893 1290; x_wconf 90' lang='lat' dir='ltr'>item,</span> <span class='ocrx_word' id='word_1_55' title='bbox 918 1206 1012 1298; x_wconf 91' lang='lat' dir='ltr'>quud</span> <span class='ocrx_word' id='word_1_56' title='bbox 1035 1218 1131 1300; x_wconf 87' lang='lat' dir='ltr'>petas</span> <span class='ocrx_word' id='word_1_57' title='bbox 1150 1204 1329 1274; x_wconf 88' lang='lat' dir='ltr'>humiliter</span> <span class='ocrx_word' id='word_1_58' title='bbox 1355 1203 1563 1275; x_wconf 82' lang='lat' dir='ltr'>beneficium</span> <span class='ocrx_word' id='word_1_59' title='bbox 1584 1205 1817 1276; x_wconf 88' lang='lat' dir='ltr'>absolutionis</span> <span class='ocrx_word' id='word_1_60' title='bbox 1837 1225 1858 1275; x_wconf 95' lang='lat' dir='ltr'>a</span> 
     </span>
     <span class='ocr_line' id='line_1_7' title="bbox 427 1301 1861 1396; baseline -0.003 -20"><span class='ocrx_word' id='word_1_61' title='bbox 427 1305 600 1376; x_wconf 89' lang='lat' dir='ltr'>sententia</span> <span class='ocrx_word' id='word_1_62' title='bbox 620 1303 993 1374; x_wconf 80' lang='lat' dir='ltr'>excommunicationis</span> <span class='ocrx_word' id='word_1_63' title='bbox 1013 1305 1120 1374; x_wconf 85' lang='lat' dir='ltr'>latae</span> <span class='ocrx_word' id='word_1_64' title='bbox 1145 1302 1246 1373; x_wconf 93' lang='lat' dir='ltr'>nobis</span> <span class='ocrx_word' id='word_1_65' title='bbox 1265 1313 1385 1373; x_wconf 86' lang='lat' dir='ltr'>contra</span> <span class='ocrx_word' id='word_1_66' title='bbox 1407 1312 1440 1371; x_wconf 91' lang='lat' dir='ltr'>te</span> <span class='ocrx_word' id='word_1_67' title='bbox 1461 1301 1654 1396; x_wconf 87' lang='lat' dir='ltr'>inscriptis</span> <span class='ocrx_word' id='word_1_68' title='bbox 1678 1323 1782 1393; x_wconf 90' lang='lat' dir='ltr'>quarn</span> <span class='ocrx_word' id='word_1_69' title='bbox 1804 1305 1861 1371; x_wconf 90' lang='lat' dir='ltr'>in·</span> 
     </span>
     <span class='ocr_line' id='line_1_8' title="bbox 429 1399 1858 1492; baseline -0.001 -20"><span class='ocrx_word' id='word_1_70' title='bbox 429 1403 569 1472; x_wconf 90' lang='lat' dir='ltr'>curristi</span> <span class='ocrx_word' id='word_1_71' title='bbox 587 1413 623 1471; x_wconf 93' lang='lat' dir='ltr'>et</span> <span class='ocrx_word' id='word_1_72' title='bbox 641 1421 709 1492; x_wconf 95' lang='lat' dir='ltr'>qua</span> <span class='ocrx_word' id='word_1_73' title='bbox 737 1401 865 1470; x_wconf 89' lang='lat' dir='ltr'>teneris</span> <span class='ocrx_word' id='word_1_74' title='bbox 885 1400 1032 1492; x_wconf 78' lang='lat' dir='ltr'>ligatus3</span> <span class='ocrx_word' id='word_1_75' title='bbox 1054 1413 1089 1471; x_wconf 92' lang='lat' dir='ltr'>et</span> <span class='ocrx_word' id='word_1_76' title='bbox 1115 1400 1210 1492; x_wconf 94' lang='lat' dir='ltr'>quod</span> <span class='ocrx_word' id='word_1_77' title='bbox 1236 1399 1359 1469; x_wconf 88' lang='lat' dir='ltr'>redeas</span> <span class='ocrx_word' id='word_1_78' title='bbox 1383 1400 1427 1469; x_wconf 90' lang='lat' dir='ltr'>ad</span> <span class='ocrx_word' id='word_1_79' title='bbox 1447 1400 1717 1471; x_wconf 89' lang='lat' dir='ltr'>ecclesiasticam</span> <span class='ocrx_word' id='word_1_80' title='bbox 1742 1400 1858 1470; x_wconf 88' lang='lat' dir='ltr'>unita-</span> 
     </span>
     <span class='ocr_line' id='line_1_9' title="bbox 428 1496 1855 1590; baseline -0.003 -20"><span class='ocrx_word' id='word_1_81' title='bbox 428 1512 518 1582; x_wconf 89' lang='lat' dir='ltr'>tem,</span> <span class='ocrx_word' id='word_1_82' title='bbox 541 1512 576 1568; x_wconf 90' lang='lat' dir='ltr'>et</span> <span class='ocrx_word' id='word_1_83' title='bbox 596 1510 692 1567; x_wconf 93' lang='lat' dir='ltr'>tuum</span> <span class='ocrx_word' id='word_1_84' title='bbox 712 1519 866 1569; x_wconf 87' lang='lat' dir='ltr'>errorem</span> <span class='ocrx_word' id='word_1_85' title='bbox 886 1520 1115 1588; x_wconf 80' lang='lat' dir='ltr'>recognoscas</span> <span class='ocrx_word' id='word_1_86' title='bbox 1139 1499 1325 1590; x_wconf 90' lang='lat' dir='ltr'>ipsumque</span> <span class='ocrx_word' id='word_1_87' title='bbox 1344 1507 1379 1567; x_wconf 89' lang='lat' dir='ltr'>et</span> <span class='ocrx_word' id='word_1_88' title='bbox 1402 1518 1542 1567; x_wconf 91' lang='lat' dir='ltr'>omnem</span> <span class='ocrx_word' id='word_1_89' title='bbox 1564 1496 1714 1568; x_wconf 85' lang='lat' dir='ltr'>heresim</span> <span class='ocrx_word' id='word_1_90' title='bbox 1734 1517 1855 1566; x_wconf 90' lang='lat' dir='ltr'>coram</span> 
     </span>
     <span class='ocr_line' id='line_1_10' title="bbox 430 1593 1859 1687; baseline -0.002 -20"><span class='ocrx_word' id='word_1_91' title='bbox 430 1598 531 1669; x_wconf 92' lang='lat' dir='ltr'>nobis</span> <span class='ocrx_word' id='word_1_92' title='bbox 550 1597 713 1687; x_wconf 82' lang='lat' dir='ltr'>abjures,</span> <span class='ocrx_word' id='word_1_93' title='bbox 737 1608 774 1665; x_wconf 88' lang='lat' dir='ltr'>ut</span> <span class='ocrx_word' id='word_1_94' title='bbox 799 1596 850 1665; x_wconf 94' lang='lat' dir='ltr'>sic</span> <span class='ocrx_word' id='word_1_95' title='bbox 876 1597 1020 1687; x_wconf 90' lang='lat' dir='ltr'>prestito</span> <span class='ocrx_word' id='word_1_96' title='bbox 1035 1598 1235 1687; x_wconf 90' lang='lat' dir='ltr'>juramento</span> <span class='ocrx_word' id='word_1_97' title='bbox 1263 1594 1307 1664; x_wconf 90' lang='lat' dir='ltr'>de</span> <span class='ocrx_word' id='word_1_98' title='bbox 1328 1594 1483 1686; x_wconf 92' lang='lat' dir='ltr'>parendo</span> <span class='ocrx_word' id='word_1_99' title='bbox 1504 1595 1677 1665; x_wconf 90' lang='lat' dir='ltr'>mandatis</span> <span class='ocrx_word' id='word_1_100' title='bbox 1700 1593 1859 1664; x_wconf 86' lang='lat' dir='ltr'>Ecclesie</span> 
     </span>
     <span class='ocr_line' id='line_1_11' title="bbox 430 1692 1857 1783; baseline -0.003 -19"><span class='ocrx_word' id='word_1_101' title='bbox 430 1706 465 1764; x_wconf 91' lang='lat' dir='ltr'>et</span> <span class='ocrx_word' id='word_1_102' title='bbox 484 1696 613 1766; x_wconf 91' lang='lat' dir='ltr'>nostris</span> <span class='ocrx_word' id='word_1_103' title='bbox 640 1694 806 1763; x_wconf 88' lang='lat' dir='ltr'>merearis</span> <span class='ocrx_word' id='word_1_104' title='bbox 834 1694 1049 1764; x_wconf 89' lang='lat' dir='ltr'>reconsiliari</span> <span class='ocrx_word' id='word_1_105' title='bbox 1078 1693 1231 1763; x_wconf 85' lang='lat' dir='ltr'>Ecclesie</span> <span class='ocrx_word' id='word_1_106' title='bbox 1258 1693 1401 1778; x_wconf 83' lang='lat' dir='ltr'>unitati3</span> <span class='ocrx_word' id='word_1_107' title='bbox 1423 1703 1458 1760; x_wconf 88' lang='lat' dir='ltr'>et</span> <span class='ocrx_word' id='word_1_108' title='bbox 1485 1692 1530 1762; x_wconf 88' lang='lat' dir='ltr'>ad</span> <span class='ocrx_word' id='word_1_109' title='bbox 1557 1693 1711 1783; x_wconf 88' lang='lat' dir='ltr'>predicta</span> <span class='ocrx_word' id='word_1_110' title='bbox 1736 1693 1857 1762; x_wconf 90' lang='lat' dir='ltr'>omnia</span> 
     </span>
     <span class='ocr_line' id='line_1_12' title="bbox 430 1788 1858 1882; baseline -0.004 -21"><span class='ocrx_word' id='word_1_111' title='bbox 430 1804 465 1861; x_wconf 91' lang='lat' dir='ltr'>et</span> <span class='ocrx_word' id='word_1_112' title='bbox 483 1793 623 1882; x_wconf 89' lang='lat' dir='ltr'>singula</span> <span class='ocrx_word' id='word_1_113' title='bbox 643 1790 801 1860; x_wconf 90' lang='lat' dir='ltr'>iacienda</span> <span class='ocrx_word' id='word_1_114' title='bbox 820 1791 967 1860; x_wconf 87' lang='lat' dir='ltr'>citamus</span> <span class='ocrx_word' id='word_1_115' title='bbox 986 1803 1019 1862; x_wconf 90' lang='lat' dir='ltr'>te</span> <span class='ocrx_word' id='word_1_116' title='bbox 1038 1791 1081 1861; x_wconf 92' lang='lat' dir='ltr'>ad</span> <span class='ocrx_word' id='word_1_117' title='bbox 1104 1791 1243 1861; x_wconf 88' lang='lat' dir='ltr'>terciam</span> <span class='ocrx_word' id='word_1_118' title='bbox 1264 1788 1357 1860; x_wconf 90' lang='lat' dir='ltr'>diem</span> <span class='ocrx_word' id='word_1_119' title='bbox 1377 1790 1422 1858; x_wconf 95' lang='lat' dir='ltr'>ab</span> <span class='ocrx_word' id='word_1_120' title='bbox 1440 1788 1504 1860; x_wconf 90' lang='lat' dir='ltr'>hac</span> <span class='ocrx_word' id='word_1_121' title='bbox 1524 1793 1677 1882; x_wconf 80' lang='lat' dir='ltr'>presenti</span> <span class='ocrx_word' id='word_1_122' title='bbox 1694 1789 1766 1872; x_wconf 89' lang='lat' dir='ltr'>die,</span> <span class='ocrx_word' id='word_1_123' title='bbox 1787 1790 1858 1881; x_wconf 92' lang='lat' dir='ltr'>pri·</span> 
     </span>
     <span class='ocr_line' id='line_1_13' title="bbox 430 1887 1861 1982; baseline -0.003 -23"><span class='ocrx_word' id='word_1_124' title='bbox 430 1910 522 1959; x_wconf 92' lang='lat' dir='ltr'>mam</span> <span class='ocrx_word' id='word_1_125' title='bbox 543 1889 635 1959; x_wconf 92' lang='lat' dir='ltr'>diem</span> <span class='ocrx_word' id='word_1_126' title='bbox 661 1899 858 1980; x_wconf 78' lang='lat' dir='ltr'>presentem</span> <span class='ocrx_word' id='word_1_127' title='bbox 888 1888 949 1957; x_wconf 88' lang='lat' dir='ltr'>tibi</span> <span class='ocrx_word' id='word_1_128' title='bbox 977 1909 1038 1982; x_wconf 94' lang='lat' dir='ltr'>pro</span> <span class='ocrx_word' id='word_1_129' title='bbox 1061 1888 1192 1981; x_wconf 89' lang='lat' dir='ltr'>primo,</span> <span class='ocrx_word' id='word_1_130' title='bbox 1214 1887 1404 1957; x_wconf 90' lang='lat' dir='ltr'>secundam</span> <span class='ocrx_word' id='word_1_131' title='bbox 1431 1908 1513 1958; x_wconf 88' lang='lat' dir='ltr'>vero</span> <span class='ocrx_word' id='word_1_132' title='bbox 1539 1908 1602 1980; x_wconf 89' lang='lat' dir='ltr'>pro</span> <span class='ocrx_word' id='word_1_133' title='bbox 1625 1887 1801 1971; x_wconf 91' lang='lat' dir='ltr'>secundo,</span> <span class='ocrx_word' id='word_1_134' title='bbox 1824 1897 1861 1956; x_wconf 92' lang='lat' dir='ltr'>et</span> 
     </span>
     <span class='ocr_line' id='line_1_14' title="bbox 432 1984 1861 2080; baseline -0.001 -25"><span class='ocrx_word' id='word_1_135' title='bbox 432 1987 568 2056; x_wconf 81' lang='lat' dir='ltr'>tertiam</span> <span class='ocrx_word' id='word_1_136' title='bbox 591 2007 653 2078; x_wconf 94' lang='lat' dir='ltr'>pro</span> <span class='ocrx_word' id='word_1_137' title='bbox 674 1986 777 2056; x_wconf 88' lang='lat' dir='ltr'>tertio</span> <span class='ocrx_word' id='word_1_138' title='bbox 796 1996 831 2056; x_wconf 88' lang='lat' dir='ltr'>et</span> <span class='ocrx_word' id='word_1_139' title='bbox 853 1985 974 2056; x_wconf 93' lang='lat' dir='ltr'>ultimo</span> <span class='ocrx_word' id='word_1_140' title='bbox 993 2006 1034 2056; x_wconf 89' lang='lat' dir='ltr'>ac</span> <span class='ocrx_word' id='word_1_141' title='bbox 1050 1985 1286 2080; x_wconf 86' lang='lat' dir='ltr'>peremptorio</span> <span class='ocrx_word' id='word_1_142' title='bbox 1305 1984 1455 2054; x_wconf 91' lang='lat' dir='ltr'>termino</span> <span class='ocrx_word' id='word_1_143' title='bbox 1472 1984 1706 2076; x_wconf 79' lang='lat' dir='ltr'>assignantes,</span> <span class='ocrx_word' id='word_1_144' title='bbox 1730 1995 1766 2053; x_wconf 92' lang='lat' dir='ltr'>ut</span> <span class='ocrx_word' id='word_1_145' title='bbox 1787 2004 1861 2054; x_wconf 88' lang='lat' dir='ltr'>res·</span> 
     </span>
     <span class='ocr_line' id='line_1_15' title="bbox 431 2081 1860 2175; baseline -0.001 -22"><span class='ocrx_word' id='word_1_146' title='bbox 431 2083 587 2175; x_wconf 87' lang='lat' dir='ltr'>pendeas</span> <span class='ocrx_word' id='word_1_147' title='bbox 607 2084 652 2154; x_wconf 92' lang='lat' dir='ltr'>de</span> <span class='ocrx_word' id='word_1_148' title='bbox 672 2082 741 2152; x_wconf 87' lang='lat' dir='ltr'>lide</span> <span class='ocrx_word' id='word_1_149' title='bbox 767 2083 865 2153; x_wconf 89' lang='lat' dir='ltr'>etde</span> <span class='ocrx_word' id='word_1_150' title='bbox 885 2083 953 2152; x_wconf 93' lang='lat' dir='ltr'>hiis</span> <span class='ocrx_word' id='word_1_151' title='bbox 973 2084 1017 2154; x_wconf 92' lang='lat' dir='ltr'>de</span> <span class='ocrx_word' id='word_1_152' title='bbox 1043 2083 1171 2175; x_wconf 91' lang='lat' dir='ltr'>quibus</span> <span class='ocrx_word' id='word_1_153' title='bbox 1189 2093 1373 2175; x_wconf 88' lang='lat' dir='ltr'>suspectus</span> <span class='ocrx_word' id='word_1_154' title='bbox 1393 2103 1451 2167; x_wconf 89' lang='lat' dir='ltr'>es,</span> <span class='ocrx_word' id='word_1_155' title='bbox 1474 2082 1529 2151; x_wconf 89' lang='lat' dir='ltr'>vel</span> <span class='ocrx_word' id='word_1_156' title='bbox 1557 2081 1695 2151; x_wconf 89' lang='lat' dir='ltr'>delatus</span> <span class='ocrx_word' id='word_1_157' title='bbox 1712 2102 1776 2152; x_wconf 91' lang='lat' dir='ltr'>seu</span> <span class='ocrx_word' id='word_1_158' title='bbox 1802 2102 1860 2151; x_wconf 91' lang='lat' dir='ltr'>ac·</span> 
     </span>
     <span class='ocr_line' id='line_1_16' title="bbox 430 2178 1862 2273; baseline -0.001 -23"><span class='ocrx_word' id='word_1_159' title='bbox 430 2194 572 2251; x_wconf 86' lang='lat' dir='ltr'>cusatus</span> <span class='ocrx_word' id='word_1_160' title='bbox 587 2202 809 2273; x_wconf 87' lang='lat' dir='ltr'>quecumque</span> <span class='ocrx_word' id='word_1_161' title='bbox 827 2183 1045 2251; x_wconf 90' lang='lat' dir='ltr'>commiseris</span> <span class='ocrx_word' id='word_1_162' title='bbox 1062 2191 1122 2251; x_wconf 91' lang='lat' dir='ltr'>aut</span> <span class='ocrx_word' id='word_1_163' title='bbox 1137 2180 1355 2265; x_wconf 87' lang='lat' dir='ltr'>commisisti,</span> <span class='ocrx_word' id='word_1_164' title='bbox 1375 2179 1430 2250; x_wconf 86' lang='lat' dir='ltr'>vel</span> <span class='ocrx_word' id='word_1_165' title='bbox 1450 2179 1518 2250; x_wconf 91' lang='lat' dir='ltr'>scis</span> <span class='ocrx_word' id='word_1_166' title='bbox 1534 2179 1622 2248; x_wconf 91' lang='lat' dir='ltr'>alios</span> <span class='ocrx_word' id='word_1_167' title='bbox 1641 2178 1862 2249; x_wconf 88' lang='lat' dir='ltr'>commisisse</span> 
     </span>
     <span class='ocr_line' id='line_1_17' title="bbox 431 2276 1859 2369; baseline -0.002 -22"><span class='ocrx_word' id='word_1_168' title='bbox 431 2290 550 2350; x_wconf 89' lang='lat' dir='ltr'>contra</span> <span class='ocrx_word' id='word_1_169' title='bbox 570 2277 674 2348; x_wconf 87' lang='lat' dir='ltr'>fidem</span> <span class='ocrx_word' id='word_1_170' title='bbox 696 2278 730 2346; x_wconf 92' lang='lat' dir='ltr'>in</span> <span class='ocrx_word' id='word_1_171' title='bbox 747 2298 852 2348; x_wconf 90' lang='lat' dir='ltr'>causa</span> <span class='ocrx_word' id='word_1_172' title='bbox 873 2277 976 2364; x_wconf 87' lang='lat' dir='ltr'>lidci,</span> <span class='ocrx_word' id='word_1_173' title='bbox 996 2299 1112 2349; x_wconf 89' lang='lat' dir='ltr'>curam</span> <span class='ocrx_word' id='word_1_174' title='bbox 1133 2277 1234 2348; x_wconf 93' lang='lat' dir='ltr'>nobis</span> <span class='ocrx_word' id='word_1_175' title='bbox 1254 2277 1289 2347; x_wconf 93' lang='lat' dir='ltr'>in</span> <span class='ocrx_word' id='word_1_176' title='bbox 1303 2278 1432 2369; x_wconf 88' lang='lat' dir='ltr'>juditio</span> <span class='ocrx_word' id='word_1_177' title='bbox 1451 2276 1641 2368; x_wconf 90' lang='lat' dir='ltr'>plenariam</span> <span class='ocrx_word' id='word_1_178' title='bbox 1658 2277 1859 2359; x_wconf 86' lang='lat' dir='ltr'>veritatem,</span> 
     </span>
     <span class='ocr_line' id='line_1_18' title="bbox 432 2373 1863 2468; baseline -0.003 -23"><span class='ocrx_word' id='word_1_179' title='bbox 432 2397 567 2447; x_wconf 86' lang='lat' dir='ltr'>necnon</span> <span class='ocrx_word' id='word_1_180' title='bbox 589 2387 626 2445; x_wconf 89' lang='lat' dir='ltr'>ut</span> <span class='ocrx_word' id='word_1_181' title='bbox 645 2376 752 2445; x_wconf 89' lang='lat' dir='ltr'>iacias</span> <span class='ocrx_word' id='word_1_182' title='bbox 771 2395 878 2468; x_wconf 91' lang='lat' dir='ltr'>super</span> <span class='ocrx_word' id='word_1_183' title='bbox 896 2375 1063 2468; x_wconf 87' lang='lat' dir='ltr'>predictis</span> <span class='ocrx_word' id='word_1_184' title='bbox 1083 2375 1247 2447; x_wconf 90' lang='lat' dir='ltr'>omnibus</span> <span class='ocrx_word' id='word_1_185' title='bbox 1266 2387 1301 2444; x_wconf 90' lang='lat' dir='ltr'>et</span> <span class='ocrx_word' id='word_1_186' title='bbox 1317 2374 1466 2466; x_wconf 89' lang='lat' dir='ltr'>singulis</span> <span class='ocrx_word' id='word_1_187' title='bbox 1483 2374 1578 2466; x_wconf 94' lang='lat' dir='ltr'>quod</span> <span class='ocrx_word' id='word_1_188' title='bbox 1595 2375 1639 2443; x_wconf 92' lang='lat' dir='ltr'>de</span> <span class='ocrx_word' id='word_1_189' title='bbox 1655 2377 1735 2465; x_wconf 91' lang='lat' dir='ltr'>jure</span> <span class='ocrx_word' id='word_1_190' title='bbox 1755 2373 1863 2444; x_wconf 88' lang='lat' dir='ltr'>luerit</span> 
     </span>
     <span class='ocr_line' id='line_1_19' title="bbox 431 2471 1862 2566; baseline -0.001 -25"><span class='ocrx_word' id='word_1_191' title='bbox 431 2473 650 2559; x_wconf 85' lang='lat' dir='ltr'>laciendum3</span> <span class='ocrx_word' id='word_1_192' title='bbox 668 2473 838 2564; x_wconf 92' lang='lat' dir='ltr'>alioquin,</span> <span class='ocrx_word' id='word_1_193' title='bbox 859 2473 925 2542; x_wconf 92' lang='lat' dir='ltr'>nisi</span> <span class='ocrx_word' id='word_1_194' title='bbox 945 2473 1032 2542; x_wconf 89' lang='lat' dir='ltr'>inlra</span> <span class='ocrx_word' id='word_1_195' title='bbox 1050 2473 1240 2566; x_wconf 89' lang='lat' dir='ltr'>predictam</span> <span class='ocrx_word' id='word_1_196' title='bbox 1257 2472 1349 2543; x_wconf 92' lang='lat' dir='ltr'>diem</span> <span class='ocrx_word' id='word_1_197' title='bbox 1365 2473 1505 2542; x_wconf 92' lang='lat' dir='ltr'>terciam</span> <span class='ocrx_word' id='word_1_198' title='bbox 1518 2483 1577 2542; x_wconf 90' lang='lat' dir='ltr'>aut</span> <span class='ocrx_word' id='word_1_199' title='bbox 1591 2473 1714 2542; x_wconf 88' lang='lat' dir='ltr'>saitem</span> <span class='ocrx_word' id='word_1_200' title='bbox 1731 2472 1767 2540; x_wconf 93' lang='lat' dir='ltr'>in</span> <span class='ocrx_word' id='word_1_201' title='bbox 1783 2471 1862 2564; x_wconf 85' lang='lat' dir='ltr'>ipsa</span> 
     </span>
     <span class='ocr_line' id='line_1_20' title="bbox 431 2568 1861 2665; baseline -0.001 -26"><span class='ocrx_word' id='word_1_202' title='bbox 431 2571 585 2664; x_wconf 86' lang='lat' dir='ltr'>predicta</span> <span class='ocrx_word' id='word_1_203' title='bbox 604 2571 662 2640; x_wconf 91' lang='lat' dir='ltr'>die</span> <span class='ocrx_word' id='word_1_204' title='bbox 683 2573 788 2640; x_wconf 88' lang='lat' dir='ltr'>tercie</span> <span class='ocrx_word' id='word_1_205' title='bbox 807 2583 888 2640; x_wconf 89' lang='lat' dir='ltr'>ante</span> <span class='ocrx_word' id='word_1_206' title='bbox 908 2569 1030 2641; x_wconf 86' lang='lat' dir='ltr'>horam</span> <span class='ocrx_word' id='word_1_207' title='bbox 1047 2570 1262 2665; x_wconf 85' lang='lat' dir='ltr'>completorii</span> <span class='ocrx_word' id='word_1_208' title='bbox 1284 2570 1439 2662; x_wconf 88' lang='lat' dir='ltr'>predicta</span> <span class='ocrx_word' id='word_1_209' title='bbox 1459 2570 1576 2641; x_wconf 89' lang='lat' dir='ltr'>omnia</span> <span class='ocrx_word' id='word_1_210' title='bbox 1596 2580 1631 2639; x_wconf 91' lang='lat' dir='ltr'>et</span> <span class='ocrx_word' id='word_1_211' title='bbox 1649 2568 1788 2659; x_wconf 87' lang='lat' dir='ltr'>singula</span> <span class='ocrx_word' id='word_1_212' title='bbox 1809 2568 1861 2638; x_wconf 90' lang='lat' dir='ltr'>le·</span> 
     </span>
     <span class='ocr_line' id='line_1_21' title="bbox 430 2668 1862 2760; baseline -0.001 -22"><span class='ocrx_word' id='word_1_213' title='bbox 430 2669 519 2738; x_wconf 93' lang='lat' dir='ltr'>ceris</span> <span class='ocrx_word' id='word_1_214' title='bbox 540 2680 575 2739; x_wconf 91' lang='lat' dir='ltr'>et</span> <span class='ocrx_word' id='word_1_215' title='bbox 593 2668 826 2760; x_wconf 80' lang='lat' dir='ltr'>compleveris</span> <span class='ocrx_word' id='word_1_216' title='bbox 844 2671 936 2738; x_wconf 89' lang='lat' dir='ltr'>sicut</span> <span class='ocrx_word' id='word_1_217' title='bbox 954 2668 999 2738; x_wconf 92' lang='lat' dir='ltr'>de</span> <span class='ocrx_word' id='word_1_218' title='bbox 1013 2669 1094 2758; x_wconf 90' lang='lat' dir='ltr'>jure</span> <span class='ocrx_word' id='word_1_219' title='bbox 1114 2668 1264 2753; x_wconf 89' lang='lat' dir='ltr'>teneris,</span> <span class='ocrx_word' id='word_1_220' title='bbox 1286 2688 1329 2737; x_wconf 85' lang='lat' dir='ltr'>ex</span> <span class='ocrx_word' id='word_1_221' title='bbox 1356 2688 1448 2737; x_wconf 90' lang='lat' dir='ltr'>nunc</span> <span class='ocrx_word' id='word_1_222' title='bbox 1468 2689 1530 2759; x_wconf 94' lang='lat' dir='ltr'>pro</span> <span class='ocrx_word' id='word_1_223' title='bbox 1551 2677 1633 2736; x_wconf 90' lang='lat' dir='ltr'>tunc</span> <span class='ocrx_word' id='word_1_224' title='bbox 1655 2678 1689 2736; x_wconf 88' lang='lat' dir='ltr'>et</span> <span class='ocrx_word' id='word_1_225' title='bbox 1709 2686 1755 2735; x_wconf 82' lang='lat' dir='ltr'>ex</span> <span class='ocrx_word' id='word_1_226' title='bbox 1777 2676 1862 2736; x_wconf 90' lang='lat' dir='ltr'>tunc</span> 
     </span>
     <span class='ocr_line' id='line_1_22' title="bbox 431 2765 1862 2858; baseline -0.002 -24"><span class='ocrx_word' id='word_1_227' title='bbox 431 2777 469 2834; x_wconf 96' lang='lat' dir='ltr'>ut</span> <span class='ocrx_word' id='word_1_228' title='bbox 488 2787 601 2851; x_wconf 92' lang='lat' dir='ltr'>nunc,</span> <span class='ocrx_word' id='word_1_229' title='bbox 625 2765 780 2858; x_wconf 91' lang='lat' dir='ltr'>predicta</span> <span class='ocrx_word' id='word_1_230' title='bbox 799 2776 917 2836; x_wconf 91' lang='lat' dir='ltr'>nostra</span> <span class='ocrx_word' id='word_1_231' title='bbox 933 2765 1127 2837; x_wconf 92' lang='lat' dir='ltr'>monitione</span> <span class='ocrx_word' id='word_1_232' title='bbox 1143 2765 1309 2836; x_wconf 89' lang='lat' dir='ltr'>canonica</span> <span class='ocrx_word' id='word_1_233' title='bbox 1330 2765 1521 2858; x_wconf 88' lang='lat' dir='ltr'>premissa,</span> <span class='ocrx_word' id='word_1_234' title='bbox 1539 2774 1573 2834; x_wconf 91' lang='lat' dir='ltr'>te</span> <span class='ocrx_word' id='word_1_235' title='bbox 1590 2775 1755 2854; x_wconf 88' lang='lat' dir='ltr'>tanquam</span> <span class='ocrx_word' id='word_1_236' title='bbox 1776 2784 1862 2834; x_wconf 90' lang='lat' dir='ltr'>oon·</span> 
     </span>
     <span class='ocr_line' id='line_1_23' title="bbox 430 2856 1859 2957; baseline -0.001 -25"><span class='ocrx_word' id='word_1_237' title='bbox 430 2875 602 2933; x_wconf 90' lang='lat' dir='ltr'>tomacem</span> <span class='ocrx_word' id='word_1_238' title='bbox 623 2864 658 2932; x_wconf 95' lang='lat' dir='ltr'>in</span> <span class='ocrx_word' id='word_1_239' title='bbox 678 2882 783 2933; x_wconf 91' lang='lat' dir='ltr'>causa</span> <span class='ocrx_word' id='word_1_240' title='bbox 803 2862 883 2933; x_wconf 88' lang='lat' dir='ltr'>lidei</span> <span class='ocrx_word' id='word_1_241' title='bbox 905 2884 967 2956; x_wconf 92' lang='lat' dir='ltr'>pro</span> <span class='ocrx_word' id='word_1_242' title='bbox 986 2884 1029 2934; x_wconf 91' lang='lat' dir='ltr'>eo</span> <span class='ocrx_word' id='word_1_243' title='bbox 1047 2863 1142 2955; x_wconf 92' lang='lat' dir='ltr'>quod</span> <span class='ocrx_word' id='word_1_244' title='bbox 1161 2862 1307 2933; x_wconf 90' lang='lat' dir='ltr'>obedire</span> <span class='ocrx_word' id='word_1_245' title='bbox 1322 2873 1357 2932; x_wconf 90' lang='lat' dir='ltr'>et</span> <span class='ocrx_word' id='word_1_246' title='bbox 1376 2883 1498 2955; x_wconf 94' lang='lat' dir='ltr'>parere</span> <span class='ocrx_word' id='word_1_247' title='bbox 1519 2863 1553 2931; x_wconf 94' lang='lat' dir='ltr'>in</span> <span class='ocrx_word' id='word_1_248' title='bbox 1576 2856 1617 2957; x_wconf 74' lang='lat'>[1⁰</span> <span class='ocrx_word' id='word_1_249' title='bbox 1634 2861 1702 2928; x_wconf 73' lang='lat' dir='ltr'>tta</span> <span class='ocrx_word' id='word_1_250' title='bbox 1718 2857 1753 2957; x_wconf 90' lang='lat' dir='ltr'>a]</span> <span class='ocrx_word' id='word_1_251' title='bbox 1776 2881 1859 2955; x_wconf 93' lang='lat' dir='ltr'>pre·</span> 
     </span>
     <span class='ocr_line' id='line_1_24' title="bbox 429 2956 1862 3053; baseline -0.002 -22"><span class='ocrx_word' id='word_1_252' title='bbox 429 2961 532 3031; x_wconf 88' lang='lat' dir='ltr'>dictis</span> <span class='ocrx_word' id='word_1_253' title='bbox 548 2960 762 3051; x_wconf 81' lang='lat' dir='ltr'>subterfugis</span> <span class='ocrx_word' id='word_1_254' title='bbox 779 2971 815 3030; x_wconf 88' lang='lat' dir='ltr'>et</span> <span class='ocrx_word' id='word_1_255' title='bbox 832 2980 972 3030; x_wconf 87' lang='lat' dir='ltr'>recusas</span> <span class='ocrx_word' id='word_1_256' title='bbox 991 2971 1097 3053; x_wconf 89' lang='lat' dir='ltr'>atque</span> <span class='ocrx_word' id='word_1_257' title='bbox 1113 2962 1345 3051; x_wconf 89' lang='lat' dir='ltr'>contempnis,</span> <span class='ocrx_word' id='word_1_258' title='bbox 1358 2960 1565 3031; x_wconf 89' lang='lat' dir='ltr'>auctoritate</span> <span class='ocrx_word' id='word_1_259' title='bbox 1579 2956 1770 3051; x_wconf 88' lang='lat' dir='ltr'>apostolica</span> <span class='ocrx_word' id='word_1_260' title='bbox 1789 2978 1862 3051; x_wconf 93' lang='lat' dir='ltr'>qua</span> 
     </span>
     <span class='ocr_line' id='line_1_25' title="bbox 431 3055 1860 3149; baseline -0.001 -23"><span class='ocrx_word' id='word_1_261' title='bbox 431 3058 610 3149; x_wconf 80' lang='lat' dir='ltr'>fungimur</span> <span class='ocrx_word' id='word_1_262' title='bbox 628 3059 663 3127; x_wconf 91' lang='lat' dir='ltr'>in</span> <span class='ocrx_word' id='word_1_263' title='bbox 679 3056 795 3129; x_wconf 86' lang='lat' dir='ltr'>officio</span> <span class='ocrx_word' id='word_1_264' title='bbox 811 3057 1068 3149; x_wconf 89' lang='lat' dir='ltr'>inquisitionis,</span> <span class='ocrx_word' id='word_1_265' title='bbox 1086 3057 1459 3128; x_wconf 84' lang='lat' dir='ltr'>excommunicationis</span> <span class='ocrx_word' id='word_1_266' title='bbox 1474 3057 1616 3127; x_wconf 91' lang='lat' dir='ltr'>vinculo</span> <span class='ocrx_word' id='word_1_267' title='bbox 1631 3055 1860 3142; x_wconf 89' lang='lat' dir='ltr'>innodamus,</span> 
     </span>
     <span class='ocr_line' id='line_1_26' title="bbox 430 3152 1860 3249; baseline -0.001 -25"><span class='ocrx_word' id='word_1_268' title='bbox 430 3175 536 3247; x_wconf 93' lang='lat' dir='ltr'>quam</span> <span class='ocrx_word' id='word_1_269' title='bbox 564 3155 961 3226; x_wconf 83' lang='lat' dir='ltr'>excommunicationem</span> <span class='ocrx_word' id='word_1_270' title='bbox 989 3156 1018 3224; x_wconf 87' lang='lat' dir='ltr'>si</span> <span class='ocrx_word' id='word_1_271' title='bbox 1045 3176 1107 3249; x_wconf 92' lang='lat' dir='ltr'>per</span> <span class='ocrx_word' id='word_1_272' title='bbox 1131 3176 1263 3225; x_wconf 88' lang='lat' dir='ltr'>annum</span> <span class='ocrx_word' id='word_1_273' title='bbox 1286 3155 1496 3225; x_wconf 88' lang='lat' dir='ltr'>sustinueris</span> <span class='ocrx_word' id='word_1_274' title='bbox 1521 3153 1639 3224; x_wconf 93' lang='lat' dir='ltr'>animo</span> <span class='ocrx_word' id='word_1_275' title='bbox 1663 3152 1860 3247; x_wconf 84' lang='lat' dir='ltr'>pertinaci,</span> 
     </span>
     <span class='ocr_line' id='line_1_27' title="bbox 430 3252 1860 3345; baseline 0 -25"><span class='ocrx_word' id='word_1_276' title='bbox 430 3253 633 3323; x_wconf 90' lang='lat' dir='ltr'>intimamus</span> <span class='ocrx_word' id='word_1_277' title='bbox 658 3264 693 3322; x_wconf 91' lang='lat' dir='ltr'>et</span> <span class='ocrx_word' id='word_1_278' title='bbox 716 3252 935 3323; x_wconf 86' lang='lat' dir='ltr'>declaramus</span> <span class='ocrx_word' id='word_1_279' title='bbox 956 3253 1017 3321; x_wconf 91' lang='lat' dir='ltr'>tibi</span> <span class='ocrx_word' id='word_1_280' title='bbox 1043 3253 1138 3345; x_wconf 92' lang='lat' dir='ltr'>quod</span> <span class='ocrx_word' id='word_1_281' title='bbox 1165 3274 1209 3324; x_wconf 85' lang='lat' dir='ltr'>ex</span> <span class='ocrx_word' id='word_1_282' title='bbox 1239 3264 1320 3321; x_wconf 90' lang='lat' dir='ltr'>tunc</span> <span class='ocrx_word' id='word_1_283' title='bbox 1339 3262 1459 3323; x_wconf 90' lang='lat' dir='ltr'>contra</span> <span class='ocrx_word' id='word_1_284' title='bbox 1488 3265 1521 3322; x_wconf 88' lang='lat' dir='ltr'>te</span> <span class='ocrx_word' id='word_1_285' title='bbox 1549 3263 1713 3343; x_wconf 88' lang='lat' dir='ltr'>tauquam</span> <span class='ocrx_word' id='word_1_286' title='bbox 1735 3260 1860 3321; x_wconf 91' lang='lat' dir='ltr'>contra</span> 
     </span>
     <span class='ocr_line' id='line_1_28' title="bbox 431 3347 1862 3444; baseline -0.001 -27"><span class='ocrx_word' id='word_1_287' title='bbox 431 3348 624 3421; x_wconf 89' lang='lat' dir='ltr'>hereticum</span> <span class='ocrx_word' id='word_1_288' title='bbox 647 3349 897 3444; x_wconf 90' lang='lat' dir='ltr'>procedemus;</span> <span class='ocrx_word' id='word_1_289' title='bbox 918 3360 953 3420; x_wconf 89' lang='lat' dir='ltr'>et</span> <span class='ocrx_word' id='word_1_290' title='bbox 968 3350 1149 3421; x_wconf 84' lang='lat' dir='ltr'>oilerimus</span> <span class='ocrx_word' id='word_1_291' title='bbox 1169 3349 1230 3419; x_wconf 89' lang='lat' dir='ltr'>tibi</span> <span class='ocrx_word' id='word_1_292' title='bbox 1251 3349 1407 3442; x_wconf 89' lang='lat' dir='ltr'>predicte</span> <span class='ocrx_word' id='word_1_293' title='bbox 1423 3349 1597 3419; x_wconf 89' lang='lat' dir='ltr'>sententie</span> <span class='ocrx_word' id='word_1_294' title='bbox 1617 3347 1862 3419; x_wconf 84' lang='lat' dir='ltr'>excommuni-</span> 
     </span>
     <span class='ocr_line' id='line_1_29' title="bbox 430 3445 1862 3540; baseline -0.001 -23"><span class='ocrx_word' id='word_1_295' title='bbox 430 3448 580 3518; x_wconf 86' lang='lat' dir='ltr'>cationis</span> <span class='ocrx_word' id='word_1_296' title='bbox 598 3469 692 3517; x_wconf 91' lang='lat' dir='ltr'>nunc</span> <span class='ocrx_word' id='word_1_297' title='bbox 711 3446 780 3518; x_wconf 86' lang='lat' dir='ltr'>late</span> <span class='ocrx_word' id='word_1_298' title='bbox 805 3458 926 3519; x_wconf 88' lang='lat' dir='ltr'>contre</span> <span class='ocrx_word' id='word_1_299' title='bbox 947 3458 981 3518; x_wconf 90' lang='lat' dir='ltr'>te</span> <span class='ocrx_word' id='word_1_300' title='bbox 1007 3448 1162 3540; x_wconf 90' lang='lat' dir='ltr'>cupiam,</span> <span class='ocrx_word' id='word_1_301' title='bbox 1184 3449 1214 3517; x_wconf 88' lang='lat' dir='ltr'>si</span> <span class='ocrx_word' id='word_1_302' title='bbox 1237 3467 1313 3518; x_wconf 90' lang='lat' dir='ltr'>eam</span> <span class='ocrx_word' id='word_1_303' title='bbox 1335 3446 1465 3517; x_wconf 91' lang='lat' dir='ltr'>habere</span> <span class='ocrx_word' id='word_1_304' title='bbox 1485 3447 1639 3517; x_wconf 90' lang='lat' dir='ltr'>volueris</span> <span class='ocrx_word' id='word_1_305' title='bbox 1660 3457 1694 3515; x_wconf 93' lang='lat' dir='ltr'>et</span> <span class='ocrx_word' id='word_1_306' title='bbox 1713 3466 1733 3515; x_wconf 89' lang='lat' dir='ltr'>a</span> <span class='ocrx_word' id='word_1_307' title='bbox 1756 3445 1862 3518; x_wconf 89' lang='lat' dir='ltr'>nobis</span> 
     </span>
     <span class='ocr_line' id='line_1_30' title="bbox 432 3542 1862 3637; baseline -0.002 -22"><span class='ocrx_word' id='word_1_308' title='bbox 432 3545 589 3637; x_wconf 89' lang='lat' dir='ltr'>petieris.</span> <span class='ocrx_word' id='word_1_309' title='bbox 612 3545 694 3615; x_wconf 85' lang='lat' dir='ltr'>Lata</span> <span class='ocrx_word' id='word_1_310' title='bbox 713 3544 778 3614; x_wconf 89' lang='lat' dir='ltr'>init</span> <span class='ocrx_word' id='word_1_311' title='bbox 798 3544 863 3616; x_wconf 90' lang='lat' dir='ltr'>hec</span> <span class='ocrx_word' id='word_1_312' title='bbox 881 3546 1055 3616; x_wconf 88' lang='lat' dir='ltr'>sententia</span> <span class='ocrx_word' id='word_1_313' title='bbox 1074 3566 1168 3616; x_wconf 88' lang='lat' dir='ltr'>anno</span> <span class='ocrx_word' id='word_1_314' title='bbox 1193 3547 1251 3615; x_wconf 93' lang='lat' dir='ltr'>die</span> <span class='ocrx_word' id='word_1_315' title='bbox 1271 3556 1305 3615; x_wconf 90' lang='lat' dir='ltr'>et</span> <span class='ocrx_word' id='word_1_316' title='bbox 1331 3544 1427 3632; x_wconf 88' lang='lat' dir='ltr'>loco,</span> <span class='ocrx_word' id='word_1_317' title='bbox 1448 3555 1536 3630; x_wconf 78' lang='lat' dir='ltr'>etc,</span> <span class='ocrx_word' id='word_1_318' title='bbox 1559 3542 1783 3636; x_wconf 89' lang='lat' dir='ltr'>presentibus</span> <span class='ocrx_word' id='word_1_319' title='bbox 1806 3554 1862 3612; x_wconf 91' lang='lat' dir='ltr'>ta-</span> 
     </span>
     <span class='ocr_line' id='line_1_31' title="bbox 426 3642 1546 3715; baseline 0.001 -5"><span class='ocrx_word' id='word_1_320' title='bbox 426 3642 521 3713; x_wconf 88' lang='lat' dir='ltr'>libus</span> <span class='ocrx_word' id='word_1_321' title='bbox 541 3652 609 3715; x_wconf 87' lang='lat' dir='ltr'>etc.</span> <span class='ocrx_word' id='word_1_322' title='bbox 1544 3671 1546 3677; x_wconf 95' lang='lat'>·</span> 
     </span>
    </p>
   </div>
   <div class='ocr_carea' id='block_1_3' title="bbox 432 3894 1864 4085">
    <p class='ocr_par' dir='ltr' id='par_1_3' title="bbox 432 3894 1864 4085">
     <span class='ocr_line' id='line_1_32' title="bbox 432 3894 1864 3978; baseline -0.003 -16"><span class='ocrx_word' id='word_1_323' title='bbox 432 3901 489 3962; x_wconf 89' lang='lat' dir='ltr'>tt.</span> <span class='ocrx_word' id='word_1_324' title='bbox 514 3898 716 3962; x_wconf 81' lang='lat' dir='ltr'>instructio</span> <span class='ocrx_word' id='word_1_325' title='bbox 737 3898 893 3978; x_wconf 85' lang='lat' dir='ltr'>quedam</span> <span class='ocrx_word' id='word_1_326' title='bbox 915 3906 1046 3963; x_wconf 82' lang='lat' dir='ltr'>contra</span> <span class='ocrx_word' id='word_1_327' title='bbox 1066 3898 1190 3962; x_wconf 90' lang='lat' dir='ltr'>dolum</span> <span class='ocrx_word' id='word_1_328' title='bbox 1212 3905 1248 3960; x_wconf 81' lang='lat' dir='ltr'>et</span> <span class='ocrx_word' id='word_1_329' title='bbox 1268 3895 1455 3961; x_wconf 73' lang='lat' dir='ltr'>fallaciam</span> <span class='ocrx_word' id='word_1_330' title='bbox 1478 3895 1626 3960; x_wconf 91' lang='lat' dir='ltr'>illorum</span> <span class='ocrx_word' id='word_1_331' title='bbox 1645 3895 1708 3975; x_wconf 89' lang='lat' dir='ltr'>qui</span> <span class='ocrx_word' id='word_1_332' title='bbox 1726 3894 1864 3959; x_wconf 83' lang='lat' dir='ltr'>nolunt</span> 
     </span>
     <span class='ocr_line' id='line_1_33' title="bbox 474 4002 1818 4085; baseline -0.006 -16"><span class='ocrx_word' id='word_1_333' title='bbox 474 4006 571 4069; x_wconf 83' lang='lat' dir='ltr'>clare</span> <span class='ocrx_word' id='word_1_334' title='bbox 589 4005 776 4078; x_wconf 72' lang='lat' dir='ltr'>attumne,</span> <span class='ocrx_word' id='word_1_335' title='bbox 796 4013 852 4070; x_wconf 85' lang='lat' dir='ltr'>set</span> <span class='ocrx_word' id='word_1_336' title='bbox 868 4006 1040 4082; x_wconf 77' lang='lat' dir='ltr'>ambigue</span> <span class='ocrx_word' id='word_1_337' title='bbox 1058 4011 1094 4068; x_wconf 89' lang='lat' dir='ltr'>et</span> <span class='ocrx_word' id='word_1_338' title='bbox 1112 4005 1265 4068; x_wconf 87' lang='lat' dir='ltr'>obscure</span> <span class='ocrx_word' id='word_1_339' title='bbox 1282 4012 1318 4067; x_wconf 81' lang='lat' dir='ltr'>et</span> <span class='ocrx_word' id='word_1_340' title='bbox 1334 4005 1373 4068; x_wconf 90' lang='lat' dir='ltr'>in</span> <span class='ocrx_word' id='word_1_341' title='bbox 1392 4005 1567 4085; x_wconf 85' lang='lat' dir='ltr'>equivoco</span> <span class='ocrx_word' id='word_1_342' title='bbox 1584 4002 1818 4082; x_wconf 86' lang='lat' dir='ltr'>respondere.</span> 
     </span>
    </p>
   </div>
   <div class='ocr_carea' id='block_1_4' title="bbox 429 4246 1858 5123">
    <p class='ocr_par' dir='ltr' id='par_1_4' title="bbox 429 4246 1858 5123">
     <span class='ocr_line' id='line_1_34' title="bbox 480 4246 1858 4341; baseline -0.002 -24"><span class='ocrx_word' id='word_1_343' title='bbox 480 4248 568 4317; x_wconf 90' lang='lat' dir='ltr'>Sunt</span> <span class='ocrx_word' id='word_1_344' title='bbox 588 4249 690 4318; x_wconf 89' lang='lat' dir='ltr'>etiam</span> <span class='ocrx_word' id='word_1_345' title='bbox 712 4249 802 4318; x_wconf 90' lang='lat' dir='ltr'>inter</span> <span class='ocrx_word' id='word_1_346' title='bbox 822 4249 915 4341; x_wconf 89' lang='lat' dir='ltr'>ipsus</span> <span class='ocrx_word' id='word_1_347' title='bbox 933 4247 1075 4338; x_wconf 90' lang='lat' dir='ltr'>quidam</span> <span class='ocrx_word' id='word_1_348' title='bbox 1096 4247 1266 4318; x_wconf 90' lang='lat' dir='ltr'>maliciosi</span> <span class='ocrx_word' id='word_1_349' title='bbox 1280 4247 1409 4339; x_wconf 90' lang='lat' dir='ltr'>pariter</span> <span class='ocrx_word' id='word_1_350' title='bbox 1426 4257 1462 4316; x_wconf 92' lang='lat' dir='ltr'>et</span> <span class='ocrx_word' id='word_1_351' title='bbox 1479 4246 1591 4317; x_wconf 89' lang='lat' dir='ltr'>dolosi</span> <span class='ocrx_word' id='word_1_352' title='bbox 1608 4246 1682 4338; x_wconf 87' lang='lat' dir='ltr'>qui,</span> <span class='ocrx_word' id='word_1_353' title='bbox 1707 4258 1743 4314; x_wconf 94' lang='lat' dir='ltr'>ut</span> <span class='ocrx_word' id='word_1_354' title='bbox 1762 4247 1858 4316; x_wconf 85' lang='lat' dir='ltr'>veri·</span> 
     </span>
     <span class='ocr_line' id='line_1_35' title="bbox 433 4344 1858 4440; baseline -0.001 -26"><span class='ocrx_word' id='word_1_355' title='bbox 433 4355 538 4415; x_wconf 89' lang='lat' dir='ltr'>tatem</span> <span class='ocrx_word' id='word_1_356' title='bbox 561 4345 706 4438; x_wconf 90' lang='lat' dir='ltr'>pallient</span> <span class='ocrx_word' id='word_1_357' title='bbox 726 4358 761 4416; x_wconf 90' lang='lat' dir='ltr'>et</span> <span class='ocrx_word' id='word_1_358' title='bbox 779 4367 818 4416; x_wconf 91' lang='lat' dir='ltr'>se</span> <span class='ocrx_word' id='word_1_359' title='bbox 836 4366 877 4415; x_wconf 90' lang='lat' dir='ltr'>ac</span> <span class='ocrx_word' id='word_1_360' title='bbox 891 4366 974 4416; x_wconf 89' lang='lat' dir='ltr'>suos</span> <span class='ocrx_word' id='word_1_361' title='bbox 989 4345 1176 4440; x_wconf 91' lang='lat' dir='ltr'>complices</span> <span class='ocrx_word' id='word_1_362' title='bbox 1192 4355 1382 4432; x_wconf 82' lang='lat' dir='ltr'>contegant</span> <span class='ocrx_word' id='word_1_363' title='bbox 1409 4356 1444 4414; x_wconf 91' lang='lat' dir='ltr'>et</span> <span class='ocrx_word' id='word_1_364' title='bbox 1469 4344 1643 4414; x_wconf 86' lang='lat' dir='ltr'>occultent</span> <span class='ocrx_word' id='word_1_365' title='bbox 1668 4363 1712 4412; x_wconf 91' lang='lat' dir='ltr'>ne</span> <span class='ocrx_word' id='word_1_366' title='bbox 1733 4364 1858 4413; x_wconf 91' lang='lat' dir='ltr'>eorum</span> 
     </span>
     <span class='ocr_line' id='line_1_36' title="bbox 431 4441 1856 4536; baseline -0.001 -24"><span class='ocrx_word' id='word_1_367' title='bbox 431 4463 529 4514; x_wconf 91' lang='lat' dir='ltr'>error</span> <span class='ocrx_word' id='word_1_368' title='bbox 554 4455 589 4512; x_wconf 93' lang='lat' dir='ltr'>et</span> <span class='ocrx_word' id='word_1_369' title='bbox 613 4443 744 4513; x_wconf 81' lang='lat' dir='ltr'>salsitas</span> <span class='ocrx_word' id='word_1_370' title='bbox 764 4442 1068 4536; x_wconf 89' lang='lat' dir='ltr'>deprehendatur,</span> <span class='ocrx_word' id='word_1_371' title='bbox 1089 4443 1140 4512; x_wconf 88' lang='lat' dir='ltr'>sic</span> <span class='ocrx_word' id='word_1_372' title='bbox 1164 4443 1379 4535; x_wconf 89' lang='lat' dir='ltr'>respondent</span> <span class='ocrx_word' id='word_1_373' title='bbox 1396 4441 1580 4532; x_wconf 83' lang='lat' dir='ltr'>ambigue,</span> <span class='ocrx_word' id='word_1_374' title='bbox 1608 4441 1658 4510; x_wconf 92' lang='lat' dir='ltr'>sic</span> <span class='ocrx_word' id='word_1_375' title='bbox 1684 4441 1856 4525; x_wconf 88' lang='lat' dir='ltr'>obscure,</span> 
     </span>
     <span class='ocr_line' id='line_1_37' title="bbox 430 4538 1858 4632; baseline -0.003 -22"><span class='ocrx_word' id='word_1_376' title='bbox 430 4542 481 4610; x_wconf 90' lang='lat' dir='ltr'>sic</span> <span class='ocrx_word' id='word_1_377' title='bbox 500 4541 711 4632; x_wconf 78' lang='lat' dir='ltr'>generaliter</span> <span class='ocrx_word' id='word_1_378' title='bbox 737 4553 772 4611; x_wconf 91' lang='lat' dir='ltr'>et</span> <span class='ocrx_word' id='word_1_379' title='bbox 791 4541 934 4611; x_wconf 85' lang='lat' dir='ltr'>contuse</span> <span class='ocrx_word' id='word_1_380' title='bbox 954 4541 997 4610; x_wconf 90' lang='lat' dir='ltr'>ad</span> <span class='ocrx_word' id='word_1_381' title='bbox 1022 4541 1248 4631; x_wconf 83' lang='lat' dir='ltr'>interrogata,</span> <span class='ocrx_word' id='word_1_382' title='bbox 1269 4540 1364 4631; x_wconf 92' lang='lat' dir='ltr'>quod</span> <span class='ocrx_word' id='word_1_383' title='bbox 1381 4561 1426 4609; x_wconf 79' lang='lat' dir='ltr'>ex</span> <span class='ocrx_word' id='word_1_384' title='bbox 1454 4539 1681 4631; x_wconf 91' lang='lat' dir='ltr'>responsione</span> <span class='ocrx_word' id='word_1_385' title='bbox 1700 4538 1858 4629; x_wconf 89' lang='lat' dir='ltr'>ipsorum</span> 
     </span>
     <span class='ocr_line' id='line_1_38' title="bbox 432 4635 1856 4732; baseline -0.001 -26"><span class='ocrx_word' id='word_1_386' title='bbox 432 4658 501 4708; x_wconf 93' lang='lat' dir='ltr'>non</span> <span class='ocrx_word' id='word_1_387' title='bbox 521 4649 636 4732; x_wconf 88' lang='lat' dir='ltr'>potest</span> <span class='ocrx_word' id='word_1_388' title='bbox 654 4639 747 4709; x_wconf 88' lang='lat' dir='ltr'>clara</span> <span class='ocrx_word' id='word_1_389' title='bbox 768 4641 899 4709; x_wconf 91' lang='lat' dir='ltr'>veritas</span> <span class='ocrx_word' id='word_1_390' title='bbox 919 4638 1036 4729; x_wconf 87' lang='lat' dir='ltr'>colligi</span> <span class='ocrx_word' id='word_1_391' title='bbox 1056 4638 1112 4708; x_wconf 90' lang='lat' dir='ltr'>vel</span> <span class='ocrx_word' id='word_1_392' title='bbox 1132 4636 1274 4724; x_wconf 80' lang='lat' dir='ltr'>haberi3</span> <span class='ocrx_word' id='word_1_393' title='bbox 1295 4637 1389 4708; x_wconf 93' lang='lat' dir='ltr'>unde</span> <span class='ocrx_word' id='word_1_394' title='bbox 1409 4636 1567 4728; x_wconf 88' lang='lat' dir='ltr'>requisiti</span> <span class='ocrx_word' id='word_1_395' title='bbox 1587 4636 1673 4728; x_wconf 91' lang='lat' dir='ltr'>quid</span> <span class='ocrx_word' id='word_1_396' title='bbox 1693 4635 1760 4727; x_wconf 90' lang='lat' dir='ltr'>ipsi</span> <span class='ocrx_word' id='word_1_397' title='bbox 1781 4656 1856 4706; x_wconf 89' lang='lat' dir='ltr'>cre·</span> 
     </span>
     <span class='ocr_line' id='line_1_39' title="bbox 430 4731 1856 4830; baseline -0.003 -25"><span class='ocrx_word' id='word_1_398' title='bbox 430 4736 515 4806; x_wconf 90' lang='lat' dir='ltr'>dant</span> <span class='ocrx_word' id='word_1_399' title='bbox 533 4737 579 4807; x_wconf 89' lang='lat' dir='ltr'>de</span> <span class='ocrx_word' id='word_1_400' title='bbox 596 4735 742 4807; x_wconf 91' lang='lat' dir='ltr'>articulo</span> <span class='ocrx_word' id='word_1_401' title='bbox 768 4739 947 4830; x_wconf 88' lang='lat' dir='ltr'>proposito</span> <span class='ocrx_word' id='word_1_402' title='bbox 966 4737 1022 4806; x_wconf 85' lang='lat' dir='ltr'>vel</span> <span class='ocrx_word' id='word_1_403' title='bbox 1043 4735 1088 4806; x_wconf 92' lang='lat' dir='ltr'>de</span> <span class='ocrx_word' id='word_1_404' title='bbox 1106 4735 1262 4805; x_wconf 89' lang='lat' dir='ltr'>articulis</span> <span class='ocrx_word' id='word_1_405' title='bbox 1279 4736 1331 4806; x_wconf 91' lang='lat' dir='ltr'>eis</span> <span class='ocrx_word' id='word_1_406' title='bbox 1351 4733 1560 4827; x_wconf 90' lang='lat' dir='ltr'>propositis,</span> <span class='ocrx_word' id='word_1_407' title='bbox 1580 4731 1796 4825; x_wconf 89' lang='lat' dir='ltr'>respondent</span> <span class='ocrx_word' id='word_1_408' title='bbox 1811 4735 1856 4802; x_wconf 91' lang='lat' dir='ltr'>ad</span> 
     </span>
     <span class='ocr_line' id='line_1_40' title="bbox 429 4829 1857 4926; baseline -0.002 -23"><span class='ocrx_word' id='word_1_409' title='bbox 429 4832 587 4925; x_wconf 89' lang='lat' dir='ltr'>singulos</span> <span class='ocrx_word' id='word_1_410' title='bbox 610 4859 617 4903; x_wconf 92' lang='lat'>:</span> <span class='ocrx_word' id='word_1_411' title='bbox 640 4833 712 4926; x_wconf 79' lang='lat' dir='ltr'>Ego</span> <span class='ocrx_word' id='word_1_412' title='bbox 735 4835 843 4905; x_wconf 90' lang='lat' dir='ltr'>credo</span> <span class='ocrx_word' id='word_1_413' title='bbox 862 4834 907 4904; x_wconf 91' lang='lat' dir='ltr'>de</span> <span class='ocrx_word' id='word_1_414' title='bbox 930 4834 997 4905; x_wconf 89' lang='lat' dir='ltr'>huc</span> <span class='ocrx_word' id='word_1_415' title='bbox 1021 4836 1112 4904; x_wconf 90' lang='lat' dir='ltr'>sicut</span> <span class='ocrx_word' id='word_1_416' title='bbox 1131 4833 1264 4919; x_wconf 89' lang='lat' dir='ltr'>credit,</span> <span class='ocrx_word' id='word_1_417' title='bbox 1283 4833 1339 4903; x_wconf 91' lang='lat' dir='ltr'>vel</span> <span class='ocrx_word' id='word_1_418' title='bbox 1360 4832 1446 4901; x_wconf 93' lang='lat' dir='ltr'>illud</span> <span class='ocrx_word' id='word_1_419' title='bbox 1468 4831 1564 4923; x_wconf 92' lang='lat' dir='ltr'>quod</span> <span class='ocrx_word' id='word_1_420' title='bbox 1583 4829 1714 4914; x_wconf 88' lang='lat' dir='ltr'>credit,</span> <span class='ocrx_word' id='word_1_421' title='bbox 1736 4841 1857 4900; x_wconf 91' lang='lat' dir='ltr'>sancta</span> 
     </span>
     <span class='ocr_line' id='line_1_41' title="bbox 430 4927 1856 5024; baseline -0.003 -24"><span class='ocrx_word' id='word_1_422' title='bbox 430 4927 581 5001; x_wconf 86' lang='lat' dir='ltr'>Ecclesia</span> <span class='ocrx_word' id='word_1_423' title='bbox 601 4932 663 5001; x_wconf 89' lang='lat' dir='ltr'>Dei</span> <span class='ocrx_word' id='word_1_424' title='bbox 683 4956 692 5021; x_wconf 90' lang='lat'>;</span> <span class='ocrx_word' id='word_1_425' title='bbox 714 4953 783 5004; x_wconf 92' lang='lat' dir='ltr'>non</span> <span class='ocrx_word' id='word_1_426' title='bbox 804 4932 928 5003; x_wconf 88' lang='lat' dir='ltr'>volunt</span> <span class='ocrx_word' id='word_1_427' title='bbox 943 4952 982 5002; x_wconf 94' lang='lat' dir='ltr'>se</span> <span class='ocrx_word' id='word_1_428' title='bbox 1000 4931 1103 5001; x_wconf 90' lang='lat' dir='ltr'>aliter</span> <span class='ocrx_word' id='word_1_429' title='bbox 1119 4930 1282 5024; x_wconf 83' lang='lat' dir='ltr'>explicite</span> <span class='ocrx_word' id='word_1_430' title='bbox 1302 4931 1481 5001; x_wconf 89' lang='lat' dir='ltr'>declarare</span> <span class='ocrx_word' id='word_1_431' title='bbox 1505 4949 1570 4999; x_wconf 89' lang='lat' dir='ltr'>nec</span> <span class='ocrx_word' id='word_1_432' title='bbox 1589 4928 1691 4998; x_wconf 91' lang='lat' dir='ltr'>aliter</span> <span class='ocrx_word' id='word_1_433' title='bbox 1709 4949 1856 5020; x_wconf 89' lang='lat' dir='ltr'>respon-</span> 
     </span>
     <span class='ocr_line' id='line_1_42' title="bbox 429 5026 1855 5123; baseline -0.001 -27"><span class='ocrx_word' id='word_1_434' title='bbox 429 5026 537 5114; x_wconf 89' lang='lat' dir='ltr'>dere,</span> <span class='ocrx_word' id='word_1_435' title='bbox 565 5030 728 5120; x_wconf 83' lang='lat' dir='ltr'>quamvis</span> <span class='ocrx_word' id='word_1_436' title='bbox 754 5029 874 5123; x_wconf 89' lang='lat' dir='ltr'>sepius</span> <span class='ocrx_word' id='word_1_437' title='bbox 900 5028 1080 5121; x_wconf 81' lang='lat' dir='ltr'>requisiti3</span> <span class='ocrx_word' id='word_1_438' title='bbox 1102 5030 1137 5098; x_wconf 93' lang='lat' dir='ltr'>in</span> <span class='ocrx_word' id='word_1_439' title='bbox 1163 5047 1235 5120; x_wconf 94' lang='lat' dir='ltr'>quo</span> <span class='ocrx_word' id='word_1_440' title='bbox 1260 5048 1343 5098; x_wconf 88' lang='lat' dir='ltr'>casu</span> <span class='ocrx_word' id='word_1_441' title='bbox 1371 5026 1416 5097; x_wconf 91' lang='lat' dir='ltr'>ad</span> <span class='ocrx_word' id='word_1_442' title='bbox 1441 5026 1701 5098; x_wconf 81' lang='lat' dir='ltr'>excludendum</span> <span class='ocrx_word' id='word_1_443' title='bbox 1733 5046 1855 5096; x_wconf 90' lang='lat' dir='ltr'>eorum</span> 
     </span>
    </p>
   </div>
   <div class='ocr_carea' id='block_1_5' title="bbox 1123 5639 1476 5992">
    <p class='ocr_par' dir='ltr' id='par_1_5' title="bbox 1119 5639 1476 5992">
     <span class='ocr_line' id='line_1_43' title="bbox 1123 5639 1476 5992; baseline -0.003 -25.011"><span class='ocrx_word' id='word_1_444' title='bbox 1123 5764 1357 5992; x_wconf 66' lang='grc' dir='ltr'>Α</span> <span class='ocrx_word' id='word_1_445' title='bbox 1473 5639 1476 5646; x_wconf 58' lang='grc'><strong>’</strong></span> 
     </span>
    </p>
   </div>
   <div class='ocr_carea' id='block_1_6' title="bbox 0 0 2297 6404">
    <p class='ocr_par' dir='ltr' id='par_1_6' title="bbox 0 0 2297 6404">
     <span class='ocr_line' id='line_1_44' title="bbox 0 0 2297 6404; baseline 0 0"><span class='ocrx_word' id='word_1_446' title='bbox 0 0 2297 6404; x_wconf 95' lang='lat' dir='ltr'> </span> 
     </span>
    </p>
   </div>
  </div>
 </body>
</html>
