4574 6404
968 730 971 735 ⁵
1018 659 1139 714 asarta
1164 658 1260 711 onus.
1788 645 1856 714 ll7

424 817 520 889 modi
549 837 619 888 non
648 819 852 905 accesserit,
883 829 944 888 aut
974 840 1110 890 senon
1140 816 1321 888 incluserit
1348 817 1384 885 in
1413 817 1561 902 eodem,
1592 829 1653 888 aut
1684 831 1764 911 post
1798 821 1854 890 in-

423 936 583 1010 gressum
610 915 794 985 temerarie
818 915 944 986 exierit
967 917 1012 986 ab
1039 917 1164 989 codem
1188 913 1245 986 vel
1270 913 1374 984 etiam
1402 914 1489 984 alias
1521 915 1785 1008 impenitentem
1815 939 1855 989 se

423 1012 621 1100 exibuerit,
647 1023 768 1083 contra
794 1012 851 1082 illa
876 1036 949 1106 que
972 1015 1149 1105 abjuravit
1173 1013 1360 1083 illorumve
1381 1011 1526 1103 aliquod
1552 1012 1704 1083 scienter
1731 1015 1855 1086 venire

423 1111 701 1207 presumpserit,
729 1131 793 1182 nos
820 1112 933 1204 ipsum
964 1112 1053 1182 ultra
1081 1132 1189 1204 penas
1214 1110 1301 1180 alias
1326 1111 1448 1199 ajure
1473 1109 1588 1180 eidem
1614 1109 1764 1181 inflictas
1790 1133 1854 1183 seu

425 1210 529 1282 etiam
551 1206 775 1299 infligendas,
800 1208 956 1301 predicta
972 1210 1166 1281 monitione
1185 1208 1370 1302 premissa,
1393 1228 1438 1278 ex
1458 1210 1606 1277 nuncin
1629 1207 1695 1278 biis
1714 1209 1855 1302 scriptis

423 1306 647 1402 presentibus
665 1305 1042 1378 excommunicationis
1059 1306 1202 1378 vinculo
1218 1305 1448 1392 innodamus;
1468 1326 1530 1397 per
1551 1305 1692 1376 modum
1713 1328 1855 1398 quoque

424 1405 633 1498 premissum
649 1423 834 1474 monemus
850 1425 973 1476 omncs
986 1417 1021 1477 et
1035 1406 1214 1497 singulos,
1231 1407 1484 1494 cujuscumque
1505 1402 1704 1493 dignitatis,
1723 1405 1855 1496 gradus

424 1514 485 1575 aut
499 1501 713 1574 conditionis
732 1502 899 1583 existant,
922 1525 966 1574 ne
987 1505 1100 1595 ipsum
1123 1503 1264 1574 lratrcm
1284 1500 1326 1569 N.
1349 1500 1566 1571 sacerdotem
1584 1500 1629 1570 ad
1651 1500 1855 1591 hujusmodi

425 1600 535 1673 nostri
562 1599 716 1670 mandati
746 1600 1060 1691 transgressionem
1090 1601 1278 1682 inducere,
1308 1609 1370 1668 aut
1396 1599 1509 1690 ipsum
1539 1599 1854 1689 transgredientem

424 1699 518 1769 idem
538 1699 741 1768 mandatum
762 1697 915 1767 scienter
935 1698 1110 1792 recipere,
1134 1719 1197 1768 seu
1217 1696 1250 1766 ei
1272 1696 1479 1781 consilium,
1503 1695 1698 1783 auxilium,
1720 1696 1776 1768 vel
1801 1698 1853 1767 la-

424 1816 547 1867 vorem
562 1795 766 1889 impendere
783 1817 927 1887 quoquo
943 1796 1048 1868 modo
1060 1805 1274 1889 presumant.
1290 1794 1329 1863 ln
1340 1793 1418 1865 illos
1433 1804 1551 1864 autem
1564 1794 1625 1884 qui
1640 1796 1854 1865 contrarium

426 1894 572 1967 iecerint
587 1894 677 1964 ultra
698 1913 807 1985 penas
826 1893 913 1964 alias
933 1904 1053 1965 contra
1077 1894 1163 1964 tales
1181 1914 1201 1963 a
1216 1894 1298 1983 jure
1318 1901 1480 1977 statutas,
1502 1913 1549 1961 ex
1568 1912 1676 1976 nunc,
1699 1893 1856 1984 predicta

427 1991 619 2061 monitione
637 1991 820 2084 premissa,
841 1992 876 2060 in
892 1991 961 2063 biis
977 1992 1200 2084 presentibus
1219 1990 1360 2082 scriptis
1380 1989 1756 2067 excommunicationis
1776 2012 1855 2061 sen·
1955 2067 1960 2079 ¹

426 2089 574 2161 lentium
596 2090 871 2181 promulgamus.
895 2089 1066 2175 Domum,
1091 2088 1159 2159 lata
1182 2088 1217 2158 in
1245 2092 1359 2181 ipsum
1382 2088 1423 2158 N.
1451 2086 1654 2178 hujusmodi
1683 2091 1865 2184 sententia·

426 2198 464 2257 ut
482 2188 670 2281 prefertur,
694 2209 757 2258 nos
778 2187 856 2258 talis
875 2187 918 2256 N.
941 2189 1127 2280 episcopus
1144 2183 1184 2282 [1⁰
1208 2186 1254 2255 65
1271 2182 1305 2283 a]
1329 2187 1407 2256 talis
1427 2185 1506 2271 loci,
1529 2187 1774 2257 assistentibus
1795 2209 1858 2258 no·

424 2285 479 2356 bis
498 2284 627 2356 talibus
647 2285 821 2377 episcopis
842 2285 994 2371 duobus,
1010 2307 1088 2354 cum
1110 2285 1228 2377 plures
1240 2284 1363 2355 adhoc
1378 2283 1858 2377 episcoposhaberecomode

426 2384 706 2476 nequiverimus,
724 2397 759 2454 et
777 2383 964 2454 abbatibus
987 2383 1114 2453 talibus
1130 2393 1166 2453 et
1182 2383 1318 2453 clericis
1342 2393 1376 2452 et
1399 2383 1572 2474 religiosis
1591 2382 1691 2466 viris,
1709 2383 1858 2454 inconti-

425 2483 522 2553 nenti
541 2480 585 2551 ad
598 2481 888 2572 degradationem
907 2481 1101 2552 sacerdotis
1116 2479 1400 2571 ejusdemcoram
1413 2481 1514 2550 nobis
1526 2479 1731 2550 intestibus
1743 2501 1858 2551 sacer·

425 2580 602 2651 dotalibus
612 2579 1485 2673 existentis,actualiterprocedentes,ornamentis
1496 2579 1858 2670 etinstrumentisque

426 2678 460 2747 in
476 2679 700 2749 ordinatione
719 2699 783 2748 sua
803 2689 986 2771 receperat
1000 2677 1166 2747 exuendo
1186 2676 1337 2746 eundem
1353 2688 1459 2769 atque
1478 2675 1671 2768 privando,
1689 2675 1858 2767 degrada·

425 2776 555 2847 tionem
574 2775 686 2868 ipsius
706 2776 943 2847 conclusimus
956 2775 1024 2845 sub
1035 2774 1103 2843 biis
1119 2774 1262 2844 verbis:
1282 2772 1499 2845 Auctoritale
1512 2773 1574 2844 Dei
1590 2774 1854 2866 omnipotentis,

424 2872 549 2962 Patris,
571 2888 606 2943 et
624 2873 715 2961 Filii,
739 2885 774 2944 et
790 2873 939 2967 Spiritus
958 2872 1096 2956 Sancti,
1118 2892 1159 2941 ac
1177 2881 1294 2942 nostra
1314 2872 1491 2943 ordinaria
1511 2869 1584 2965 (vel
1600 2872 1648 2941 sic
1667 2897 1679 2936 .·
1701 2870 1736 2939 in
1751 2892 1857 2942 causa

424 2972 567 3066 speciali
589 2972 690 3042 nobis
715 2972 748 3040 in
770 2971 836 3041 bac
854 2982 952 3064 parte
966 2970 1182 3060 commissa),
1204 2970 1398 3040 auferimus
1413 2970 1478 3040 tibi
1497 2970 1591 3039 fratri
1614 2968 1673 3039 lali
1691 2969 1733 3037 N.
1757 2968 1856 3038 babi-

427 3081 499 3140 tum
519 3070 715 3141 clericalem
736 3081 771 3140 ct
789 3085 822 3139 te
840 3070 885 3139 ab
907 3069 1004 3140 omni
1021 3067 1230 3138 sacerdotali
1250 3079 1286 3138 el
1304 3068 1374 3139 alio
1393 3069 1552 3161 quolibet
1570 3066 1695 3139 ordine
1713 3066 1858 3159 deponi-

424 3189 503 3239 mus
523 3179 558 3237 et
575 3170 679 3238 etiam
701 3167 937 3259 degradamus
958 3178 1062 3258 leque
1081 3164 1273 3258 spoliamus
1289 3176 1324 3236 et
1343 3167 1533 3237 eximimus
1553 3166 1648 3236 omni
1668 3164 1803 3235 bonore
1822 3175 1858 3236 et

425 3265 548 3336 babitu
567 3286 608 3335 ac
634 3278 776 3336 tonsura
796 3280 831 3334 et
849 3264 1037 3359 privilegio
1063 3263 1228 3333 clericali.
1256 3264 1337 3332 Lata
1360 3264 1423 3334 suit
1451 3263 1606 3356 predicta
1625 3265 1798 3333 sententia
1822 3273 1857 3333 et

425 3362 570 3434 actualis
585 3362 792 3454 degradatio
809 3363 1017 3448 subsecuta,
1035 3380 1147 3446 anno,
1169 3361 1226 3431 die
1243 3372 1278 3431 et
1298 3361 1374 3433 loco
1391 3362 1536 3446 talibus,
1555 3373 1622 3432 etc.

471 3461 665 3555 Episcopus
694 3482 780 3531 vero
810 3461 871 3552 qni
899 3459 981 3529 lacit
1014 3457 1301 3548 degradationem
1332 3459 1472 3552 publice
1503 3459 1662 3552 singula,
1693 3480 1757 3529 seu
1786 3458 1857 3527 sint

428 3570 569 3642 vestes,
587 3559 700 3642 calix,
721 3557 831 3644 liber,
854 3578 917 3628 seu
938 3555 1064 3648 quevis
1084 3554 1152 3625 alia
1172 3577 1243 3645 res,
1260 3577 1330 3649 quc
1348 3557 1398 3626 illi
1419 3557 1646 3650 degradando
1661 3559 1763 3649 juxta
1780 3575 1856 3625 mo-

427 3677 498 3726 rem
527 3656 806 3727 ordinandorum
834 3655 1040 3726 clericorum
1071 3654 1107 3721 in
1133 3673 1198 3724 sua
1224 3655 1445 3727 ordinatione
1465 3655 1510 3725 ab
1536 3657 1700 3750 episcopo
1727 3653 1856 3724 luerint

426 3753 554 3824 tradita
568 3774 632 3824 seu
648 3754 787 3841 collata,
805 3751 1190 3844 singulariterauierat,
1210 3752 1255 3822 ab
1274 3753 1333 3823 illo
1351 3754 1562 3825 vestimento
1581 3755 1635 3824 vel
1648 3764 1855 3824 ornamento

425 3852 520 3944 quod
538 3852 658 3922 datum
679 3873 742 3921 seu
765 3852 930 3920 traditum
953 3849 1076 3919 ultimo
1094 3849 1208 3918 luerat
1222 3851 1291 3921 sibi
1313 3850 1530 3939 inchoando,
1553 3861 1588 3922 et
1607 3850 1856 3923 descendendo

425 3949 596 4041 gradatim
618 3949 905 4040 degradationem
926 3947 1110 4019 continuet
1129 3949 1299 4038 usquead
1317 3949 1463 4043 primam
1482 3960 1616 4020 vestem
1638 3948 1800 4020 traditam
1819 3950 1855 4016 in

428 4047 615 4119 collatione
633 4056 776 4116 tonsore
792 4042 831 4142 [Ρ
852 4045 898 4114 65
914 4042 971 4144 b];
994 4056 1147 4136 tuncque
1164 4046 1307 4115 radatur
1324 4060 1428 4140 caput
1447 4047 1554 4134 illius,
1575 4047 1652 4118 sive
1671 4045 1857 4116 tondeatur

425 4165 470 4216 ne
496 4154 640 4215 tonsure
659 4165 722 4214 seu
742 4144 927 4215 clericatus
946 4143 1135 4235 vestigium
1164 4155 1344 4215 remaneat
1363 4148 1398 4214 in
1424 4145 1562 4216 eodem.
1584 4144 1716 4216 Poterit
1737 4153 1855 4214 autem

425 4243 477 4312 uti
496 4242 736 4336 episcopusin
763 4241 1016 4333 degradatione
1036 4240 1239 4331 hujusmodi
1262 4243 1381 4313 verbis
1405 4243 1582 4335 aliquibus
1613 4243 1658 4314 ad
1687 4254 1854 4313 terrorem

425 4340 597 4435 oppositis
618 4339 686 4408 illis
706 4361 775 4431 que
796 4340 830 4408 in
851 4339 1037 4410 collatione
1052 4339 1215 4410 ordinum
1227 4351 1310 4410 sunt
1327 4341 1475 4431 prolata,
1494 4340 1645 4412 dicendo
1660 4340 1855 4436 presbitero

425 4438 510 4523 hec,
530 4437 587 4508 vel
609 4437 735 4507 similia
757 4437 881 4508 verba.

685 4664 744 4728 21.
769 4665 900 4729 Modus
915 4682 980 4729 seu
994 4664 1111 4728 forma
1126 4664 1404 4742 degradationis
1419 4665 1590 4730 actualis.

472 4851 528 4997 qna
543 4850 716 4941 sacerdotal.
790 4927 796 4939 Ι
824 4927 830 4939 ⁶

494 4926 708 4998 addictione
725 4928 845 4998 calceis
863 4934 896 4998 et
909 4934 1041 5020 palene
1059 4949 1072 4998 .·

468 5023 676 5096 ‘tulerimus
706 5025 778 5095 tibi
798 5025 941 5096 calicem
978 5036 1012 5096 ct
1042 5036 1228 5118 patenam,
1260 5037 1365 5118 teque
1393 5027 1576 5118 exuimus,
1610 5038 1646 5099 et
1674 5031 1855 5122 privamus
1955 5096 1959 5101 .
