4574 6404
427 664 471 733 68
716 679 877 732 ruaerrm
903 679 1143 746 rnoursrrrorus
1171 679 1332 732 unnurrcu
1358 645 1590 730 enavimus(

427 841 461 909 in
482 839 548 910 bac
572 850 669 932 parte
699 839 887 929 subjectis,
912 850 946 909 et
975 839 1187 931 ubicumque
1213 850 1248 909 et
1273 837 1366 931 apud
1394 858 1637 931 quoscumque
1663 838 1774 932 aliqui
1803 840 1859 909 in-

426 938 522 1008 venti
545 938 675 1007 luerint
693 937 840 1029 capiatis
858 958 920 1007 seu
941 937 1017 1030 capi
1039 937 1172 1007 faciatis
1193 937 1336 1007 eosdem
1366 935 1482 1022 nobis,
1504 947 1542 1006 ut
1562 936 1770 1029 premissum
1791 947 1859 1025 est,

426 1034 648 1106 exhibendos
666 1059 676 1122 ;
699 1034 831 1105 litteras
851 1054 992 1126 quoque
1013 1046 1149 1106 nostras
1169 1035 1255 1104 alias
1272 1033 1456 1125 generales
1482 1034 1859 1105 excommunicationis

426 1132 638 1203 sententiam
679 1132 900 1202 continentes
938 1143 1059 1202 contra
1094 1153 1336 1223 quoscumque
1379 1131 1580 1203 detentores
1622 1132 1859 1222 predictorum

426 1230 597 1300 librorum
626 1240 661 1299 et
691 1230 924 1300 occultatores
951 1251 991 1299 ac
1018 1230 1189 1301 celatores
1216 1249 1360 1314 eorum,
1393 1249 1530 1300 necnon
1553 1225 1593 1324 [l0
1613 1229 1658 1298 36
1682 1225 1715 1327 c]
1740 1242 1861 1301 contra

429 1328 658 1419 impeditores
677 1339 710 1397 et
729 1327 879 1397 rebelles
902 1327 1072 1419 publicari
1098 1327 1231 1397 faciatis
1256 1348 1318 1420 per
1343 1337 1497 1397 rectores
1523 1327 1749 1398 ecclesiarum
1776 1328 1861 1398 locis

428 1437 464 1495 et
482 1425 642 1516 personis
663 1425 697 1493 in
718 1425 1000 1516 quibuscumque
1015 1425 1174 1517 partibus
1191 1425 1294 1496 vobis
1309 1424 1367 1496 vel
1385 1424 1561 1516 deputatis
1578 1447 1640 1518 per
1658 1446 1722 1495 vos
1740 1425 1774 1495 in
1795 1424 1861 1495 hac

427 1533 525 1616 parte
549 1523 666 1592 visum
701 1522 806 1593 luerit
835 1523 1017 1615 expedire.
1039 1522 1245 1593 Mandamus
1269 1522 1414 1615 insuper
1438 1522 1645 1592 auctoritate
1668 1522 1861 1616 apostolica

427 1630 463 1689 et
485 1641 691 1709 monemus,
713 1620 780 1691 sub
801 1641 891 1712 pena
919 1620 1307 1708 excommunicationis,
1330 1640 1453 1691 omnes
1473 1629 1508 1690 et
1529 1620 1688 1711 singulos
1707 1632 1861 1692 rectores

427 1716 653 1788 ecelesiarum
685 1740 792 1812 quos,
816 1718 872 1788 vel
901 1738 1022 1789 eorum
1054 1719 1128 1789 loca
1149 1729 1328 1805 tenentes,
1356 1739 1421 1788 vos
1442 1718 1497 1788 vel
1519 1718 1676 1811 deputati
1705 1739 1725 1789 a
1756 1718 1860 1790 vobis

427 1815 602 1885 duxeritis
622 1816 855 1907 requirendos
875 1837 981 1909 super
1002 1816 1159 1909 predicta
1182 1815 1419 1909 publicatione
1445 1814 1638 1886 litterarum
1663 1827 1861 1888 nostrarum

427 1913 605 1999 iacienda,
628 1914 793 2005 quatinus
813 1914 917 1984 vobis
937 1914 993 1983 uel
1015 1913 1190 2007 deputatis
1212 1936 1273 2006 per
1298 1934 1362 1984 vos
1389 1924 1551 2005 prompte
1574 1924 1719 2007 pareant
1744 1925 1779 1983 et
1806 1915 1860 1983 in·

427 2011 594 2096 tendant;
616 2012 710 2102 quod
732 2012 799 2080 nisi
818 2012 964 2082 iecerint
980 2013 1094 2082 citetis
1113 2011 1169 2081 vel
1185 2013 1284 2082 citari
1304 2011 1438 2082 laniatis
1458 2033 1547 2103 quos
1563 2032 1633 2083 non
1652 2011 1860 2082 obedientes

428 2107 635 2204 inveneritis
662 2120 722 2178 aut
750 2109 899 2179 rebelles
924 2109 1090 2201 quatinus
1114 2109 1156 2178 ad
1181 2121 1310 2180 certam
1336 2108 1448 2194 diem,
1472 2131 1576 2200 quam
1603 2110 1654 2180 eis
1683 2109 1861 2179 duxeritis

429 2204 686 2297 prefigeudam,
708 2205 857 2277 Tholose
882 2207 1113 2298 personaliter
1129 2217 1356 2300 compareant
1377 2228 1494 2278 coram
1517 2207 1631 2292 nobis,
1651 2206 1859 2276 mandatnm

428 2314 585 2372 nostrum
606 2325 713 2396 super
737 2305 804 2374 hoc
829 2305 982 2373 audituri
1004 2316 1038 2374 et
1058 2306 1181 2375 lacturi
1201 2305 1287 2375 alias
1307 2306 1404 2396 quod
1424 2305 1529 2375 luerit
1551 2306 1711 2378 rationis.
1732 2304 1859 2373 Datum

427 2401 494 2470 snb
519 2402 735 2495 appensione
758 2402 862 2492 sigilli
884 2402 991 2472 nostri
1009 2402 1176 2490 Tholose,
1201 2403 1314 2495 pridie
1337 2424 1447 2473 nonas
1476 2404 1648 2492 januarii,
1671 2403 1738 2474 sub
1762 2422 1858 2472 anno

427 2498 566 2568 Domini
585 2498 794 2569 Mutuum.

421 2809 482 2872 49.
507 2809 640 2872 Forma
657 2809 904 2885 mitigationis
919 2811 1017 2874 circa
1032 2827 1165 2890 penam
1192 2811 1375 2874 sententie
1395 2809 1787 2874 excommunicationis
1816 2825 1861 2872 ex

1078 2935 1202 2982 cansa.

470 3188 590 3258 Frater
605 3188 816 3277 Bernartius,
839 3189 1038 3282 inquisitor,
1061 3202 1145 3273 etc,
1167 3189 1361 3261 venerabili
1382 3210 1423 3258 ac
1445 3189 1598 3259 discreto
1618 3187 1696 3258 viro
1717 3186 1861 3258 domino

421 3286 569 3357 iohanni
589 3286 633 3357 de
651 3286 839 3381 Crespeyo,
862 3298 945 3372 etc,
966 3287 1128 3358 salutem.
1148 3287 1293 3357 -Cum
1310 3308 1423 3380 nuper
1437 3286 1539 3356 vobis
1558 3285 1698 3356 fecerim
1719 3284 1860 3376 aliquas

421 3384 669 3474 requisitiones
695 3397 730 3456 et
759 3385 952 3456 monuerim
980 3386 1147 3456 canonice
1178 3386 1244 3456 sub
1275 3405 1366 3479 pena
1394 3383 1769 3455 excommunicationis
1793 3404 1857 3452 su·

422 3503 485 3573 per
510 3482 609 3551 libris
633 3482 822 3553 ludeorum
849 3482 953 3552 michi
979 3483 1164 3555 exibendis
1189 3484 1279 3553 inlra
1303 3493 1436 3554 certum
1463 3482 1673 3568 terminum,
1694 3491 1800 3573 prout
1819 3479 1856 3548 in

424 3579 549 3649 litteris
576 3581 703 3650 nostris
724 3581 826 3652 vobis
855 3578 894 3677 [1⁰
915 3582 960 3650 36
982 3577 1018 3676 d]
1045 3581 1187 3651 exibitis
1213 3581 1358 3674 plenius'
1375 3580 1593 3666 continetur,
1621 3588 1657 3649 et
1681 3599 1746 3650 vos
1767 3597 1861 3647 nuuc

423 3677 514 3746 sicut
541 3677 698 3748 intellexi
724 3689 907 3772 opporteat
934 3700 1012 3748 esse
1038 3679 1218 3748 absentem
1243 3677 1490 3750 asenescallia
1514 3676 1712 3748 Tholosana
1732 3688 1768 3747 et
1789 3676 1862 3746 uu-

426 3773 615 3855 tironensi,
644 3776 768 3846 volens
802 3796 867 3847 vos
901 3788 1000 3846 extra
1035 3777 1284 3868 quodcumque
1318 3775 1513 3869 periculum
1547 3794 1679 3867 ponere
1713 3785 1750 3844 et
1777 3795 1860 3844 con·

423 3873 605 3941 seientiam
632 3884 786 3942 vestram
814 3895 973 3944 securam
999 3895 1077 3944 esse
1102 3875 1232 3966 pariter
1255 3884 1291 3946 et
1315 3894 1500 3958 serenam,
1523 3872 1610 3942 duxi
1635 3885 1756 3942 tenore
1783 3891 1862 3964 pre·

423 3971 575 4039 sentium
606 3971 748 4042 modum
776 3981 811 4041 et
837 3972 982 4042 lormam
1011 3972 1280 4063 requisitiouum
1306 3993 1347 4041 ac
1374 3971 1605 4042 monitionum
1630 3979 1860 4052 nostrarum,

423 4079 592 4158 quantum
620 4069 665 4138 ad
693 4069 1069 4141 excommunicationis
1095 4070 1324 4156 sententiam,
1351 4069 1469 4162 quoad
1495 4088 1680 4162 personam
1702 4076 1860 4137 vestram

422 4164 562 4256 penitus
596 4166 907 4258 suspendendum,
937 4167 985 4236 ita
1018 4167 1113 4258 quod
1147 4166 1243 4238 nulla
1276 4167 1449 4238 sententia
1477 4165 1859 4237 excommunicationis

422 4282 467 4330 ex
494 4273 590 4353 parte
614 4275 733 4334 nostra
760 4265 796 4334 in
824 4265 890 4335 boc
915 4286 997 4335 casu
1025 4286 1089 4335 vos
1114 4265 1336 4356 aliquatenus
1361 4264 1625 4356 apprehendat,
1653 4262 1857 4355 requisitio·

423 4359 527 4428 nibus
554 4363 681 4432 nostris
707 4383 747 4431 ac
773 4361 1024 4433 monitionibus
1052 4363 1086 4430 in
1117 4363 1194 4434 aliis
1219 4372 1254 4433 ct
1277 4371 1448 4455 quantum
1476 4362 1521 4432 ad
1547 4362 1636 4432 alios
1657 4361 1693 4429 in
1714 4380 1779 4430 suo
1800 4381 1858 4430 ro-

422 4457 507 4527 bore
532 4457 730 4545 duraturis,
757 4460 881 4531 volens
906 4471 942 4530 et
964 4460 1155 4532 obsecrans
1180 4471 1218 4529 ut
1243 4481 1289 4550 ex
1315 4461 1381 4530 boc
1409 4480 1479 4530 uon
1511 4459 1626 4528 miuus
1649 4458 1860 4551 quinymmo

424 4555 534 4644 magis
558 4568 593 4624 et
615 4556 767 4650 amplius
788 4559 865 4628 sitis
888 4558 1059 4628 sollicitus
1083 4569 1118 4628 et
1141 4567 1294 4628 attentus
1319 4558 1364 4627 ad
1390 4556 1645 4650 perficiendum
1670 4556 1773 4645 juxta
1798 4576 1861 4627 vo·

425 4653 590 4722 luntatem
627 4668 662 4724 et
687 4657 945 4726 ordinationem
980 4655 1113 4725 domiui
1145 4656 1254 4726 nostri
1284 4656 1397 4746 regis,
1434 4655 1683 4746 requisitiones
1719 4665 1862 4724 nostras

424 4750 469 4817 de
494 4750 591 4820 libris
616 4752 805 4823 ludeornm
838 4753 1058 4846 inquirendis
1081 4764 1116 4823 et
1144 4753 1368 4824 inveniendis
1395 4763 1431 4823 et
1459 4752 1565 4821 michi
1593 4749 1780 4821 exibendis
1812 4750 1860 4821 ud

425 4846 621 4917 laciendum
646 4849 691 4919 de
713 4851 765 4921 eis
788 4850 882 4943 quod
900 4850 1034 4941 justitia
1058 4850 1234 4921 suadebit.
1255 4851 1294 4920 ln
1311 4851 1411 4942 cujus
1430 4852 1480 4921 rei
1500 4847 1741 4920 testimonium
1760 4847 1859 4940 sigil-

424 4943 495 5010 lum
521 4957 676 5015 nostrum
706 4948 791 5018 (luxi
819 4948 1039 5040 presentibus
1062 4949 1349 5043 appponendum.
1378 4949 1503 5019 Datum
1533 4947 1684 5019 Tholose
1709 4947 1743 5015 in
1766 4946 1859 5017 testo

425 5052 545 5110 sancto
566 5045 710 5133 Agnetis
730 5044 879 5136 virginis
897 5057 932 5115 et
954 5047 1131 5132 martiris,
1154 5067 1247 5119 anno
1263 5046 1402 5118 Domini
1420 5047 1468 5116 ll1⁰
1483 5043 1571 5115 CCC⁰
1588 5045 1662 5114 lX0.
