4574 6404
553 615 595 681 la
835 626 998 679 nancrrcn
1023 628 1263 695 rnqursrrrorns
1290 628 1452 682 nannrrca
1478 624 1689 678 nnnvrrnrts.

551 789 642 860 torio
663 787 811 859 termino
828 786 1063 877 assignamus,
1085 787 1246 874 Tholose,
1266 792 1301 860 in
1323 792 1428 861 domo
1446 789 1684 882 inquisitionis
1701 788 1804 882 juxta
1821 786 1979 861 Castrum

549 887 790 970 Narbonense,
810 884 876 955 sub
896 883 1026 954 virtute
1044 887 1177 978 prestiti
1193 887 1399 978 juramenti,
1425 910 1558 958 necnon
1582 887 1649 957 sub
1668 908 1757 979 pena
1774 907 1979 959 excommu-

550 983 754 1068 nicationiS,
785 980 1015 1075 personaliter
1036 993 1070 1053 et
1105 985 1364 1079 perhemptoria
1391 996 1592 1077 compareat
1620 1005 1736 1055 coram
1766 984 1868 1056 nobis
1897 1007 1978 1056 cum

549 1082 712 1153 crucibus
739 1102 826 1172 quas
853 1079 1059 1170 deposuisse
1083 1080 1211 1151 dicitur
1229 1084 1298 1174 jam
1323 1084 1530 1175 resumptis,
1555 1082 1797 1152 satisfacturus
1817 1082 1861 1152 de
1883 1093 1978 1157 tanta

550 1181 684 1250 ullensa
712 1189 747 1248 et
765 1176 974 1268 condignam
1007 1178 1238 1270 penitenciam
1262 1192 1482 1274 recepturus,
1514 1201 1649 1250 necnon
1679 1202 1913 1273 responsurus
1933 1182 1979 1253 de

551 1276 620 1348 fide
639 1298 680 1347 ac
699 1276 744 1346 de
763 1275 830 1346 biis
850 1298 920 1366 que
938 1286 1058 1345 contra
1074 1273 1178 1346 fidem
1196 1301 1258 1372 per
1275 1278 1537 1371 inquisitionem
1554 1298 1595 1348 ac
1609 1300 1670 1371 per
1689 1288 1796 1349 testes
1814 1277 1849 1345 in
1866 1278 1980 1371 inqui·

550 1374 678 1446 sitione
698 1373 853 1464 legitime
874 1385 1031 1465 receptos
1057 1373 1236 1445 invenitur
1259 1378 1293 1447 in
1314 1379 1404 1449 facto
1431 1376 1565 1447 heresis
1587 1375 1828 1458 commisisse,
1850 1387 1885 1446 et
1909 1377 1980 1449 lac·

551 1572 683 1642 ciantes
711 1590 755 1640 ex
785 1581 884 1662 purte
910 1578 1030 1638 nostra
1062 1571 1177 1660 quod,
1200 1571 1265 1642 nisi
1285 1573 1423 1643 venerit
1451 1582 1485 1642 et
1514 1571 1751 1664 comparuerit
1779 1571 1871 1641 dicta
1898 1573 1978 1662 die,

551 1672 781 1765 procedemus
802 1678 922 1737 contra
944 1667 1056 1758 ipsum
1076 1677 1240 1760 tanquam
1261 1682 1382 1740 contra
1407 1682 1610 1762 suspectum
1638 1668 1682 1738 de
1702 1667 1817 1739 heresi
1839 1680 1874 1739 et
1893 1692 1980 1742 con·

551 1785 722 1840 tumacem
743 1767 776 1835 in
794 1787 900 1835 causa
920 1764 1001 1834 fidei
1023 1786 1084 1857 per
1101 1768 1476 1838 excommunicationis
1490 1765 1700 1837 sententiam
1718 1779 1753 1837 et
1775 1766 1861 1837 alias
1889 1768 1978 1840 ulte·

552 1869 638 1953 rius,
657 1866 850 1937 secuudum
871 1864 989 1933 stilurn
1006 1883 1046 1931 ac
1068 1885 1167 1932 nsum
1186 1864 1291 1936 olllcii
1308 1865 1559 1958 inquisitionis,
1574 1875 1677 1957 prout
1695 1875 1730 1933 et
1748 1875 1918 1956 qnantum
1931 1868 1978 1939 de

547 1969 628 2056 jure
646 1963 749 2034 literit
766 1975 800 2032 et
825 1963 914 2031 ratio
932 1961 1115 2048 suadebit,
1139 1963 1248 2054 ipsius
1268 1963 1481 2034 contumatia
1506 1977 1541 2032 et
1568 1963 1704 2032 malicia
1723 1962 1912 2054 exigente3
1935 1965 1980 2036 de

552 2061 706 2156 predicta
727 2082 813 2131 vero
831 2060 996 2130 citatione
1022 2059 1154 2129 faciatis
1182 2059 1256 2131 lieri
1278 2061 1456 2155 publicum
1481 2061 1774 2145 instrumentum,
1797 2061 1886 2130 etin
1906 2062 1978 2153 sig·

553 2182 635 2231 num
657 2159 787 2252 recepti
807 2168 842 2227 et
861 2157 1024 2248 completi
1051 2178 1113 2248 per
1133 2179 1195 2228 vos
1223 2159 1375 2228 mandati
1397 2158 1526 2242 nostri,
1548 2159 1701 2250 sigillum
1723 2169 1879 2228 vestrum
1902 2181 1978 2251 pre-

551 2258 709 2330 sentibus
727 2255 924 2350 apponatis.
947 2254 1072 2323 Datum
1092 2255 1254 2342 Tholose,
1277 2267 1344 2326 etc.

552 2511 752 2576 14.Forma
769 2510 1112 2575 excommunicandi
1128 2517 1380 2573 contumacem
1392 2526 1434 2574 ac
1449 2509 1665 2585 fugiturum
1681 2512 1744 2591 qui
1762 2527 1890 2575 cruces
1907 2511 1982 2575 sibi

613 2618 805 2700 impositas
823 2618 991 2697 deposuit
1007 2625 1043 2680 et
1059 2617 1196 2680 citatus
1213 2617 1391 2681 canonice
1407 2634 1482 2681 non
1500 2618 1705 2697 comparuit
1722 2626 1824 2682 certa
1838 2620 1909 2682 dis.

599 2837 717 2908 Frater
742 2836 941 2908 Bernardus
967 2834 1158 2920 (luidonis,
1180 2836 1258 2905 ord.
1281 2833 1433 2928 predic,
1453 2834 1660 2925 inquisitor,
1682 2848 1767 2911 etc..
1799 2836 1981 2928 capellano

551 2936 625 3020 tali,
637 2948 704 3006 etc.
720 2934 856 3005 -Cum
872 2933 949 3003 talis
962 2932 1213 3025 parrochianus
1229 2943 1347 3002 vester
1359 2932 1404 3002 de
1422 2933 1588 3003 mandato
1604 2934 1858 3003 nostrocitatus
1874 2934 1982 3009 luerit

551 3034 813 3128 perhemptorie
832 3053 873 3102 ac
892 3030 1061 3101 canonice
1088 3030 1123 3098 in
1146 3029 1324 3101 domicilio
1344 3050 1407 3100 seu
1432 3032 1466 3099 in
1495 3030 1572 3101 loco
1593 3031 1651 3101 ubi
1673 3030 1800 3101 morari
1819 3052 1979 3105 commu·

552 3133 641 3202 niter
659 3130 858 3215 consuevit,
880 3150 921 3199 ac
940 3129 1043 3199 etiam
1066 3127 1205 3220 publice
1226 3127 1259 3196 in
1281 3126 1428 3198 ecclesia
1449 3140 1581 3213 vestra,
1601 3129 1695 3199 clero
1711 3139 1745 3198 et
1766 3131 1896 3221 populo
1917 3132 1981 3203 ibi·

551 3231 630 3300 dem
651 3229 695 3299 ad
716 3228 933 3298 audiendum
954 3226 1074 3296 divina
1095 3234 1327 3316 congregato,
1345 3246 1424 3295 cnm
1441 3247 1510 3296 non
1529 3237 1647 3319 posset
1666 3238 1831 3318 tanquam
1853 3228 1981 3301 absens

550 3339 586 3399 et
616 3326 801 3417 lugittivus
827 3324 1002 3408 inveniri,
1034 3335 1072 3393 ut
1098 3324 1157 3394 tali
1180 3323 1253 3403 die,
1273 3322 1436 3408 Tbolose,
1459 3325 1494 3392 in
1516 3323 1622 3395 domn
1643 3323 1894 3416 inquisitionis,
1915 3329 1982 3399 sub

552 3445 642 3521 pena
659 3422 1033 3495 excommunicationis
1051 3442 1166 3492 coram
1188 3421 1290 3491 nobis
1309 3421 1539 3513 personaliter
1558 3434 1592 3491 et
1611 3421 1870 3514 perhemptorie
1886 3445 1981 3496 com·

553 3531 710 3617 pareret,
732 3522 973 3591 satisfacturus
992 3542 1099 3612 super
1118 3541 1161 3589 eo
1181 3518 1275 3611 quod
1302 3519 1498 3590 temeritate
1525 3519 1664 3612 propria
1694 3540 1816 3589 cruces
1842 3525 1984 3594 nomine

552 3619 750 3714 penitencie
768 3618 835 3689 sibi
857 3618 1038 3710 impositas
1057 3629 1092 3688 et
1112 3617 1286 3707 injunctas
1309 3615 1517 3708 deposuisse
1535 3617 1683 3703 dicitur,
1704 3628 1738 3687 et
1758 3619 1862 3688 etiam
1881 3623 1945 3690 aul
1971 3661 1982 3672 ·

551 3719 666 3810 gissa,
703 3737 839 3787 necnon
867 3736 1100 3808 responsurus
1126 3716 1171 3784 de
1198 3712 1267 3782 lide
1295 3724 1329 3784 et
1356 3715 1401 3784 de
1428 3713 1496 3784 hiis
1525 3736 1594 3806 que
1619 3737 1681 3808 per
1719 3715 1982 3807 inquisitionem

552 3811 596 3985 qd
615 3819 635 3886 7
656 3812 693 3913 d]
715 3835 756 3885 ac
776 3836 837 3906 per
858 3825 963 3884 testes
982 3813 1017 3882 iu
1038 3812 1264 3906 inquisitione
1286 3811 1441 3903 legitime
1467 3824 1630 3906 receptos
1658 3812 1838 3883 invenitur
1861 3827 1983 3887 contra

577 3917 657 3986 dem
679 3917 714 3983 in
735 3913 849 3983 heresi
868 3911 1104 3995 commisisse,
1127 3911 1271 3980 minime
1296 3911 1533 4002 comparuerit
1552 3911 1644 3981 dicta
1664 3911 1740 3995 die,
1764 3933 1828 3983 nec
1854 3914 1983 4007 aliquis

554 4034 616 4107 pro
640 4012 788 4096 endem,
811 4033 876 4081 nec
895 4010 999 4080 etiam
1030 4009 1275 4101 postmodum,
1298 4008 1461 4100 quamvis
1487 4009 1619 4078 diutius
1647 4008 1751 4080 luerit
1777 4022 1983 4103 expectatus

551 4109 626 4205 (vel
639 4111 689 4183 cic
710 4133 720 4176 :
743 4123 794 4181 tot
816 4107 1011 4193 mensibus,
1034 4106 1089 4177 cel
1108 4118 1203 4178 tanto
1223 4105 1415 4200 tempore);
1436 4105 1581 4191 idcirco,
1602 4107 1685 4199 quia
1705 4119 1884 4179 crescente
1903 4132 1984 4184 con-

553 4209 703 4280 tumacia
729 4229 887 4279 crescere
906 4206 1012 4277 debet
1042 4225 1151 4297 pena,
1181 4226 1244 4275 nos
1266 4204 1453 4297 inquisitor
1478 4205 1633 4298 prelatus
1658 4205 1788 4275 dictum
1818 4206 1921 4277 talem
1947 4212 1982 4280 in

551 4328 657 4378 causa
678 4305 760 4376 fidei
781 4316 1023 4377 contumacem
1044 4325 1084 4373 ac
1103 4315 1304 4394 suspectum
1327 4302 1371 4372 de
1392 4301 1531 4382 heresi,
1559 4313 1594 4373 et
1620 4324 1682 4396 pro
1709 4302 1822 4374 heresi
1849 4305 1983 4395 lugitti·

552 4427 658 4486 vum,
685 4404 893 4475 auctoritate
918 4403 1109 4495 apostolica
1136 4419 1205 4492 qua
1232 4401 1427 4492 fungimur,
1457 4400 1491 4469 in
1519 4400 1586 4470 biis
1611 4401 1749 4493 scriptis
1775 4422 1979 4474 excommu-

553 4503 711 4573 nicamus
742 4516 778 4572 et
804 4499 1180 4572 excommunicationis
1207 4498 1350 4568 vinculo
1381 4497 1613 4586 innodamus,
1649 4499 1855 4568 mandantes
1882 4503 1982 4574 vobis

553 4601 718 4692 quatinus
756 4603 870 4692 ipsum
902 4599 1007 4668 talem
1037 4597 1378 4668 excommunicatum
1406 4617 1426 4665 a
1458 4595 1578 4682 nobis,
1609 4617 1744 4667 necnon
1774 4618 1836 4689 pro
1866 4598 1981 4671 heresi

553 4699 776 4790 fugiturum,
799 4697 834 4766 in
855 4695 1002 4767 ecclesia
1025 4706 1142 4766 vestra
1163 4693 1301 4786 publice
1323 4693 1496 4764 nunciatis
1517 4693 1667 4785 singulis
1686 4693 1813 4765 diebus
1831 4695 1982 4767 domini-

553 4797 603 4868 cis
621 4808 656 4866 et
675 4795 828 4882 festivis,
846 4794 941 4864 clero
960 4804 996 4863 et
1014 4792 1143 4886 populo
1162 4803 1374 4883 congregato
1392 4791 1523 4861 ibidem
1542 4791 1586 4861 ad
1605 4792 1822 4863 audiendum
1839 4793 1980 4885 divina,

555 4903 739 4966 monentes
759 4891 1008 4985 parrochianos
1033 4901 1171 4961 vestros
1199 4890 1330 4975 semel,
1351 4888 1508 4960 secundo
1530 4909 1571 4958 ac
1596 4890 1704 4961 tercio
1723 4891 1910 4978 canonice,
1934 4914 1981 4964 ex

557 5003 654 5085 parte
669 5000 800 5078 nostra,
817 4987 884 5059 sub
900 5008 988 5082 pena
1004 4986 1392 5075 excommunicationis,
1409 5008 1452 5057 ne
1468 4986 1584 5058 eidem
1602 4987 1662 5058 tali
1680 4999 1741 5058 aut
1754 5008 1834 5058 cum
1852 4989 1979 5063 eodem
