<?xml version="1.0" encoding="UTF-8"?>
<!DOCTYPE html PUBLIC "-//W3C//DTD XHTML 1.0 Transitional//EN"
    "http://www.w3.org/TR/xhtml1/DTD/xhtml1-transitional.dtd">
<html xmlns="http://www.w3.org/1999/xhtml" xml:lang="en" lang="en">
 <head>
  <title>
</title>
<meta http-equiv="Content-Type" content="text/html;charset=utf-8" />
  <meta name='ocr-system' content='tesseract 3.04.00' />
  <meta name='ocr-capabilities' content='ocr_page ocr_carea ocr_par ocr_line ocrx_word'/>
</head>
<body>
  <div class='ocr_page' id='page_1' title='image "./practicainquisi00douagoog_0273.png"; bbox 0 0 4574 6404; ppageno 0'>
   <div class='ocr_carea' id='block_1_1' title="bbox 422 662 1565 737">
    <p class='ocr_par' dir='ltr' id='par_1_1' title="bbox 422 662 1565 737">
     <span class='ocr_line' id='line_1_1' title="bbox 422 662 1565 737; baseline -0.014 -6"><span class='ocrx_word' id='word_1_1' title='bbox 422 662 491 731; x_wconf 76' lang='lat' dir='ltr'><strong>ott</strong></span> <span class='ocrx_word' id='word_1_2' title='bbox 707 670 869 724; x_wconf 80' lang='lat' dir='ltr'><strong>amorim</strong></span> <span class='ocrx_word' id='word_1_3' title='bbox 896 671 1138 737; x_wconf 85' lang='lat' dir='ltr'><strong>moursrrronrs</strong></span> <span class='ocrx_word' id='word_1_4' title='bbox 1165 669 1328 723; x_wconf 82' lang='lat' dir='ltr'><strong>unnsrrca</strong></span> <span class='ocrx_word' id='word_1_5' title='bbox 1353 665 1565 718; x_wconf 83' lang='lat' dir='ltr'><strong>rmvrmrrs.</strong></span> 
     </span>
    </p>
   </div>
   <div class='ocr_carea' id='block_1_2' title="bbox 421 825 1872 4934">
    <p class='ocr_par' dir='ltr' id='par_1_2' title="bbox 421 825 1864 2468">
     <span class='ocr_line' id='line_1_2' title="bbox 423 825 1857 928; baseline -0.008 -21"><span class='ocrx_word' id='word_1_6' title='bbox 423 859 498 907; x_wconf 92' lang='lat' dir='ltr'><strong>rum</strong></span> <span class='ocrx_word' id='word_1_7' title='bbox 516 856 620 928; x_wconf 88' lang='lat' dir='ltr'><strong>quam</strong></span> <span class='ocrx_word' id='word_1_8' title='bbox 641 832 773 903; x_wconf 92' lang='lat' dir='ltr'><strong>domini</strong></span> <span class='ocrx_word' id='word_1_9' title='bbox 794 831 978 901; x_wconf 93' lang='lat' dir='ltr'><strong>domorum</strong></span> <span class='ocrx_word' id='word_1_10' title='bbox 999 832 1202 901; x_wconf 90' lang='lat' dir='ltr'><strong>earumdem</strong></span> <span class='ocrx_word' id='word_1_11' title='bbox 1223 829 1443 910; x_wconf 90' lang='lat' dir='ltr'><strong>constiterit,</strong></span> <span class='ocrx_word' id='word_1_12' title='bbox 1467 828 1690 919; x_wconf 81' lang='lat' dir='ltr'>publicentur</span> <span class='ocrx_word' id='word_1_13' title='bbox 1711 838 1746 896; x_wconf 90' lang='lat' dir='ltr'><strong>et</strong></span> <span class='ocrx_word' id='word_1_14' title='bbox 1765 825 1857 896; x_wconf 90' lang='lat' dir='ltr'><strong>fiant</strong></span> 
     </span>
     <span class='ocr_line' id='line_1_3' title="bbox 422 923 1859 1017; baseline -0.007 -12"><span class='ocrx_word' id='word_1_15' title='bbox 422 934 677 1008; x_wconf 89' lang='lat' dir='ltr'><strong>anlerentium,</strong></span> <span class='ocrx_word' id='word_1_16' title='bbox 700 930 767 998; x_wconf 91' lang='lat' dir='ltr'><strong>nisi</strong></span> <span class='ocrx_word' id='word_1_17' title='bbox 788 929 988 999; x_wconf 78' lang='lat' dir='ltr'><strong>auferentes</strong></span> <span class='ocrx_word' id='word_1_18' title='bbox 1009 929 1139 997; x_wconf 87' lang='lat' dir='ltr'><strong>luerint</strong></span> <span class='ocrx_word' id='word_1_19' title='bbox 1155 929 1189 996; x_wconf 91' lang='lat' dir='ltr'><strong>in</strong></span> <span class='ocrx_word' id='word_1_20' title='bbox 1215 926 1415 1017; x_wconf 83' lang='lat' dir='ltr'><strong>hujusmodi</strong></span> <span class='ocrx_word' id='word_1_21' title='bbox 1439 923 1557 997; x_wconf 83' lang='lat' dir='ltr'><strong>officio</strong></span> <span class='ocrx_word' id='word_1_22' title='bbox 1579 925 1758 996; x_wconf 89' lang='lat' dir='ltr'><strong>constituti</strong></span> <span class='ocrx_word' id='word_1_23' title='bbox 1782 949 1790 1010; x_wconf 90' lang='grc'>;</span> <span class='ocrx_word' id='word_1_24' title='bbox 1820 938 1859 995; x_wconf 90' lang='lat' dir='ltr'><strong>et</strong></span> 
     </span>
     <span class='ocr_line' id='line_1_4' title="bbox 423 1024 1859 1123; baseline -0.008 -21"><span class='ocrx_word' id='word_1_25' title='bbox 423 1035 567 1123; x_wconf 79' lang='lat' dir='ltr'><strong>insuper</strong></span> <span class='ocrx_word' id='word_1_26' title='bbox 587 1028 751 1098; x_wconf 88' lang='lat' dir='ltr'><strong>dominus</strong></span> <span class='ocrx_word' id='word_1_27' title='bbox 770 1027 897 1097; x_wconf 87' lang='lat' dir='ltr'><strong>domus</strong></span> <span class='ocrx_word' id='word_1_28' title='bbox 918 1026 1024 1108; x_wconf 86' lang='lat' dir='ltr'><strong>illins,</strong></span> <span class='ocrx_word' id='word_1_29' title='bbox 1048 1037 1164 1117; x_wconf 91' lang='lat' dir='ltr'><strong>preter</strong></span> <span class='ocrx_word' id='word_1_30' title='bbox 1184 1037 1299 1094; x_wconf 92' lang='lat' dir='ltr'><strong>notam</strong></span> <span class='ocrx_word' id='word_1_31' title='bbox 1323 1024 1465 1094; x_wconf 87' lang='lat' dir='ltr'><strong>inlamie</strong></span> <span class='ocrx_word' id='word_1_32' title='bbox 1488 1034 1657 1115; x_wconf 82' lang='lat' dir='ltr'><strong>perpetue</strong></span> <span class='ocrx_word' id='word_1_33' title='bbox 1675 1042 1781 1113; x_wconf 91' lang='lat' dir='ltr'><strong>qoam</strong></span> <span class='ocrx_word' id='word_1_34' title='bbox 1803 1024 1859 1091; x_wconf 93' lang='lat' dir='ltr'><strong>in·</strong></span> 
     </span>
     <span class='ocr_line' id='line_1_5' title="bbox 422 1119 1859 1218; baseline -0.008 -18"><span class='ocrx_word' id='word_1_35' title='bbox 422 1142 552 1212; x_wconf 83' lang='lat' dir='ltr'><strong>currat,</strong></span> <span class='ocrx_word' id='word_1_36' title='bbox 575 1136 761 1218; x_wconf 89' lang='lat' dir='ltr'><strong>componat</strong></span> <span class='ocrx_word' id='word_1_37' title='bbox 779 1123 1185 1194; x_wconf 88' lang='lat' dir='ltr'><strong>communicivitatisvel</strong></span> <span class='ocrx_word' id='word_1_38' title='bbox 1204 1124 1268 1193; x_wconf 89' lang='lat' dir='ltr'><strong>loci</strong></span> <span class='ocrx_word' id='word_1_39' title='bbox 1290 1122 1543 1213; x_wconf 73' lang='lat' dir='ltr'><strong>quinquaginta</strong></span> <span class='ocrx_word' id='word_1_40' title='bbox 1565 1121 1670 1190; x_wconf 87' lang='lat' dir='ltr'><strong>libras</strong></span> <span class='ocrx_word' id='word_1_41' title='bbox 1690 1119 1859 1189; x_wconf 90' lang='lat' dir='ltr'><strong>Parmen-</strong></span> 
     </span>
     <span class='ocr_line' id='line_1_6' title="bbox 421 1219 1857 1316; baseline -0.001 -27"><span class='ocrx_word' id='word_1_42' title='bbox 421 1231 513 1298; x_wconf 85' lang='lat' dir='ltr'><strong>sium</strong></span> <span class='ocrx_word' id='word_1_43' title='bbox 536 1226 591 1294; x_wconf 87' lang='lat' dir='ltr'><strong>vel</strong></span> <span class='ocrx_word' id='word_1_44' title='bbox 621 1224 840 1316; x_wconf 76' lang='lat' dir='ltr'><strong>imperalium</strong></span> <span class='ocrx_word' id='word_1_45' title='bbox 870 1221 904 1288; x_wconf 94' lang='lat' dir='ltr'><strong>in</strong></span> <span class='ocrx_word' id='word_1_46' title='bbox 935 1223 1101 1312; x_wconf 82' lang='lat' dir='ltr'><strong>peccunia</strong></span> <span class='ocrx_word' id='word_1_47' title='bbox 1130 1232 1330 1303; x_wconf 88' lang='lat' dir='ltr'><strong>numerata;</strong></span> <span class='ocrx_word' id='word_1_48' title='bbox 1352 1241 1456 1312; x_wconf 93' lang='lat' dir='ltr'><strong>qnam</strong></span> <span class='ocrx_word' id='word_1_49' title='bbox 1478 1221 1506 1288; x_wconf 90' lang='lat' dir='ltr'><strong>si</strong></span> <span class='ocrx_word' id='word_1_50' title='bbox 1535 1240 1603 1289; x_wconf 93' lang='lat' dir='ltr'><strong>non</strong></span> <span class='ocrx_word' id='word_1_51' title='bbox 1625 1219 1793 1297; x_wconf 89' lang='lat' dir='ltr'><strong>solverit,</strong></span> <span class='ocrx_word' id='word_1_52' title='bbox 1818 1224 1857 1288; x_wconf 94' lang='lat' dir='ltr'><strong>in</strong></span> 
     </span>
     <span class='ocr_line' id='line_1_7' title="bbox 423 1315 1859 1417; baseline -0.006 -23"><span class='ocrx_word' id='word_1_53' title='bbox 423 1339 595 1417; x_wconf 86' lang='lat' dir='ltr'><strong>perpetuo</strong></span> <span class='ocrx_word' id='word_1_54' title='bbox 614 1341 755 1392; x_wconf 88' lang='lat' dir='ltr'><strong>carcere</strong></span> <span class='ocrx_word' id='word_1_55' title='bbox 775 1319 995 1390; x_wconf 90' lang='lat' dir='ltr'><strong>detrudatur.</strong></span> <span class='ocrx_word' id='word_1_56' title='bbox 1022 1315 1098 1400; x_wconf 89' lang='lat' dir='ltr'><strong>Que</strong></span> <span class='ocrx_word' id='word_1_57' title='bbox 1117 1330 1234 1387; x_wconf 91' lang='lat' dir='ltr'><strong>autem</strong></span> <span class='ocrx_word' id='word_1_58' title='bbox 1263 1318 1308 1387; x_wconf 89' lang='lat' dir='ltr'><strong>de</strong></span> <span class='ocrx_word' id='word_1_59' title='bbox 1331 1317 1516 1387; x_wconf 90' lang='lat' dir='ltr'><strong>domorum</strong></span> <span class='ocrx_word' id='word_1_60' title='bbox 1543 1328 1578 1386; x_wconf 91' lang='lat' dir='ltr'><strong>et</strong></span> <span class='ocrx_word' id='word_1_61' title='bbox 1606 1316 1859 1409; x_wconf 89' lang='lat' dir='ltr'><strong>appendicium</strong></span> 
     </span>
     <span class='ocr_line' id='line_1_8' title="bbox 421 1415 1861 1508; baseline -0.003 -16"><span class='ocrx_word' id='word_1_62' title='bbox 421 1421 676 1499; x_wconf 84' lang='lat' dir='ltr'><strong>destructione,</strong></span> <span class='ocrx_word' id='word_1_63' title='bbox 695 1419 865 1488; x_wconf 89' lang='lat' dir='ltr'><strong>bonorum</strong></span> <span class='ocrx_word' id='word_1_64' title='bbox 881 1416 1117 1508; x_wconf 86' lang='lat' dir='ltr'><strong>publicatione</strong></span> <span class='ocrx_word' id='word_1_65' title='bbox 1127 1437 1169 1485; x_wconf 91' lang='lat' dir='ltr'><strong>ac</strong></span> <span class='ocrx_word' id='word_1_66' title='bbox 1180 1437 1348 1508; x_wconf 88' lang='lat' dir='ltr'><strong>penarum</strong></span> <span class='ocrx_word' id='word_1_67' title='bbox 1371 1416 1595 1506; x_wconf 86' lang='lat' dir='ltr'><strong>impositione</strong></span> <span class='ocrx_word' id='word_1_68' title='bbox 1615 1415 1771 1485; x_wconf 85' lang='lat' dir='ltr'><strong>iacienda</strong></span> <span class='ocrx_word' id='word_1_69' title='bbox 1792 1416 1861 1487; x_wconf 93' lang='lat' dir='ltr'><strong>do·</strong></span> 
     </span>
     <span class='ocr_line' id='line_1_9' title="bbox 427 1507 1858 1610; baseline -0.004 -21"><span class='ocrx_word' id='word_1_70' title='bbox 427 1520 530 1589; x_wconf 91' lang='lat' dir='ltr'><strong>minis</strong></span> <span class='ocrx_word' id='word_1_71' title='bbox 550 1519 717 1588; x_wconf 91' lang='lat' dir='ltr'><strong>domuum</strong></span> <span class='ocrx_word' id='word_1_72' title='bbox 738 1515 942 1587; x_wconf 87' lang='lat' dir='ltr'><strong>eorumdem</strong></span> <span class='ocrx_word' id='word_1_73' title='bbox 964 1514 1132 1605; x_wconf 87' lang='lat' dir='ltr'><strong>premissa</strong></span> <span class='ocrx_word' id='word_1_74' title='bbox 1155 1525 1238 1583; x_wconf 91' lang='lat' dir='ltr'><strong>sunt</strong></span> <span class='ocrx_word' id='word_1_75' title='bbox 1259 1507 1300 1608; x_wconf 74' lang='lat' dir='ltr'><strong>[p</strong></span> <span class='ocrx_word' id='word_1_76' title='bbox 1322 1512 1389 1581; x_wconf 77' lang='lat' dir='ltr'><strong>llll</strong></span> <span class='ocrx_word' id='word_1_77' title='bbox 1411 1510 1446 1610; x_wconf 86' lang='lat' dir='ltr'><strong>a]</strong></span> <span class='ocrx_word' id='word_1_78' title='bbox 1472 1513 1637 1583; x_wconf 89' lang='lat' dir='ltr'><strong>volumus</strong></span> <span class='ocrx_word' id='word_1_79' title='bbox 1656 1514 1858 1598; x_wconf 87' lang='lat' dir='ltr'><strong>observari,</strong></span> 
     </span>
     <span class='ocr_line' id='line_1_10' title="bbox 427 1611 1861 1708; baseline -0.005 -21"><span class='ocrx_word' id='word_1_80' title='bbox 427 1618 491 1687; x_wconf 87' lang='lat' dir='ltr'><strong>nisi</strong></span> <span class='ocrx_word' id='word_1_81' title='bbox 515 1619 603 1687; x_wconf 91' lang='lat' dir='ltr'><strong>lorte</strong></span> <span class='ocrx_word' id='word_1_82' title='bbox 622 1615 824 1708; x_wconf 79' lang='lat' dir='ltr'><strong>dyocesano</strong></span> <span class='ocrx_word' id='word_1_83' title='bbox 842 1612 897 1681; x_wconf 91' lang='lat' dir='ltr'><strong>vel</strong></span> <span class='ocrx_word' id='word_1_84' title='bbox 919 1611 952 1679; x_wconf 91' lang='lat' dir='ltr'><strong>in</strong></span> <span class='ocrx_word' id='word_1_85' title='bbox 974 1613 1050 1700; x_wconf 86' lang='lat' dir='ltr'><strong>ejus</strong></span> <span class='ocrx_word' id='word_1_86' title='bbox 1065 1613 1222 1681; x_wconf 87' lang='lat' dir='ltr'><strong>absentia</strong></span> <span class='ocrx_word' id='word_1_87' title='bbox 1245 1612 1355 1703; x_wconf 88' lang='lat' dir='ltr'><strong>ipsius</strong></span> <span class='ocrx_word' id='word_1_88' title='bbox 1375 1611 1527 1695; x_wconf 88' lang='lat' dir='ltr'><strong>vicario,</strong></span> <span class='ocrx_word' id='word_1_89' title='bbox 1551 1633 1716 1682; x_wconf 88' lang='lat' dir='ltr'><strong>unacum</strong></span> <span class='ocrx_word' id='word_1_90' title='bbox 1738 1612 1861 1701; x_wconf 90' lang='lat' dir='ltr'><strong>iuqui-</strong></span> 
     </span>
     <span class='ocr_line' id='line_1_11' title="bbox 421 1709 1861 1802; baseline -0.003 -18"><span class='ocrx_word' id='word_1_91' title='bbox 421 1715 593 1785; x_wconf 89' lang='lat' dir='ltr'><strong>sitoribus</strong></span> <span class='ocrx_word' id='word_1_92' title='bbox 620 1734 681 1782; x_wconf 90' lang='lat' dir='ltr'><strong>seu</strong></span> <span class='ocrx_word' id='word_1_93' title='bbox 714 1711 921 1802; x_wconf 88' lang='lat' dir='ltr'><strong>inquisitore</strong></span> <span class='ocrx_word' id='word_1_94' title='bbox 941 1709 1175 1778; x_wconf 88' lang='lat' dir='ltr'><strong>hereticorum</strong></span> <span class='ocrx_word' id='word_1_95' title='bbox 1204 1709 1260 1778; x_wconf 89' lang='lat' dir='ltr'><strong>vel</strong></span> <span class='ocrx_word' id='word_1_96' title='bbox 1288 1709 1352 1778; x_wconf 90' lang='lat' dir='ltr'><strong>soli</strong></span> <span class='ocrx_word' id='word_1_97' title='bbox 1382 1710 1445 1801; x_wconf 91' lang='lat' dir='ltr'><strong>ipsi</strong></span> <span class='ocrx_word' id='word_1_98' title='bbox 1475 1709 1691 1801; x_wconf 80' lang='lat' dir='ltr'><strong>dyocesano,</strong></span> <span class='ocrx_word' id='word_1_99' title='bbox 1713 1710 1861 1800; x_wconf 90' lang='lat' dir='ltr'><strong>qnando</strong></span> 
     </span>
     <span class='ocr_line' id='line_1_12' title="bbox 428 1807 1857 1904; baseline -0.003 -22"><span class='ocrx_word' id='word_1_100' title='bbox 428 1814 672 1904; x_wconf 90' lang='lat' dir='ltr'><strong>inquisitorum</strong></span> <span class='ocrx_word' id='word_1_101' title='bbox 694 1810 749 1878; x_wconf 90' lang='lat' dir='ltr'><strong>vel</strong></span> <span class='ocrx_word' id='word_1_102' title='bbox 772 1807 989 1899; x_wconf 90' lang='lat' dir='ltr'><strong>inquisitoris</strong></span> <span class='ocrx_word' id='word_1_103' title='bbox 1010 1807 1185 1898; x_wconf 89' lang='lat' dir='ltr'><strong>presentia</strong></span> <span class='ocrx_word' id='word_1_104' title='bbox 1210 1807 1255 1876; x_wconf 94' lang='lat' dir='ltr'><strong>de</strong></span> <span class='ocrx_word' id='word_1_105' title='bbox 1275 1807 1365 1875; x_wconf 89' lang='lat' dir='ltr'><strong>lacili</strong></span> <span class='ocrx_word' id='word_1_106' title='bbox 1387 1807 1508 1876; x_wconf 83' lang='lat' dir='ltr'><strong>haberi</strong></span> <span class='ocrx_word' id='word_1_107' title='bbox 1529 1829 1598 1877; x_wconf 92' lang='lat' dir='ltr'><strong>non</strong></span> <span class='ocrx_word' id='word_1_108' title='bbox 1617 1808 1744 1899; x_wconf 89' lang='lat' dir='ltr'><strong>possit,</strong></span> <span class='ocrx_word' id='word_1_109' title='bbox 1768 1807 1857 1899; x_wconf 79' lang='lat' dir='ltr'><strong>legi-</strong></span> 
     </span>
     <span class='ocr_line' id='line_1_13' title="bbox 428 1904 1861 1998; baseline -0.003 -19"><span class='ocrx_word' id='word_1_110' title='bbox 428 1913 511 1980; x_wconf 89' lang='lat' dir='ltr'><strong>time</strong></span> <span class='ocrx_word' id='word_1_111' title='bbox 540 1907 734 1979; x_wconf 88' lang='lat' dir='ltr'><strong>oonstiterit</strong></span> <span class='ocrx_word' id='word_1_112' title='bbox 765 1907 975 1998; x_wconf 85' lang='lat' dir='ltr'><strong>prolatarum</strong></span> <span class='ocrx_word' id='word_1_113' title='bbox 1009 1905 1192 1974; x_wconf 90' lang='lat' dir='ltr'><strong>domorum</strong></span> <span class='ocrx_word' id='word_1_114' title='bbox 1232 1905 1393 1976; x_wconf 90' lang='lat' dir='ltr'><strong>dominos</strong></span> <span class='ocrx_word' id='word_1_115' title='bbox 1431 1908 1465 1973; x_wconf 92' lang='lat' dir='ltr'><strong>in</strong></span> <span class='ocrx_word' id='word_1_116' title='bbox 1504 1904 1570 1974; x_wconf 90' lang='lat' dir='ltr'><strong>hoc</strong></span> <span class='ocrx_word' id='word_1_117' title='bbox 1601 1926 1683 1975; x_wconf 90' lang='lat' dir='ltr'><strong>casu</strong></span> <span class='ocrx_word' id='word_1_118' title='bbox 1715 1906 1861 1997; x_wconf 83' lang='lat' dir='ltr'><strong>penitus</strong></span> 
     </span>
     <span class='ocr_line' id='line_1_14' title="bbox 428 2002 1859 2096; baseline -0.001 -19"><span class='ocrx_word' id='word_1_119' title='bbox 428 2010 632 2077; x_wconf 88' lang='lat' dir='ltr'><strong>innocentes</strong></span> <span class='ocrx_word' id='word_1_120' title='bbox 650 2017 685 2075; x_wconf 91' lang='lat' dir='ltr'><strong>et</strong></span> <span class='ocrx_word' id='word_1_121' title='bbox 705 2025 847 2096; x_wconf 91' lang='lat' dir='ltr'><strong>prorsus</strong></span> <span class='ocrx_word' id='word_1_122' title='bbox 868 2002 1097 2093; x_wconf 79' lang='lat' dir='ltr'><strong>inculpabiles</strong></span> <span class='ocrx_word' id='word_1_123' title='bbox 1118 2002 1296 2084; x_wconf 85' lang='lat' dir='ltr'><strong>extitisse,</strong></span> <span class='ocrx_word' id='word_1_124' title='bbox 1321 2023 1361 2072; x_wconf 89' lang='lat' dir='ltr'><strong>ac</strong></span> <span class='ocrx_word' id='word_1_125' title='bbox 1381 2004 1485 2072; x_wconf 87' lang='lat' dir='ltr'><strong>etiarn</strong></span> <span class='ocrx_word' id='word_1_126' title='bbox 1506 2024 1567 2072; x_wconf 91' lang='lat' dir='ltr'><strong>eos</strong></span> <span class='ocrx_word' id='word_1_127' title='bbox 1589 2024 1658 2073; x_wconf 94' lang='lat' dir='ltr'><strong>non</strong></span> <span class='ocrx_word' id='word_1_128' title='bbox 1678 2024 1758 2072; x_wconf 90' lang='lat' dir='ltr'><strong>esse</strong></span> <span class='ocrx_word' id='word_1_129' title='bbox 1776 2025 1859 2075; x_wconf 89' lang='lat' dir='ltr'><strong>cre·</strong></span> 
     </span>
     <span class='ocr_line' id='line_1_15' title="bbox 429 2099 1860 2194; baseline -0.003 -19"><span class='ocrx_word' id='word_1_130' title='bbox 429 2108 565 2186; x_wconf 91' lang='lat' dir='ltr'><strong>dentes,</strong></span> <span class='ocrx_word' id='word_1_131' title='bbox 589 2103 645 2172; x_wconf 92' lang='lat' dir='ltr'><strong>vel</strong></span> <span class='ocrx_word' id='word_1_132' title='bbox 664 2113 912 2194; x_wconf 87' lang='lat' dir='ltr'><strong>receptatores,</strong></span> <span class='ocrx_word' id='word_1_133' title='bbox 932 2110 993 2170; x_wconf 88' lang='lat' dir='ltr'><strong>aut</strong></span> <span class='ocrx_word' id='word_1_134' title='bbox 1012 2099 1228 2172; x_wconf 77' lang='lat' dir='ltr'><strong>defensores.</strong></span> <span class='ocrx_word' id='word_1_135' title='bbox 1251 2102 1329 2169; x_wconf 92' lang='lat' dir='ltr'><strong>sive</strong></span> <span class='ocrx_word' id='word_1_136' title='bbox 1345 2102 1499 2170; x_wconf 87' lang='lat' dir='ltr'><strong>lautores</strong></span> <span class='ocrx_word' id='word_1_137' title='bbox 1516 2101 1771 2188; x_wconf 88' lang='lat' dir='ltr'><strong>hereticorum,</strong></span> <span class='ocrx_word' id='word_1_138' title='bbox 1793 2122 1860 2170; x_wconf 91' lang='lat' dir='ltr'><strong>seu</strong></span> 
     </span>
     <span class='ocr_line' id='line_1_16' title="bbox 428 2198 1862 2292; baseline -0.002 -20"><span class='ocrx_word' id='word_1_139' title='bbox 428 2204 583 2272; x_wconf 88' lang='lat' dir='ltr'><strong>heretica</strong></span> <span class='ocrx_word' id='word_1_140' title='bbox 608 2201 685 2270; x_wconf 89' lang='lat' dir='ltr'><strong>labe</strong></span> <span class='ocrx_word' id='word_1_141' title='bbox 706 2212 910 2292; x_wconf 91' lang='lat' dir='ltr'><strong>suspectos,</strong></span> <span class='ocrx_word' id='word_1_142' title='bbox 939 2219 1028 2289; x_wconf 91' lang='lat' dir='ltr'><strong>qnos</strong></span> <span class='ocrx_word' id='word_1_143' title='bbox 1053 2218 1118 2266; x_wconf 92' lang='lat' dir='ltr'><strong>neo</strong></span> <span class='ocrx_word' id='word_1_144' title='bbox 1137 2198 1325 2284; x_wconf 89' lang='lat' dir='ltr'><strong>domibus,</strong></span> <span class='ocrx_word' id='word_1_145' title='bbox 1348 2220 1413 2268; x_wconf 90' lang='lat' dir='ltr'><strong>nec</strong></span> <span class='ocrx_word' id='word_1_146' title='bbox 1431 2198 1706 2290; x_wconf 90' lang='lat' dir='ltr'><strong>appendicibus,</strong></span> <span class='ocrx_word' id='word_1_147' title='bbox 1737 2202 1862 2269; x_wconf 89' lang='lat' dir='ltr'><strong>necin</strong></span> 
     </span>
     <span class='ocr_line' id='line_1_17' title="bbox 429 2295 1864 2388; baseline -0.003 -17"><span class='ocrx_word' id='word_1_148' title='bbox 429 2301 532 2371; x_wconf 90' lang='lat' dir='ltr'><strong>bonis</strong></span> <span class='ocrx_word' id='word_1_149' title='bbox 556 2301 688 2370; x_wconf 90' lang='lat' dir='ltr'><strong>eisdem</strong></span> <span class='ocrx_word' id='word_1_150' title='bbox 709 2318 770 2367; x_wconf 89' lang='lat' dir='ltr'><strong>sen</strong></span> <span class='ocrx_word' id='word_1_151' title='bbox 791 2296 1042 2387; x_wconf 91' lang='lat' dir='ltr'><strong>quovismodo</strong></span> <span class='ocrx_word' id='word_1_152' title='bbox 1064 2295 1179 2386; x_wconf 91' lang='lat' dir='ltr'><strong>puniri</strong></span> <span class='ocrx_word' id='word_1_153' title='bbox 1201 2295 1384 2382; x_wconf 89' lang='lat' dir='ltr'><strong>volumus,</strong></span> <span class='ocrx_word' id='word_1_154' title='bbox 1406 2296 1435 2366; x_wconf 89' lang='lat' dir='ltr'><strong>si</strong></span> <span class='ocrx_word' id='word_1_155' title='bbox 1456 2306 1494 2365; x_wconf 89' lang='lat' dir='ltr'><strong>ut</strong></span> <span class='ocrx_word' id='word_1_156' title='bbox 1510 2296 1641 2365; x_wconf 91' lang='lat' dir='ltr'><strong>dictum</strong></span> <span class='ocrx_word' id='word_1_157' title='bbox 1663 2307 1728 2380; x_wconf 90' lang='lat' dir='ltr'><strong>est,</strong></span> <span class='ocrx_word' id='word_1_158' title='bbox 1751 2317 1864 2388; x_wconf 90' lang='lat' dir='ltr'><strong>appa·</strong></span> 
     </span>
     <span class='ocr_line' id='line_1_18' title="bbox 431 2398 800 2468; baseline -0.005 -1"><span class='ocrx_word' id='word_1_159' title='bbox 431 2399 566 2468; x_wconf 89' lang='lat' dir='ltr'><strong>ruerint</strong></span> <span class='ocrx_word' id='word_1_160' title='bbox 582 2398 800 2466; x_wconf 88' lang='lat' dir='ltr'><strong>innocentes.</strong></span> 
     </span>
    </p>

    <p class='ocr_par' dir='ltr' id='par_1_3' title="bbox 427 2491 1866 3659">
     <span class='ocr_line' id='line_1_19' title="bbox 479 2491 1863 2585; baseline -0.002 -21"><span class='ocrx_word' id='word_1_161' title='bbox 479 2496 614 2585; x_wconf 81' lang='lat' dir='ltr'><strong>Burgus</strong></span> <span class='ocrx_word' id='word_1_162' title='bbox 629 2505 745 2563; x_wconf 90' lang='lat' dir='ltr'><strong>autem</strong></span> <span class='ocrx_word' id='word_1_163' title='bbox 767 2493 826 2563; x_wconf 92' lang='lat' dir='ltr'><strong>ille</strong></span> <span class='ocrx_word' id='word_1_164' title='bbox 841 2513 903 2562; x_wconf 90' lang='lat' dir='ltr'><strong>seu</strong></span> <span class='ocrx_word' id='word_1_165' title='bbox 923 2503 1074 2560; x_wconf 91' lang='lat' dir='ltr'><strong>castrum</strong></span> <span class='ocrx_word' id='word_1_166' title='bbox 1095 2493 1130 2560; x_wconf 91' lang='lat' dir='ltr'><strong>in</strong></span> <span class='ocrx_word' id='word_1_167' title='bbox 1146 2513 1217 2582; x_wconf 92' lang='lat' dir='ltr'><strong>quo</strong></span> <span class='ocrx_word' id='word_1_168' title='bbox 1235 2491 1378 2562; x_wconf 90' lang='lat' dir='ltr'><strong>heretici</strong></span> <span class='ocrx_word' id='word_1_169' title='bbox 1395 2493 1486 2584; x_wconf 87' lang='lat' dir='ltr'><strong>capti</strong></span> <span class='ocrx_word' id='word_1_170' title='bbox 1509 2493 1704 2563; x_wconf 86' lang='lat' dir='ltr'><strong>luerintvel</strong></span> <span class='ocrx_word' id='word_1_171' title='bbox 1722 2492 1863 2562; x_wconf 89' lang='lat' dir='ltr'><strong>inventi</strong></span> 
     </span>
     <span class='ocr_line' id='line_1_20' title="bbox 430 2589 1862 2685; baseline -0.003 -21"><span class='ocrx_word' id='word_1_172' title='bbox 430 2605 643 2685; x_wconf 88' lang='lat' dir='ltr'><strong>componant</strong></span> <span class='ocrx_word' id='word_1_173' title='bbox 659 2593 838 2661; x_wconf 89' lang='lat' dir='ltr'><strong>communi</strong></span> <span class='ocrx_word' id='word_1_174' title='bbox 853 2591 1007 2659; x_wconf 85' lang='lat' dir='ltr'><strong>civitatis</strong></span> <span class='ocrx_word' id='word_1_175' title='bbox 1024 2590 1078 2659; x_wconf 88' lang='lat' dir='ltr'><strong>vel</strong></span> <span class='ocrx_word' id='word_1_176' title='bbox 1098 2590 1163 2661; x_wconf 91' lang='lat' dir='ltr'><strong>loci</strong></span> <span class='ocrx_word' id='word_1_177' title='bbox 1179 2589 1212 2658; x_wconf 89' lang='lat' dir='ltr'><strong>in</strong></span> <span class='ocrx_word' id='word_1_178' title='bbox 1229 2592 1330 2680; x_wconf 91' lang='lat' dir='ltr'><strong>cujus</strong></span> <span class='ocrx_word' id='word_1_179' title='bbox 1345 2590 1503 2659; x_wconf 88' lang='lat' dir='ltr'><strong>districtu</strong></span> <span class='ocrx_word' id='word_1_180' title='bbox 1516 2602 1569 2661; x_wconf 91' lang='lat' dir='ltr'><strong>est</strong></span> <span class='ocrx_word' id='word_1_181' title='bbox 1583 2603 1722 2660; x_wconf 89' lang='lat' dir='ltr'><strong>centum</strong></span> <span class='ocrx_word' id='word_1_182' title='bbox 1736 2591 1862 2673; x_wconf 86' lang='lat' dir='ltr'><strong>libras,</strong></span> 
     </span>
     <span class='ocr_line' id='line_1_21' title="bbox 427 2688 1865 2780; baseline -0.002 -18"><span class='ocrx_word' id='word_1_183' title='bbox 427 2706 464 2762; x_wconf 92' lang='lat' dir='ltr'><strong>et</strong></span> <span class='ocrx_word' id='word_1_184' title='bbox 484 2692 566 2760; x_wconf 87' lang='lat' dir='ltr'><strong>villa</strong></span> <span class='ocrx_word' id='word_1_185' title='bbox 588 2690 693 2759; x_wconf 88' lang='lat' dir='ltr'><strong>libras</strong></span> <span class='ocrx_word' id='word_1_186' title='bbox 714 2688 970 2780; x_wconf 82' lang='lat' dir='ltr'><strong>quinquaginta</strong></span> <span class='ocrx_word' id='word_1_187' title='bbox 990 2699 1026 2756; x_wconf 86' lang='lat' dir='ltr'><strong>et</strong></span> <span class='ocrx_word' id='word_1_188' title='bbox 1045 2688 1173 2756; x_wconf 86' lang='lat' dir='ltr'><strong>vicinia</strong></span> <span class='ocrx_word' id='word_1_189' title='bbox 1196 2700 1262 2757; x_wconf 90' lang='lat' dir='ltr'><strong>tam</strong></span> <span class='ocrx_word' id='word_1_190' title='bbox 1284 2688 1384 2777; x_wconf 82' lang='lat' dir='ltr'><strong>burgi</strong></span> <span class='ocrx_word' id='word_1_191' title='bbox 1404 2709 1508 2778; x_wconf 89' lang='lat' dir='ltr'><strong>quam</strong></span> <span class='ocrx_word' id='word_1_192' title='bbox 1529 2689 1632 2758; x_wconf 89' lang='lat' dir='ltr'><strong>castri</strong></span> <span class='ocrx_word' id='word_1_193' title='bbox 1651 2701 1687 2757; x_wconf 90' lang='lat' dir='ltr'><strong>et</strong></span> <span class='ocrx_word' id='word_1_194' title='bbox 1705 2689 1865 2760; x_wconf 87' lang='lat' dir='ltr'><strong>civitatis</strong></span> 
     </span>
     <span class='ocr_line' id='line_1_22' title="bbox 430 2784 1863 2878; baseline -0.001 -19"><span class='ocrx_word' id='word_1_195' title='bbox 430 2791 537 2860; x_wconf 85' lang='lat' dir='ltr'><strong>libras</strong></span> <span class='ocrx_word' id='word_1_196' title='bbox 564 2789 689 2877; x_wconf 81' lang='lat' dir='ltr'><strong>viginti</strong></span> <span class='ocrx_word' id='word_1_197' title='bbox 714 2790 871 2878; x_wconf 91' lang='lat' dir='ltr'><strong>quinque</strong></span> <span class='ocrx_word' id='word_1_198' title='bbox 889 2784 1129 2854; x_wconf 90' lang='lat' dir='ltr'><strong>Parmensium</strong></span> <span class='ocrx_word' id='word_1_199' title='bbox 1155 2786 1212 2856; x_wconf 88' lang='lat' dir='ltr'><strong>vel</strong></span> <span class='ocrx_word' id='word_1_200' title='bbox 1234 2785 1467 2877; x_wconf 86' lang='lat' dir='ltr'><strong>imperialium</strong></span> <span class='ocrx_word' id='word_1_201' title='bbox 1492 2788 1526 2854; x_wconf 92' lang='lat' dir='ltr'><strong>in</strong></span> <span class='ocrx_word' id='word_1_202' title='bbox 1548 2786 1715 2877; x_wconf 90' lang='lat' dir='ltr'><strong>peccunia</strong></span> <span class='ocrx_word' id='word_1_203' title='bbox 1737 2809 1863 2858; x_wconf 92' lang='lat' dir='ltr'><strong>nume·</strong></span> 
     </span>
     <span class='ocr_line' id='line_1_23' title="bbox 430 2882 1865 2977; baseline -0.001 -21"><span class='ocrx_word' id='word_1_204' title='bbox 430 2900 522 2970; x_wconf 83' lang='lat' dir='ltr'><strong>rata,</strong></span> <span class='ocrx_word' id='word_1_205' title='bbox 547 2887 611 2955; x_wconf 87' lang='lat' dir='ltr'><strong>nisi</strong></span> <span class='ocrx_word' id='word_1_206' title='bbox 635 2886 724 2955; x_wconf 86' lang='lat' dir='ltr'><strong>intra</strong></span> <span class='ocrx_word' id='word_1_207' title='bbox 745 2886 905 2975; x_wconf 89' lang='lat' dir='ltr'><strong>quintum</strong></span> <span class='ocrx_word' id='word_1_208' title='bbox 935 2882 1027 2951; x_wconf 90' lang='lat' dir='ltr'><strong>diem</strong></span> <span class='ocrx_word' id='word_1_209' title='bbox 1057 2892 1291 2974; x_wconf 87' lang='lat' dir='ltr'><strong>receptatores</strong></span> <span class='ocrx_word' id='word_1_210' title='bbox 1316 2885 1410 2975; x_wconf 88' lang='lat' dir='ltr'><strong>ipsos</strong></span> <span class='ocrx_word' id='word_1_211' title='bbox 1434 2896 1553 2977; x_wconf 88' lang='lat' dir='ltr'><strong>captos</strong></span> <span class='ocrx_word' id='word_1_212' title='bbox 1579 2889 1865 2976; x_wconf 84' lang='lat' dir='ltr'><strong>presentaverint</strong></span> 
     </span>
     <span class='ocr_line' id='line_1_24' title="bbox 430 2980 1866 3079; baseline -0.002 -24"><span class='ocrx_word' id='word_1_213' title='bbox 430 2985 591 3079; x_wconf 87' lang='lat' dir='ltr'><strong>potestati</strong></span> <span class='ocrx_word' id='word_1_214' title='bbox 613 2985 691 3053; x_wconf 90' lang='lat' dir='ltr'><strong>sive</strong></span> <span class='ocrx_word' id='word_1_215' title='bbox 710 2982 826 3052; x_wconf 90' lang='lat' dir='ltr'><strong>cuivis</strong></span> <span class='ocrx_word' id='word_1_216' title='bbox 846 2982 906 3049; x_wconf 88' lang='lat' dir='ltr'><strong>alii</strong></span> <span class='ocrx_word' id='word_1_217' title='bbox 926 2980 1117 3072; x_wconf 90' lang='lat' dir='ltr'><strong>presidenti</strong></span> <span class='ocrx_word' id='word_1_218' title='bbox 1143 2981 1300 3071; x_wconf 87' lang='lat' dir='ltr'><strong>ejusdem</strong></span> <span class='ocrx_word' id='word_1_219' title='bbox 1326 2982 1486 3072; x_wconf 83' lang='lat' dir='ltr'><strong>regimini</strong></span> <span class='ocrx_word' id='word_1_220' title='bbox 1514 2982 1685 3056; x_wconf 88' lang='lat' dir='ltr'><strong>civitatis,</strong></span> <span class='ocrx_word' id='word_1_221' title='bbox 1711 2982 1778 3051; x_wconf 90' lang='lat' dir='ltr'><strong>nisi</strong></span> <span class='ocrx_word' id='word_1_222' title='bbox 1799 3004 1866 3077; x_wconf 92' lang='lat' dir='ltr'><strong>per</strong></span> 
     </span>
     <span class='ocr_line' id='line_1_25' title="bbox 431 3077 1865 3173; baseline 0.001 -24"><span class='ocrx_word' id='word_1_223' title='bbox 431 3082 604 3173; x_wconf 81' lang='lat' dir='ltr'><strong>legitimas</strong></span> <span class='ocrx_word' id='word_1_224' title='bbox 628 3081 854 3172; x_wconf 90' lang='lat' dir='ltr'><strong>probationes</strong></span> <span class='ocrx_word' id='word_1_225' title='bbox 874 3079 1073 3172; x_wconf 84' lang='lat' dir='ltr'><strong>dyocesano</strong></span> <span class='ocrx_word' id='word_1_226' title='bbox 1095 3077 1150 3147; x_wconf 89' lang='lat' dir='ltr'><strong>vel</strong></span> <span class='ocrx_word' id='word_1_227' title='bbox 1178 3079 1211 3146; x_wconf 90' lang='lat' dir='ltr'><strong>in</strong></span> <span class='ocrx_word' id='word_1_228' title='bbox 1232 3081 1308 3169; x_wconf 84' lang='lat' dir='ltr'><strong>ejus</strong></span> <span class='ocrx_word' id='word_1_229' title='bbox 1324 3079 1481 3149; x_wconf 89' lang='lat' dir='ltr'><strong>absentia</strong></span> <span class='ocrx_word' id='word_1_230' title='bbox 1508 3080 1618 3172; x_wconf 90' lang='lat' dir='ltr'><strong>ipsius</strong></span> <span class='ocrx_word' id='word_1_231' title='bbox 1639 3080 1773 3151; x_wconf 85' lang='lat' dir='ltr'><strong>vicario</strong></span> <span class='ocrx_word' id='word_1_232' title='bbox 1792 3101 1865 3151; x_wconf 91' lang='lat' dir='ltr'><strong>una</strong></span> 
     </span>
     <span class='ocr_line' id='line_1_26' title="bbox 428 3175 1863 3270; baseline 0 -21"><span class='ocrx_word' id='word_1_233' title='bbox 428 3202 507 3249; x_wconf 89' lang='lat' dir='ltr'><strong>curn</strong></span> <span class='ocrx_word' id='word_1_234' title='bbox 532 3179 799 3269; x_wconf 88' lang='lat' dir='ltr'><strong>inquisitoribus</strong></span> <span class='ocrx_word' id='word_1_235' title='bbox 819 3197 882 3246; x_wconf 90' lang='lat' dir='ltr'><strong>seu</strong></span> <span class='ocrx_word' id='word_1_236' title='bbox 905 3177 1112 3267; x_wconf 90' lang='lat' dir='ltr'><strong>inquisitore</strong></span> <span class='ocrx_word' id='word_1_237' title='bbox 1130 3175 1378 3258; x_wconf 88' lang='lat' dir='ltr'><strong>hereticorum,</strong></span> <span class='ocrx_word' id='word_1_238' title='bbox 1400 3178 1455 3246; x_wconf 90' lang='lat' dir='ltr'><strong>vel</strong></span> <span class='ocrx_word' id='word_1_239' title='bbox 1471 3178 1536 3248; x_wconf 90' lang='lat' dir='ltr'><strong>soli</strong></span> <span class='ocrx_word' id='word_1_240' title='bbox 1558 3178 1622 3270; x_wconf 89' lang='lat' dir='ltr'><strong>ipsi</strong></span> <span class='ocrx_word' id='word_1_241' title='bbox 1643 3178 1863 3270; x_wconf 81' lang='lat' dir='ltr'><strong>dyocesano,</strong></span> 
     </span>
     <span class='ocr_line' id='line_1_27' title="bbox 429 3273 1863 3369; baseline 0.001 -24"><span class='ocrx_word' id='word_1_242' title='bbox 429 3278 573 3369; x_wconf 87' lang='lat' dir='ltr'><strong>quando</strong></span> <span class='ocrx_word' id='word_1_243' title='bbox 594 3275 842 3366; x_wconf 89' lang='lat' dir='ltr'><strong>inquisitorum</strong></span> <span class='ocrx_word' id='word_1_244' title='bbox 864 3273 918 3344; x_wconf 89' lang='lat' dir='ltr'><strong>vel</strong></span> <span class='ocrx_word' id='word_1_245' title='bbox 939 3273 1155 3365; x_wconf 89' lang='lat' dir='ltr'><strong>inquisitoris</strong></span> <span class='ocrx_word' id='word_1_246' title='bbox 1177 3276 1350 3365; x_wconf 87' lang='lat' dir='ltr'><strong>presentia</strong></span> <span class='ocrx_word' id='word_1_247' title='bbox 1372 3275 1417 3344; x_wconf 91' lang='lat' dir='ltr'><strong>de</strong></span> <span class='ocrx_word' id='word_1_248' title='bbox 1436 3275 1526 3344; x_wconf 90' lang='lat' dir='ltr'><strong>lacili</strong></span> <span class='ocrx_word' id='word_1_249' title='bbox 1548 3274 1668 3344; x_wconf 88' lang='lat' dir='ltr'><strong>haberi</strong></span> <span class='ocrx_word' id='word_1_250' title='bbox 1688 3297 1756 3346; x_wconf 95' lang='lat' dir='ltr'><strong>non</strong></span> <span class='ocrx_word' id='word_1_251' title='bbox 1779 3297 1863 3368; x_wconf 89' lang='lat' dir='ltr'><strong>pos·</strong></span> 
     </span>
     <span class='ocr_line' id='line_1_28' title="bbox 428 3371 1866 3466; baseline 0.001 -23"><span class='ocrx_word' id='word_1_252' title='bbox 428 3377 489 3453; x_wconf 89' lang='lat' dir='ltr'><strong>sit,</strong></span> <span class='ocrx_word' id='word_1_253' title='bbox 509 3376 611 3466; x_wconf 92' lang='lat' dir='ltr'><strong>plene</strong></span> <span class='ocrx_word' id='word_1_254' title='bbox 625 3394 666 3442; x_wconf 92' lang='lat' dir='ltr'><strong>ac</strong></span> <span class='ocrx_word' id='word_1_255' title='bbox 681 3373 866 3442; x_wconf 88' lang='lat' dir='ltr'><strong>evidenter</strong></span> <span class='ocrx_word' id='word_1_256' title='bbox 878 3371 1075 3442; x_wconf 89' lang='lat' dir='ltr'><strong>constiterit</strong></span> <span class='ocrx_word' id='word_1_257' title='bbox 1089 3372 1184 3463; x_wconf 92' lang='lat' dir='ltr'><strong>quod</strong></span> <span class='ocrx_word' id='word_1_258' title='bbox 1197 3373 1291 3463; x_wconf 89' lang='lat' dir='ltr'><strong>ipsos</strong></span> <span class='ocrx_word' id='word_1_259' title='bbox 1307 3393 1433 3466; x_wconf 89' lang='lat' dir='ltr'><strong>capere</strong></span> <span class='ocrx_word' id='word_1_260' title='bbox 1450 3374 1648 3444; x_wconf 89' lang='lat' dir='ltr'><strong>nullatenus</strong></span> <span class='ocrx_word' id='word_1_261' title='bbox 1665 3373 1866 3465; x_wconf 88' lang='lat' dir='ltr'><strong>potuissent</strong></span> 
     </span>
     <span class='ocr_line' id='line_1_29' title="bbox 433 3467 1863 3568; baseline 0.001 -27"><span class='ocrx_word' id='word_1_262' title='bbox 433 3469 474 3567; x_wconf 73' lang='lat' dir='ltr'><strong>[p</strong></span> <span class='ocrx_word' id='word_1_263' title='bbox 496 3472 564 3540; x_wconf 85' lang='lat' dir='ltr'><strong>t70</strong></span> <span class='ocrx_word' id='word_1_264' title='bbox 586 3467 621 3568; x_wconf 91' lang='lat' dir='ltr'><strong>b]</strong></span> <span class='ocrx_word' id='word_1_265' title='bbox 639 3482 674 3540; x_wconf 88' lang='lat' dir='ltr'><strong>et</strong></span> <span class='ocrx_word' id='word_1_266' title='bbox 693 3492 753 3541; x_wconf 91' lang='lat' dir='ltr'><strong>eos</strong></span> <span class='ocrx_word' id='word_1_267' title='bbox 775 3469 820 3539; x_wconf 89' lang='lat' dir='ltr'><strong>ad</strong></span> <span class='ocrx_word' id='word_1_268' title='bbox 840 3472 1036 3561; x_wconf 91' lang='lat' dir='ltr'><strong>captionem</strong></span> <span class='ocrx_word' id='word_1_269' title='bbox 1058 3479 1094 3538; x_wconf 90' lang='lat' dir='ltr'><strong>et</strong></span> <span class='ocrx_word' id='word_1_270' title='bbox 1113 3471 1406 3560; x_wconf 87' lang='lat' dir='ltr'><strong>presentationem</strong></span> <span class='ocrx_word' id='word_1_271' title='bbox 1431 3470 1535 3561; x_wconf 89' lang='lat' dir='ltr'><strong>hujus</strong></span> <span class='ocrx_word' id='word_1_272' title='bbox 1562 3472 1738 3541; x_wconf 82' lang='lat' dir='ltr'><strong>faciendas</strong></span> <span class='ocrx_word' id='word_1_273' title='bbox 1758 3469 1863 3542; x_wconf 84' lang='lat' dir='ltr'><strong>sulli-</strong></span> 
     </span>
     <span class='ocr_line' id='line_1_30' title="bbox 430 3566 1613 3659; baseline -0.002 -21"><span class='ocrx_word' id='word_1_274' title='bbox 430 3572 580 3640; x_wconf 87' lang='lat' dir='ltr'><strong>cientem</strong></span> <span class='ocrx_word' id='word_1_275' title='bbox 601 3581 637 3639; x_wconf 91' lang='lat' dir='ltr'><strong>et</strong></span> <span class='ocrx_word' id='word_1_276' title='bbox 654 3588 844 3659; x_wconf 82' lang='lat' dir='ltr'><strong>congruam</strong></span> <span class='ocrx_word' id='word_1_277' title='bbox 863 3566 1068 3636; x_wconf 88' lang='lat' dir='ltr'><strong>adhibuisse</strong></span> <span class='ocrx_word' id='word_1_278' title='bbox 1087 3566 1358 3638; x_wconf 89' lang='lat' dir='ltr'><strong>sollicitudinem</strong></span> <span class='ocrx_word' id='word_1_279' title='bbox 1378 3581 1413 3638; x_wconf 87' lang='lat' dir='ltr'><strong>et</strong></span> <span class='ocrx_word' id='word_1_280' title='bbox 1428 3569 1613 3639; x_wconf 84' lang='lat' dir='ltr'><strong>cantelam.</strong></span> 
     </span>
    </p>

    <p class='ocr_par' dir='ltr' id='par_1_4' title="bbox 434 3665 1869 4226">
     <span class='ocr_line' id='line_1_31' title="bbox 481 3665 1866 3759; baseline 0.001 -24"><span class='ocrx_word' id='word_1_281' title='bbox 481 3667 700 3759; x_wconf 85' lang='lat' dir='ltr'><strong>Quicumque</strong></span> <span class='ocrx_word' id='word_1_282' title='bbox 722 3687 807 3736; x_wconf 89' lang='lat' dir='ltr'><strong>vero</strong></span> <span class='ocrx_word' id='word_1_283' title='bbox 826 3665 1069 3757; x_wconf 89' lang='lat' dir='ltr'><strong>deprehensus</strong></span> <span class='ocrx_word' id='word_1_284' title='bbox 1091 3666 1196 3734; x_wconf 90' lang='lat' dir='ltr'><strong>luerit</strong></span> <span class='ocrx_word' id='word_1_285' title='bbox 1214 3666 1299 3735; x_wconf 89' lang='lat' dir='ltr'><strong>dare</strong></span> <span class='ocrx_word' id='word_1_286' title='bbox 1318 3667 1463 3736; x_wconf 89' lang='lat' dir='ltr'><strong>cuilibet</strong></span> <span class='ocrx_word' id='word_1_287' title='bbox 1491 3666 1648 3737; x_wconf 89' lang='lat' dir='ltr'><strong>heretico</strong></span> <span class='ocrx_word' id='word_1_288' title='bbox 1675 3666 1866 3737; x_wconf 88' lang='lat' dir='ltr'><strong>consilium</strong></span> 
     </span>
     <span class='ocr_line' id='line_1_32' title="bbox 434 3763 1868 3857; baseline 0.001 -24"><span class='ocrx_word' id='word_1_289' title='bbox 434 3766 488 3834; x_wconf 89' lang='lat' dir='ltr'><strong>vel</strong></span> <span class='ocrx_word' id='word_1_290' title='bbox 510 3766 680 3834; x_wconf 81' lang='lat' dir='ltr'><strong>auxilium</strong></span> <span class='ocrx_word' id='word_1_291' title='bbox 700 3786 761 3833; x_wconf 89' lang='lat' dir='ltr'><strong>seu</strong></span> <span class='ocrx_word' id='word_1_292' title='bbox 785 3765 955 3846; x_wconf 83' lang='lat' dir='ltr'><strong>levorem,</strong></span> <span class='ocrx_word' id='word_1_293' title='bbox 979 3775 1094 3854; x_wconf 89' lang='lat' dir='ltr'><strong>preter</strong></span> <span class='ocrx_word' id='word_1_294' title='bbox 1114 3763 1216 3832; x_wconf 92' lang='lat' dir='ltr'><strong>aliam</strong></span> <span class='ocrx_word' id='word_1_295' title='bbox 1238 3784 1362 3855; x_wconf 88' lang='lat' dir='ltr'><strong>penam</strong></span> <span class='ocrx_word' id='word_1_296' title='bbox 1385 3764 1547 3857; x_wconf 91' lang='lat' dir='ltr'><strong>superius</strong></span> <span class='ocrx_word' id='word_1_297' title='bbox 1562 3778 1598 3834; x_wconf 91' lang='lat' dir='ltr'><strong>et</strong></span> <span class='ocrx_word' id='word_1_298' title='bbox 1618 3765 1762 3834; x_wconf 84' lang='lat' dir='ltr'><strong>interius</strong></span> <span class='ocrx_word' id='word_1_299' title='bbox 1783 3787 1868 3857; x_wconf 89' lang='lat' dir='ltr'><strong>pre·</strong></span> 
     </span>
     <span class='ocr_line' id='line_1_33' title="bbox 435 3861 1868 3955; baseline 0.001 -24"><span class='ocrx_word' id='word_1_300' title='bbox 435 3875 610 3942; x_wconf 80' lang='lat' dir='ltr'><strong>taxatam,</strong></span> <span class='ocrx_word' id='word_1_301' title='bbox 632 3884 677 3932; x_wconf 86' lang='lat' dir='ltr'><strong>ex</strong></span> <span class='ocrx_word' id='word_1_302' title='bbox 699 3875 780 3931; x_wconf 91' lang='lat' dir='ltr'><strong>tunc</strong></span> <span class='ocrx_word' id='word_1_303' title='bbox 804 3862 879 3954; x_wconf 91' lang='lat' dir='ltr'><strong>ipso</strong></span> <span class='ocrx_word' id='word_1_304' title='bbox 897 3861 979 3953; x_wconf 88' lang='lat' dir='ltr'><strong>jure</strong></span> <span class='ocrx_word' id='word_1_305' title='bbox 997 3861 1032 3928; x_wconf 92' lang='lat' dir='ltr'><strong>in</strong></span> <span class='ocrx_word' id='word_1_306' title='bbox 1055 3872 1263 3952; x_wconf 89' lang='lat' dir='ltr'><strong>perpetuum</strong></span> <span class='ocrx_word' id='word_1_307' title='bbox 1284 3863 1329 3931; x_wconf 88' lang='lat' dir='ltr'><strong>sit</strong></span> <span class='ocrx_word' id='word_1_308' title='bbox 1350 3862 1460 3932; x_wconf 91' lang='lat' dir='ltr'><strong>lactus</strong></span> <span class='ocrx_word' id='word_1_309' title='bbox 1479 3863 1630 3947; x_wconf 86' lang='lat' dir='ltr'><strong>inlamis,</strong></span> <span class='ocrx_word' id='word_1_310' title='bbox 1654 3883 1717 3931; x_wconf 89' lang='lat' dir='ltr'><strong>neo</strong></span> <span class='ocrx_word' id='word_1_311' title='bbox 1733 3863 1777 3932; x_wconf 90' lang='lat' dir='ltr'><strong>ad</strong></span> <span class='ocrx_word' id='word_1_312' title='bbox 1800 3885 1868 3955; x_wconf 92' lang='lat' dir='ltr'><strong>pu-</strong></span> 
     </span>
     <span class='ocr_line' id='line_1_34' title="bbox 434 3958 1868 4053; baseline 0.002 -24"><span class='ocrx_word' id='word_1_313' title='bbox 434 3961 522 4029; x_wconf 89' lang='lat' dir='ltr'><strong>blica</strong></span> <span class='ocrx_word' id='word_1_314' title='bbox 543 3959 656 4030; x_wconf 85' lang='lat' dir='ltr'><strong>officia</strong></span> <span class='ocrx_word' id='word_1_315' title='bbox 676 3981 738 4029; x_wconf 90' lang='lat' dir='ltr'><strong>sen</strong></span> <span class='ocrx_word' id='word_1_316' title='bbox 759 3959 903 4028; x_wconf 90' lang='lat' dir='ltr'><strong>consilia</strong></span> <span class='ocrx_word' id='word_1_317' title='bbox 925 3981 987 4029; x_wconf 90' lang='lat' dir='ltr'><strong>seu</strong></span> <span class='ocrx_word' id='word_1_318' title='bbox 1007 3959 1051 4028; x_wconf 92' lang='lat' dir='ltr'><strong>ad</strong></span> <span class='ocrx_word' id='word_1_319' title='bbox 1073 3959 1255 4049; x_wconf 79' lang='lat' dir='ltr'><strong>eligendos</strong></span> <span class='ocrx_word' id='word_1_320' title='bbox 1275 3958 1414 4051; x_wconf 90' lang='lat' dir='ltr'><strong>aliquos</strong></span> <span class='ocrx_word' id='word_1_321' title='bbox 1434 3962 1478 4029; x_wconf 90' lang='lat' dir='ltr'><strong>ad</strong></span> <span class='ocrx_word' id='word_1_322' title='bbox 1498 3960 1620 4053; x_wconf 88' lang='lat' dir='ltr'><strong>hujus,</strong></span> <span class='ocrx_word' id='word_1_323' title='bbox 1644 3980 1708 4029; x_wconf 90' lang='lat' dir='ltr'><strong>nec</strong></span> <span class='ocrx_word' id='word_1_324' title='bbox 1724 3960 1767 4029; x_wconf 91' lang='lat' dir='ltr'><strong>ad</strong></span> <span class='ocrx_word' id='word_1_325' title='bbox 1795 3972 1868 4032; x_wconf 90' lang='lat' dir='ltr'><strong>tes·</strong></span> 
     </span>
     <span class='ocr_line' id='line_1_35' title="bbox 436 4056 1869 4142; baseline 0.002 -17"><span class='ocrx_word' id='word_1_326' title='bbox 436 4059 617 4127; x_wconf 90' lang='lat' dir='ltr'><strong>timonium</strong></span> <span class='ocrx_word' id='word_1_327' title='bbox 641 4059 869 4141; x_wconf 83' lang='lat' dir='ltr'><strong>admittatur3</strong></span> <span class='ocrx_word' id='word_1_328' title='bbox 897 4058 943 4126; x_wconf 90' lang='lat' dir='ltr'><strong>sit</strong></span> <span class='ocrx_word' id='word_1_329' title='bbox 971 4057 1074 4125; x_wconf 89' lang='lat' dir='ltr'><strong>etlam</strong></span> <span class='ocrx_word' id='word_1_330' title='bbox 1105 4056 1336 4142; x_wconf 90' lang='lat' dir='ltr'><strong>intestabilis,</strong></span> <span class='ocrx_word' id='word_1_331' title='bbox 1360 4070 1397 4126; x_wconf 92' lang='lat' dir='ltr'><strong>nt</strong></span> <span class='ocrx_word' id='word_1_332' title='bbox 1417 4079 1482 4128; x_wconf 91' lang='lat' dir='ltr'><strong>nec</strong></span> <span class='ocrx_word' id='word_1_333' title='bbox 1502 4058 1700 4127; x_wconf 88' lang='lat' dir='ltr'><strong>testamenti</strong></span> <span class='ocrx_word' id='word_1_334' title='bbox 1719 4057 1869 4128; x_wconf 89' lang='lat' dir='ltr'><strong>liberam</strong></span> 
     </span>
     <span class='ocr_line' id='line_1_36' title="bbox 436 4153 1591 4226; baseline 0.001 -2"><span class='ocrx_word' id='word_1_335' title='bbox 436 4155 565 4224; x_wconf 87' lang='lat' dir='ltr'><strong>habeat</strong></span> <span class='ocrx_word' id='word_1_336' title='bbox 582 4156 766 4225; x_wconf 81' lang='lat' dir='ltr'><strong>lectionem</strong></span> <span class='ocrx_word' id='word_1_337' title='bbox 787 4176 851 4224; x_wconf 89' lang='lat' dir='ltr'><strong>nec</strong></span> <span class='ocrx_word' id='word_1_338' title='bbox 869 4154 913 4223; x_wconf 88' lang='lat' dir='ltr'><strong>ad</strong></span> <span class='ocrx_word' id='word_1_339' title='bbox 935 4153 1139 4223; x_wconf 88' lang='lat' dir='ltr'><strong>hereditatis</strong></span> <span class='ocrx_word' id='word_1_340' title='bbox 1157 4156 1415 4224; x_wconf 88' lang='lat' dir='ltr'><strong>successionem</strong></span> <span class='ocrx_word' id='word_1_341' title='bbox 1436 4156 1591 4226; x_wconf 87' lang='lat' dir='ltr'><strong>accedat.</strong></span> 
     </span>
    </p>

    <p class='ocr_par' dir='ltr' id='par_1_5' title="bbox 434 4253 1871 4438">
     <span class='ocr_line' id='line_1_37' title="bbox 485 4253 1871 4346; baseline 0.004 -26"><span class='ocrx_word' id='word_1_342' title='bbox 485 4253 608 4322; x_wconf 91' lang='lat' dir='ltr'><strong>Nullus</strong></span> <span class='ocrx_word' id='word_1_343' title='bbox 629 4264 786 4345; x_wconf 89' lang='lat' dir='ltr'><strong>preterea</strong></span> <span class='ocrx_word' id='word_1_344' title='bbox 806 4272 914 4343; x_wconf 91' lang='lat' dir='ltr'><strong>super</strong></span> <span class='ocrx_word' id='word_1_345' title='bbox 928 4272 1152 4343; x_wconf 86' lang='lat' dir='ltr'><strong>quocumque</strong></span> <span class='ocrx_word' id='word_1_346' title='bbox 1171 4256 1316 4342; x_wconf 81' lang='lat' dir='ltr'><strong>negocio</strong></span> <span class='ocrx_word' id='word_1_347' title='bbox 1336 4253 1381 4334; x_wconf 86' lang='lat' dir='ltr'><strong>el,</strong></span> <span class='ocrx_word' id='word_1_348' title='bbox 1403 4265 1456 4324; x_wconf 83' lang='lat' dir='ltr'><strong>set</strong></span> <span class='ocrx_word' id='word_1_349' title='bbox 1474 4255 1548 4345; x_wconf 89' lang='lat' dir='ltr'><strong>ipse</strong></span> <span class='ocrx_word' id='word_1_350' title='bbox 1562 4254 1640 4322; x_wconf 87' lang='lat' dir='ltr'><strong>aliis</strong></span> <span class='ocrx_word' id='word_1_351' title='bbox 1651 4253 1871 4346; x_wconf 88' lang='lat' dir='ltr'><strong>respondere</strong></span> 
     </span>
     <span class='ocr_line' id='line_1_38' title="bbox 434 4362 593 4438; baseline 0.013 -19"><span class='ocrx_word' id='word_1_352' title='bbox 434 4362 593 4438; x_wconf 79' lang='lat' dir='ltr'><strong>cogatur.</strong></span> 
     </span>
    </p>

    <p class='ocr_par' dir='ltr' id='par_1_6' title="bbox 437 4447 1872 4639">
     <span class='ocr_line' id='line_1_39' title="bbox 484 4447 1872 4538; baseline 0.004 -22"><span class='ocrx_word' id='word_1_353' title='bbox 484 4447 633 4530; x_wconf 85' lang='lat' dir='ltr'><strong>Quodsi</strong></span> <span class='ocrx_word' id='word_1_354' title='bbox 656 4451 743 4517; x_wconf 89' lang='lat' dir='ltr'><strong>torte</strong></span> <span class='ocrx_word' id='word_1_355' title='bbox 768 4448 880 4537; x_wconf 83' lang='lat' dir='ltr'><strong>judex</strong></span> <span class='ocrx_word' id='word_1_356' title='bbox 901 4448 1070 4534; x_wconf 86' lang='lat' dir='ltr'><strong>extiterit,</strong></span> <span class='ocrx_word' id='word_1_357' title='bbox 1094 4449 1170 4538; x_wconf 83' lang='lat' dir='ltr'><strong>ejus</strong></span> <span class='ocrx_word' id='word_1_358' title='bbox 1194 4450 1367 4519; x_wconf 90' lang='lat' dir='ltr'><strong>sententia</strong></span> <span class='ocrx_word' id='word_1_359' title='bbox 1388 4450 1517 4520; x_wconf 88' lang='lat' dir='ltr'><strong>nullam</strong></span> <span class='ocrx_word' id='word_1_360' title='bbox 1540 4451 1697 4519; x_wconf 89' lang='lat' dir='ltr'><strong>obtineat</strong></span> <span class='ocrx_word' id='word_1_361' title='bbox 1720 4447 1872 4521; x_wconf 83' lang='lat' dir='ltr'><strong>firmita-</strong></span> 
     </span>
     <span class='ocr_line' id='line_1_40' title="bbox 437 4542 1520 4639; baseline 0.001 -24"><span class='ocrx_word' id='word_1_362' title='bbox 437 4558 505 4615; x_wconf 91' lang='lat' dir='ltr'><strong>tem</strong></span> <span class='ocrx_word' id='word_1_363' title='bbox 522 4600 529 4624; x_wconf 95' lang='lat'><strong>,</strong></span> <span class='ocrx_word' id='word_1_364' title='bbox 549 4567 612 4615; x_wconf 89' lang='lat' dir='ltr'><strong>neo</strong></span> <span class='ocrx_word' id='word_1_365' title='bbox 631 4567 737 4616; x_wconf 83' lang='lat' dir='ltr'><strong>carrse</strong></span> <span class='ocrx_word' id='word_1_366' title='bbox 757 4547 874 4637; x_wconf 88' lang='lat' dir='ltr'><strong>alique</strong></span> <span class='ocrx_word' id='word_1_367' title='bbox 893 4546 936 4615; x_wconf 91' lang='lat' dir='ltr'><strong>ad</strong></span> <span class='ocrx_word' id='word_1_368' title='bbox 957 4546 1033 4638; x_wconf 91' lang='lat' dir='ltr'><strong>ejus</strong></span> <span class='ocrx_word' id='word_1_369' title='bbox 1053 4542 1266 4615; x_wconf 88' lang='lat' dir='ltr'><strong>audientiam</strong></span> <span class='ocrx_word' id='word_1_370' title='bbox 1289 4549 1520 4639; x_wconf 80' lang='lat' dir='ltr'><strong>perferantur.</strong></span> 
     </span>
    </p>

    <p class='ocr_par' dir='ltr' id='par_1_7' title="bbox 485 4642 1680 4737">
     <span class='ocr_line' id='line_1_41' title="bbox 485 4642 1680 4737; baseline 0.002 -24"><span class='ocrx_word' id='word_1_371' title='bbox 485 4644 518 4713; x_wconf 93' lang='lat' dir='ltr'><strong>Si</strong></span> <span class='ocrx_word' id='word_1_372' title='bbox 541 4646 645 4713; x_wconf 91' lang='lat' dir='ltr'><strong>luerit</strong></span> <span class='ocrx_word' id='word_1_373' title='bbox 660 4644 873 4726; x_wconf 87' lang='lat' dir='ltr'><strong>advocatus,</strong></span> <span class='ocrx_word' id='word_1_374' title='bbox 894 4642 971 4737; x_wconf 90' lang='lat' dir='ltr'><strong>ejus</strong></span> <span class='ocrx_word' id='word_1_375' title='bbox 992 4645 1222 4735; x_wconf 88' lang='lat' dir='ltr'><strong>patrocinium</strong></span> <span class='ocrx_word' id='word_1_376' title='bbox 1244 4645 1444 4716; x_wconf 88' lang='lat' dir='ltr'><strong>nullatenus</strong></span> <span class='ocrx_word' id='word_1_377' title='bbox 1463 4646 1680 4715; x_wconf 90' lang='lat' dir='ltr'><strong>admittatur.</strong></span> 
     </span>
    </p>

    <p class='ocr_par' dir='ltr' id='par_1_8' title="bbox 483 4742 1790 4835">
     <span class='ocr_line' id='line_1_42' title="bbox 483 4742 1790 4835; baseline -0.001 -24"><span class='ocrx_word' id='word_1_378' title='bbox 483 4742 517 4811; x_wconf 90' lang='lat' dir='ltr'><strong>Si</strong></span> <span class='ocrx_word' id='word_1_379' title='bbox 539 4743 698 4826; x_wconf 90' lang='lat' dir='ltr'><strong>tabellio,</strong></span> <span class='ocrx_word' id='word_1_380' title='bbox 720 4743 953 4813; x_wconf 88' lang='lat' dir='ltr'><strong>instrumenta</strong></span> <span class='ocrx_word' id='word_1_381' title='bbox 973 4742 1129 4811; x_wconf 90' lang='lat' dir='ltr'><strong>conlecta</strong></span> <span class='ocrx_word' id='word_1_382' title='bbox 1152 4763 1213 4834; x_wconf 92' lang='lat' dir='ltr'><strong>per</strong></span> <span class='ocrx_word' id='word_1_383' title='bbox 1233 4743 1346 4835; x_wconf 90' lang='lat' dir='ltr'><strong>ipsum</strong></span> <span class='ocrx_word' id='word_1_384' title='bbox 1368 4745 1498 4813; x_wconf 91' lang='lat' dir='ltr'><strong>nullius</strong></span> <span class='ocrx_word' id='word_1_385' title='bbox 1518 4745 1588 4813; x_wconf 92' lang='lat' dir='ltr'><strong>sint</strong></span> <span class='ocrx_word' id='word_1_386' title='bbox 1607 4744 1790 4813; x_wconf 89' lang='lat' dir='ltr'><strong>momenti.</strong></span> 
     </span>
    </p>

    <p class='ocr_par' dir='ltr' id='par_1_9' title="bbox 484 4839 1868 4934">
     <span class='ocr_line' id='line_1_43' title="bbox 484 4839 1868 4934; baseline 0.004 -26"><span class='ocrx_word' id='word_1_387' title='bbox 484 4839 674 4910; x_wconf 82' lang='lat' dir='ltr'><strong>Credentes</strong></span> <span class='ocrx_word' id='word_1_388' title='bbox 694 4861 836 4931; x_wconf 91' lang='lat' dir='ltr'><strong>qnoque</strong></span> <span class='ocrx_word' id='word_1_389' title='bbox 854 4840 1034 4910; x_wconf 92' lang='lat' dir='ltr'><strong>erroribus</strong></span> <span class='ocrx_word' id='word_1_390' title='bbox 1055 4839 1287 4910; x_wconf 89' lang='lat' dir='ltr'><strong>hereticorum</strong></span> <span class='ocrx_word' id='word_1_391' title='bbox 1308 4854 1470 4934; x_wconf 87' lang='lat' dir='ltr'><strong>tanquam</strong></span> <span class='ocrx_word' id='word_1_392' title='bbox 1495 4840 1639 4912; x_wconf 89' lang='lat' dir='ltr'><strong>heretici</strong></span> <span class='ocrx_word' id='word_1_393' title='bbox 1659 4841 1868 4934; x_wconf 87' lang='lat' dir='ltr'><strong>puniantur.</strong></span> 
     </span>
    </p>
   </div>
   <div class='ocr_carea' id='block_1_3' title="bbox 437 4936 1872 5105">
    <p class='ocr_par' dir='ltr' id='par_1_10' title="bbox 437 4936 1872 5105">
     <span class='ocr_line' id='line_1_44' title="bbox 465 4936 1872 5044; baseline 0.004 -40"><span class='ocrx_word' id='word_1_394' title='bbox 465 4936 704 5044; x_wconf 31' lang='lat' dir='ltr'><strong>&#39;Testamenta</strong></span> <span class='ocrx_word' id='word_1_395' title='bbox 725 4959 846 5008; x_wconf 89' lang='lat' dir='ltr'><strong>eorum</strong></span> <span class='ocrx_word' id='word_1_396' title='bbox 860 4938 926 5029; x_wconf 91' lang='lat' dir='ltr'><strong>qui</strong></span> <span class='ocrx_word' id='word_1_397' title='bbox 952 4937 1098 5008; x_wconf 90' lang='lat' dir='ltr'><strong>heretici</strong></span> <span class='ocrx_word' id='word_1_398' title='bbox 1117 4938 1343 5010; x_wconf 90' lang='lat' dir='ltr'><strong>decesserunt</strong></span> <span class='ocrx_word' id='word_1_399' title='bbox 1363 4939 1493 5010; x_wconf 91' lang='lat' dir='ltr'><strong>nullius</strong></span> <span class='ocrx_word' id='word_1_400' title='bbox 1513 4940 1677 5010; x_wconf 83' lang='lat' dir='ltr'><strong>volumus</strong></span> <span class='ocrx_word' id='word_1_401' title='bbox 1702 4960 1781 5010; x_wconf 88' lang='lat' dir='ltr'><strong>esse</strong></span> <span class='ocrx_word' id='word_1_402' title='bbox 1807 4961 1872 5032; x_wconf 91' lang='lat' dir='ltr'><strong>pe-</strong></span> 
     </span>
     <span class='ocr_line' id='line_1_45' title="bbox 437 5038 734 5105; baseline 0.007 -5"><span class='ocrx_word' id='word_1_403' title='bbox 437 5046 532 5103; x_wconf 80' lang='lat' dir='ltr'><strong>nitus</strong></span> <span class='ocrx_word' id='word_1_404' title='bbox 553 5038 734 5105; x_wconf 90' lang='lat' dir='ltr'><strong>momenti.</strong></span> 
     </span>
    </p>
   </div>
   <div class='ocr_carea' id='block_1_4' title="bbox 1057 5692 1422 5984">
    <p class='ocr_par' dir='ltr' id='par_1_11' title="bbox 1047 5607 1451 5984">
     <span class='ocr_line' id='line_1_46' title="bbox 1057 5692 1422 5984; baseline -0.002 -0.025"><span class='ocrx_word' id='word_1_405' title='bbox 1057 5692 1422 5984; x_wconf 60' lang='lat' dir='ltr'><strong>fx</strong></span> 
     </span>
    </p>
   </div>
   <div class='ocr_carea' id='block_1_5' title="bbox 0 0 2309 6404">
    <p class='ocr_par' dir='ltr' id='par_1_12' title="bbox 0 0 2309 6404">
     <span class='ocr_line' id='line_1_47' title="bbox 0 0 2309 6404; baseline 0 0"><span class='ocrx_word' id='word_1_406' title='bbox 0 0 2309 6404; x_wconf 95' lang='lat' dir='ltr'><strong> </strong></span> 
     </span>
    </p>
   </div>
  </div>
 </body>
</html>
