4574 6404
1021 694 1142 746 1311311
1169 695 1266 746 unns.
1795 676 1855 744 161

426 853 647 945 inquisitoris
670 851 823 923 heretice
858 853 1040 945 pravitatis
1070 853 1148 922 talis
1173 853 1214 922 N.
1238 863 1272 922 el
1304 873 1545 923 successorum
1576 854 1651 942 ejus
1677 853 1711 921 in
1746 851 1861 923 officio

427 949 666 1042 inquisitionis
677 949 834 1021 heretice
850 951 1032 1042 pravilatis
1052 951 1224 1039 ejusdem.
1244 950 1343 1036 llam,
1363 951 1459 1041 quod
1474 949 1668 1042 suscipient
1683 948 1863 1020 humililer

426 1059 461 1119 31
480 1048 610 1118 devote
630 1060 664 1117 et
683 1069 746 1140 pro
760 1048 895 1118 viribus
918 1045 1096 1140 perficient
1111 1060 1145 1118 et
1163 1048 1390 1140 complebunt
1410 1069 1532 1140 penarn
1551 1069 1613 1117 seu
1633 1047 1861 1140 penitentiam

426 1167 532 1238 quam
554 1145 740 1237 inquisitor
759 1167 821 1215 seu
845 1145 1069 1236 inquisitores
1089 1146 1221 1215 eisdem
1243 1146 1410 1216 duxerint
1430 1145 1678 1236 imponendam
1706 1167 1768 1239 pro
1794 1144 1862 1216 hiis

427 1265 497 1336 que
515 1255 636 1314 contra
660 1243 885 1335 inquisitores
903 1265 964 1313 seu
986 1242 1139 1313 officium
1162 1243 1399 1335 inquisitionis
1421 1238 1461 1339 [1ο
1479 1242 1525 1311 89
1546 1239 1581 1339 b]
1604 1242 1758 1313 heretice
1781 1264 1860 1336 pra·

427 1341 547 1412 vitalis
567 1341 819 1412 commiserunt
838 1362 900 1410 seu
922 1341 1055 1410 inventi
1070 1353 1152 1410 sunt
1166 1342 1396 1411 commisisse.
1419 1340 1518 1426 ltem,
1541 1341 1635 1431 quod
1655 1340 1800 1410 veniant
1816 1341 1860 1411 ad

427 1439 520 1509 diem
548 1440 704 1524 3111133,
732 1439 1049 1529 quandocumque,
1082 1450 1116 1509 et
1147 1440 1371 1530 ubicumque,
1401 1450 1435 1507 31
1463 1439 1772 1530 quotiescumque,
1800 1459 1861 1533 per

427 1536 670 1628 inquisitorem
691 1558 753 1606 seu
776 1536 1011 1626 inquisitores
1027 1537 1082 1606 vel
1105 1558 1227 1607 eornm
1249 1536 1323 1606 loca
1347 1548 1526 1619 tenentes,
1548 1557 1610 1605 seu
1630 1535 1674 1605 de
1696 1537 1860 1607 mandato

433 1636 589 1727 ipsorum
616 1634 732 1704 vocati
757 1635 888 1703 inerint
909 1634 963 1702 vel
983 1634 1077 1704 citati
1099 1635 1165 1704 sub
1186 1655 1274 1727 pena
1295 1635 1525 1704 ducentarum
1546 1633 1602 1702 1131
1625 1645 1859 1704 trecentarum

429 1730 649 1801 marcharum
677 1733 811 1821 argenti
836 1754 941 1823 quam
970 1734 1149 1801 incurrant
1167 1732 1241 1824 ipso
1257 1734 1346 1802 lacto
1366 1753 1437 1823 quo
1454 1731 1651 1822 inquisitori
1665 1753 1727 1801 seu
1744 1732 1860 1823 inqui-

427 1829 594 1899 sitoribus
610 1851 679 1899 non
700 1840 862 1921 parerent
881 1840 942 1898 3111
962 1830 1125 1899 13311331
1145 1829 1179 1898 13
1201 1841 1273 1899 1313
1292 1830 1347 1900 vel
1369 1831 1402 1897 in
1424 1841 1522 1922 parte
1544 1840 1663 1898 eontra
1679 1833 1859 1921 proprium

424 1927 683 2017 juramentum3
703 1928 799 2010 item,
814 1928 1109 2019 quandocumque
1124 1939 1158 1997 et
1169 1930 1461 2018 quotiescumque
1474 1948 1513 1996 se
1529 1938 1750 2018 opponerent
1761 1928 1860 1997 dein-

428 2045 510 2116 oeps
543 2025 758 2094 inlaturum
791 2025 1057 2116 inquisitoribus
1085 2027 1140 2095 vel
1172 2024 1288 2095 otbcio
1316 2036 1376 2094 ant
1400 2024 1622 2116 processibus
1652 2026 1858 2095 eorumdem

427 2122 567 2214 publice
585 2123 642 2192 vel
660 2124 814 2208 occulte,
833 2144 942 2215 perse
956 2122 1012 2192 vel
1031 2144 1091 2214 per
1107 2123 1216 2192 alium
1234 2145 1296 2192 seu
1314 2124 1415 2208 alios,
1430 2121 1672 2214 impugnando
1687 2122 1742 2192 vel
1762 2123 1860 2193 dilla-

429 2220 571 2301 maudo,
593 2231 653 2289 aut
671 2222 757 2290 alias
780 2220 1005 2312 impediendo
1025 2242 1087 2290 eos
1103 2222 1158 2290 vel
1181 2242 1300 2290 eornm
1323 2219 1475 2290 officium
1491 2277 1498 2301 ,
1517 2241 1580 2289 seu
1602 2221 1857 2311 impugnatori·

427 2316 493 2387 hus
511 2317 569 2386 1131
590 2317 891 2405 ditfamaloribns,
914 2328 974 2386 331
996 2319 1083 2388 31133
1103 2319 1378 2412 impedientibus
1397 2319 1582 2388 consilinm
1611 2318 1666 2387 vel
1687 2317 1859 2388 auxilinm
1946 2325 1950 2333 '

430 2414 667 2508 impendendo
681 2440 690 2502 3
706 2417 806 2505 cnjus
827 2437 916 2508 pene
937 2417 1107 2486 medietas
1125 2418 1321 2509 applicetur
1338 2416 1424 2506 regi,
1446 2416 1523 2487 sive
1536 2415 1646 2500 curie,
1665 2416 1742 2485 sive
1759 2414 1857 2504 lisco,

429 2511 495 2582 alia
516 2513 687 2583 medietas
706 2534 767 2606 per
784 2514 1010 2603 inquisitores
1022 2515 1066 2583 ad
1083 2514 1265 2582 arbitrium
1280 2514 1434 2606 ipsorum
1453 2513 1487 2581 in
1503 2513 1858 2605 persecutionehere·

430 2609 576 2681 ticorum
598 2633 661 2681 seu
683 2611 717 2680 iu
738 2611 816 2680 aliis
837 2613 903 2703 piis
925 2612 1046 2681 usibus
1067 2612 1328 2703 expendantur.

474 2708 627 2800 Recepto
649 2709 849 2798 juramento
875 2709 1097 2799 obligatorio,
1129 2710 1317 2802 recipiatur
1344 2711 1448 2780 etiam
1468 2708 1641 2798 abjuratio
1662 2707 1795 2779 heresis
1815 2709 1859 2778 ab

429 2804 574 2890 eisdem,
596 2827 701 2897 quam
723 2807 803 2876 ideo
826 2808 938 2876 lacere
958 2807 1087 2877 dehent
1115 2807 1196 2897 quia
1224 2818 1406 2899 suspectos
1431 2828 1469 2877 se
1489 2805 1720 2875 reddiderunt
1739 2806 1860 2877 delen-

429 2901 543 2974 dendo
563 2904 839 2996 condempnatos
859 2905 903 2973 de
922 2904 1067 2973 crimine
1092 2903 1226 2974 heresis
1248 2928 1308 2997 per
1327 2904 1481 2975 Ecclesie
1504 2902 1673 2992 juditium
1693 2925 1733 2974 33
1753 2907 1858 2974 etiam

430 2998 665 3093 inquisitionis
690 3001 866 3085 officium,
893 3014 928 3073 et
948 3023 1132 3093 processus
1154 3024 1195 3071 ac
1214 3003 1407 3073 sententias
1429 3000 1677 3093 inquisitorum
1706 3003 1860 3072 incuria

428 3099 577 3168 seculari
593 3110 628 3169 et
642 3100 727 3169 alibi
742 3100 981 3191 impugnando
1002 3120 1042 3170 33
1062 3097 1287 3170 (1111133113133
1307 3113 1342 3171 31
1366 3099 1547 3171 3113133313
1576 3093 1616 3194 [p
1633 3098 1680 3167 89
1697 3096 1730 3198 c]
1751 3122 1859 3194 oppo-

428 3196 557 3267 nendo.

619 3398 723 3454 131133
741 3399 898 3469 abjurandi
917 3399 1047 3455 heresim
1065 3399 1097 3452 in
1115 3398 1223 3468 juditio
1241 3400 1347 3455 talium
1366 3400 1478 3468 poterit
1497 3412 1564 3455 esse
1581 3399 1663 3455 talis.

472 3595 543 3666 Nos
562 3597 695 3666 talisN.
719 3598 841 3668 detali
862 3598 938 3668 loco
967 3599 1148 3667 constituti
1175 3599 1210 3666 in
1233 3596 1363 3687 juditio
1390 3618 1505 3667 coram
1537 3597 1639 3666 vohis
1664 3598 1859 3668 venerabili

426 3713 464 3763 33
483 3694 648 3784 religioso
665 3695 742 3764 viro
762 3696 867 3764 fratre
885 3697 945 3764 1311
961 3695 1020 3781 N.,
1040 3695 1085 3764 de
1103 3695 1180 3764 ord.
1202 3694 1359 3780 predic,
1382 3695 1587 3786 inquisitore
1605 3694 1757 3764 heretice
1776 3717 1856 3787 pra·

426 3791 545 3860 vitatis
564 3792 599 3860 in
619 3814 729 3882 regno
750 3793 892 3862 Francis
913 3814 975 3885 per
1003 3793 1122 3862 sedem
1150 3790 1378 3885 apostolicam
1406 3792 1597 3884 deputato,
1626 3794 1858 3863 sacrosanctis

425 3886 624 3981 Evangeliis
645 3890 705 3960 Dei
728 3891 849 3982 positis
869 3910 986 3961 coram
1007 3891 1122 3975 nohis,
1143 3892 1345 3980 abjuramus
1370 3891 1510 3983 penitus
1538 3912 1677 3960 omnem
1702 3889 1856 3960 heresim

426 3987 651 4057 extollentem
685 4010 723 4058 se
753 3988 924 4058 adversus
955 3999 1110 4057 sanctam
1138 3988 1328 4057 Romanam
1364 4000 1399 4057 el
1418 3988 1625 4057 catholicam
1666 3986 1856 4057 Ecclesiam

424 4081 563 4155 Domini
582 4084 833 4155 them-Christi
852 4098 887 4154 et
904 4106 1043 4155 omnem
1068 4086 1304 4178 credentiam,
1322 4086 1500 4171 savorem,
1531 4086 1853 4178 participationem,
1877 4161 1878 4164 Ἴ

424 4200 464 4251 33
481 4181 721 4252 defensionem
747 4204 1050 4275 quorumcumque
1073 4183 1309 4253 hereticorum
1333 4186 1586 4274 cujuscumque
1610 4194 1704 4252 secte
1729 4182 1853 4275 damp-

424 4290 505 4350 nate
525 4301 588 4372 per
601 4279 805 4367 Ecclesiam,
828 4282 894 4350 suh
916 4301 1004 4373 pena
1024 4303 1093 4373 que
1119 4281 1163 4350 de
1185 4283 1264 4370 jure
1291 4280 1440 4350 debetur
1468 4282 1615 4372 relapsis
1643 4282 1676 4348 in
1703 4280 1855 4350 heresim

424 4375 458 4446 in
474 4378 605 4468 juditio
623 4378 831 4468 abjuratam.
845 4380 943 4467 Item,
965 4381 1201 4471 promittimus
1222 4391 1257 4448 31
1275 4380 1538 4470 juramusquod
1560 4378 1726 4470 deinceps
1742 4378 1856 4470 inqui-

425 4473 591 4546 sitoribus
619 4474 773 4545 heretice
800 4479 1000 4567 pravitatis,
1033 4497 1097 4545 nec
1122 4496 1242 4545 eorum
1276 4475 1413 4562 ol‘licio,
1440 4488 1500 4545 331
1523 4478 1766 4568 processibus,
1790 4498 1854 4547 seu

424 4573 607 4642 sententiis
626 4573 795 4664 ipsorum,
820 4595 888 4644 non
908 4594 1128 4667 opponemus
1154 4595 1217 4643 nos
1245 4595 1310 4643 nec
1331 4572 1635 4666 impugnabimus,
1666 4595 1730 4642 nec
1750 4575 1855 4643 iacie-

424 4690 501 4742 mus
535 4670 802 4741 concitationem
835 4683 896 4741 aut
920 4672 1129 4742 seditionem
1163 4692 1226 4740 seu
1253 4672 1524 4742 commotionem
1551 4692 1855 4763 quarumcumque

423 4787 649 4858 personarum
666 4769 700 4837 in
720 4770 837 4860 aliqua
857 4769 1140 4860 congregatione,
1162 4768 1218 4837 vel
1237 4781 1373 4854 castro,
1398 4791 1461 4838 seu
1481 4771 1586 4853 villa,
1613 4791 1676 4838 seu
1704 4771 1849 4839 univer·

425 4864 524 4937 sitale
542 4865 673 4958 aliqua,
690 4888 756 4936 nec
775 4867 808 4935 in
830 4867 948 4958 aliquo
966 4867 1226 4951 conventiculo,
1248 4887 1311 4936 scu
1335 4870 1609 4958 congregatione
1626 4866 1848 4957 particulari,

426 4983 486 5034 nac
501 4963 667 5035 collectas
684 4985 746 5035 seu
766 4963 991 5034 collectiones
1006 4963 1253 5056 peccuniarum
1270 4975 1391 5034 contra
1410 4965 1637 5057 inquisitores
1652 4985 1715 5033 seu
1732 4984 1854 5035 eorum

426 5059 590 5149 ollicium,
622 5082 686 5133 nec
707 5062 916 5133 facientibus
939 5064 1219 5150 consentiemuS,
1248 5071 1302 5133 set
1325 5083 1389 5156 pro
1409 5063 1546 5133 viribus
1573 5063 1608 5131 in
1640 5063 1854 5133 contrarium

1659 5184 1693 5244 at
