4574 6404
424 660 494 730 tta
710 675 874 728 anamim
901 675 1143 742 rnoursrmoars
1170 674 1332 728 annarrca
1356 674 1568 728 anavrrarrs.

425 855 569 928 qnoque
588 833 925 925 interrogationibus
944 833 1011 904 sibi
1031 845 1094 927 per
1114 854 1178 906 nos
1197 854 1238 904 ac
1261 830 1551 926 responsionibus
1572 844 1607 904 et
1626 834 1858 907 confessioni·
1916 837 1919 842 '

425 934 494 1004 bus
517 931 676 1023 plurimis
703 931 801 1001 lactis
828 932 991 1024 abipso,
1020 932 1238 1024 testibusque
1261 941 1382 1003 contra
1407 951 1488 1001 eum
1516 931 1665 1024 receptis
1690 943 1726 1003 et
1749 933 1858 1005 etiam

426 1029 638 1125 publicatis,
661 1048 702 1098 ac
719 1029 987 1101 defensionibus
1007 1031 1081 1100 suis
1097 1050 1214 1100 coram
1237 1029 1338 1100 nobis
1359 1026 1545 1121 propositis
1564 1039 1599 1099 et
1618 1029 1760 1102 exibitis
1779 1032 1859 1103 siva

427 1127 519 1199 datis
542 1129 578 1195 in
602 1126 764 1219 scriptis,
785 1126 861 1219 ipse
887 1126 1028 1198 demum
1055 1128 1090 1197 in
1117 1137 1191 1198 toto
1218 1125 1421 1217 hujusmodi
1450 1126 1688 1216 inquisitionis
1709 1129 1859 1221 negocio

427 1224 599 1297 conclusit
623 1222 827 1311 nobiscum,
851 1246 986 1317 nosque
1012 1225 1201 1296 habuimus
1229 1246 1292 1318 pro
1311 1221 1498 1304 concluso,
1523 1235 1627 1316 prout
1645 1224 1711 1296 bec
1737 1227 1858 1299 omnia

413 1324 464 1393 ·iu
491 1321 714 1416 processibus
735 1322 862 1393 nostris
886 1322 1080 1416 superbiis
1105 1322 1232 1392 habitis
1257 1334 1291 1392 et
1311 1320 1398 1392 actis
1418 1320 1502 1392 inde
1522 1322 1690 1392 conlectis
1716 1325 1858 1416 plenius

428 1440 469 1491 ac
483 1418 651 1491 seriosius
673 1420 917 1510 continentur,
940 1430 1085 1515 totoque
1103 1419 1260 1511 ejusdem
1281 1417 1519 1511 inquisitionis
1540 1440 1704 1513 processu
1723 1423 1858 1493 seriose

429 1530 463 1589 et
480 1516 696 1608 integraliter
712 1517 908 1610 explicato,
927 1539 1043 1589 coram
1062 1517 1323 1588 venerabilibus
1344 1515 1429 1586 viris
1450 1516 1578 1588 talibus
1597 1517 1638 1586 N.
1656 1528 1692 1588 et
1710 1518 1752 1590 N.
1771 1520 1860 1590 mnl·

431 1615 545 1706 tisqus
568 1613 647 1683 aliis
667 1615 802 1706 maguis
825 1616 912 1689 viris
939 1627 974 1686 et
997 1616 1031 1687 in
1058 1615 1140 1711 jure
1161 1615 1304 1709 peritis,
1327 1613 1560 1707 plenaqueac
1581 1614 1685 1706 longa
1705 1618 1858 1691 cumeis

429 1711 684 1782 deliberatione
699 1712 867 1785 discussis
884 1735 925 1785 ac
940 1712 1196 1786 sententialiter
1215 1708 1257 1810 [N
1270 1710 1317 1784 62
1330 1707 1366 1808 a]
1385 1712 1536 1804 qualiter
1554 1733 1617 1805 pro
1636 1711 1730 1785 dicto
1749 1715 1858 1787 fratre

427 1809 470 1880 N.
492 1820 553 1878 aut
578 1821 697 1880 contra
718 1811 869 1883 eundem
897 1813 1042 1884 deberet
1065 1832 1127 1906 per
1148 1831 1212 1882 nos
1237 1810 1319 1881 lerri
1343 1810 1518 1881 sententia
1539 1823 1795 1902 permaturum
1815 1834 1858 1884 ac

427 1905 604 1977 concorde
623 1907 768 1979 omnino
790 1910 976 1981 consilinm
1003 1909 1228 2005 preordinato
1252 1930 1330 1978 cum
1352 1907 1459 2000 ipsis,
1482 1928 1546 1978 nos
1565 1907 1659 1979 diem
1685 1921 1720 1979 et
1739 1910 1855 1982 locum

429 2014 612 2096 presentes
631 2005 676 2075 ad
700 2007 913 2078 audiendam
937 2020 1092 2079 nostram
1119 2005 1342 2076 diffinitivam
1367 2005 1577 2075 sententiam
1603 2027 1711 2097 super
1729 2008 1856 2081 eodem

429 2101 579 2193 negocio
600 2102 694 2174 dicto
717 2104 812 2174 lratri
836 2106 878 2175 N.
899 2107 1052 2200 presenti
1070 2115 1105 2177 et
1122 2103 1354 2177 consentienti
1377 2105 1512 2196 precise
1536 2123 1577 2173 ac
1596 2103 1858 2198 perhemptorie

430 2199 597 2269 duximus
625 2200 900 2293 assignandnm3
925 2226 1047 2274 verum
1075 2224 1120 2274 ex
1140 2224 1246 2298 snpra
1270 2201 1373 2273 dictis
1393 2201 1557 2272 omnibus
1573 2222 1652 2271 cum
1673 2201 1858 2294 diligentia

430 2296 613 2367 recensitis
643 2299 844 2371 invenimus
875 2303 1060 2373 manifeste
1089 2301 1282 2395 predictum
1313 2301 1453 2370 lratrem
1480 2298 1522 2371 N.
1541 2299 1585 2370 de
1604 2299 1692 2369 inlra
1715 2301 1858 2394 scriptis

430 2394 636 2466 criminibus
664 2409 700 2466 et
720 2399 900 2472 sceleratis
923 2399 1090 2492 operibus
1118 2399 1247 2471 nedum
1276 2398 1415 2492 propria
1437 2417 1524 2469 voce
1549 2398 1771 2490 confessum,
1800 2411 1858 2471 set

430 2503 466 2561 et
484 2491 529 2561 de
556 2491 715 2584 plurimis
735 2507 770 2565 et
788 2499 1011 2588 gravioribus
1031 2498 1235 2568 eorumdem
1262 2496 1479 2587 argumentis
1505 2495 1705 2565 convictum
1726 2508 1762 2568 et
1785 2507 1856 2568 tes·

429 2588 524 2658 tibus
544 2602 771 2682 superatum,
792 2596 957 2668 videlicet
977 2595 1072 2687 quod
1093 2595 1168 2688 ipse
1193 2606 1357 2686 tanquam
1379 2592 1580 2686 principalis
1602 2593 1755 2666 director
1771 2615 1856 2666 con·

428 2686 545 2756 salum
565 2699 600 2756 et
616 2691 905 2765 communitatum
926 2694 1047 2764 talium
1068 2702 1103 2763 et
1125 2693 1245 2763 taliam
1262 2691 1424 2784 querelas
1449 2691 1530 2761 licet
1549 2711 1617 2762 non
1637 2695 1856 2783 pertinentes

430 2783 475 2853 ad
496 2784 610 2877 ipsum
639 2788 758 2857 multis
777 2793 878 2862 annis
902 2792 1016 2862 extitit
1037 2802 1265 2882 prosecutus,
1293 2789 1371 2859 illos
1390 2790 1495 2859 etiam
1517 2810 1626 2881 super
1651 2788 1716 2861 boc
1735 2790 1781 2860 ad
1801 2791 1855 2860 in·

428 2883 541 2951 vicem
566 2884 722 2956 uniendo
742 2898 776 2956 et
798 2891 885 2961 alios
905 2890 974 2959 illis
994 2889 1085 2957 nuiri
1112 2910 1175 2982 pro
1196 2888 1333 2958 viribus
1355 2887 1577 2980 procurando
1593 2898 1713 2958 contra
1735 2889 1853 2980 inqui-

427 2979 553 3050 sitores
575 2980 728 3053 heretice
752 2988 955 3077 pravitatis,
979 3007 1163 3078 processus
1190 2987 1343 3079 ipsorum
1370 2985 1617 3076 inquisitorum
1642 2995 1748 3077 atque
1771 3007 1854 3056 sen-

428 3077 555 3147 tentias
573 3093 693 3151 contra
711 3086 879 3173 quasdam
898 3084 1095 3176 singulares
1111 3105 1278 3176 personas
1296 3105 1403 3177 snper
1419 3082 1534 3154 heresi
1557 3084 1797 3177 promulgatas
1818 3085 1853 3155 in

427 3176 649 3247 sermonibus
666 3201 707 3249 ac
730 3183 1028 3273 predicationibus
1053 3182 1171 3252 multis
1190 3203 1231 3253 ac
1255 3181 1422 3274 publicis,
1445 3182 1480 3251 in
1502 3182 1586 3254 locis
1613 3180 1790 3267 diversis,
1813 3204 1855 3254 ac

428 3272 462 3339 in
481 3275 704 3357 tractatibus,
726 3281 882 3350 consiliis
905 3292 941 3351 et
966 3279 1279 3372 propositionibus,
1305 3279 1619 3372 supplicationibus
1638 3291 1673 3349 et
1695 3279 1854 3352 articulis

428 3369 463 3437 in
482 3370 589 3440 curiis
609 3376 711 3445 etiam
733 3377 953 3448 secularibus
972 3377 1161 3471 propositis
1180 3390 1216 3449 at
1239 3377 1386 3448 redditis
1405 3376 1643 3470 multipliciter
1662 3391 1854 3471 exagerate

427 3486 467 3536 ac
496 3468 599 3538 nimis
628 3470 861 3546 diffamatorie
887 3476 1148 3569 impugnando,
1179 3474 1349 3566 librisque
1379 3495 1420 3545 ac
1447 3473 1670 3568 processibus
1699 3477 1850 3570 inquisi-

426 3575 541 3635 torum
571 3567 724 3658 ipsornm
757 3571 937 3660 fictiones,
974 3574 1187 3665 suspitiones
1224 3593 1265 3643 ac
1301 3572 1469 3642 lalsitates
1506 3573 1609 3642 etiam
1639 3573 1854 3666 imponendo

429 3656 470 3758 [l'
488 3662 534 3734 62
554 3662 613 3763 b];
640 3679 760 3760 captos
783 3692 924 3763 quoque
949 3691 1012 3763 pro
1034 3670 1150 3742 heresi
1178 3682 1212 3741 et
1232 3670 1335 3740 etiam
1362 3671 1407 3741 de
1431 3669 1547 3740 heresi
1574 3672 1854 3764 condempnatos

426 3772 463 3830 et
481 3763 727 3836 inmnrationis
746 3779 782 3838 et
804 3768 881 3839 aliis
903 3769 1001 3861 penis
1023 3768 1181 3838 addictos
1197 3766 1441 3858 justificando,
1463 3769 1628 3861 ipsosque
1651 3769 1733 3841 licet
1748 3792 1853 3843 veros

426 3860 616 3933 catholicos
636 3883 698 3955 per
718 3876 967 3937 tormentorum
988 3862 1069 3958 (sic)
1091 3865 1294 3936 violentiam
1321 3865 1365 3935 de
1385 3887 1423 3937 se
1440 3877 1474 3935 et
1494 3866 1540 3936 dc
1563 3867 1641 3935 aliis
1667 3871 1767 3960 penis
1786 3869 1850 3939 ad·

426 3957 538 4031 dictos
560 3962 738 4032 confessos
762 3984 868 4056 super
888 3963 1001 4034 heresi
1026 3976 1061 4034 et
1081 3964 1211 4055 injuste
1234 3963 1523 4056 comdempnatos
1544 3964 1673 4050 luisse,
1696 3965 1852 4039 dicendo

424 4059 585 4150 exempla
601 4069 636 4129 et
650 4057 900 4133 similitudines
919 4062 1147 4133 concitativas
1167 4062 1375 4154 populorum
1391 4069 1510 4132 contra
1526 4060 1753 4152 inquisitores
1771 4084 1849 4135 eos·

424 4154 528 4241 dem,
551 4165 586 4225 et
611 4176 674 4249 pro
701 4160 967 4253 condempnatis
990 4181 1031 4229 ac
1054 4159 1164 4251 captis
1190 4159 1356 4251 predictis
1387 4159 1421 4228 in
1449 4158 1672 4230 sermonibus
1698 4171 1734 4231 et
1758 4159 1848 4232 alias

422 4256 654 4346 proponendo
678 4275 720 4324 ac
740 4279 802 4349 per
827 4257 950 4329 modos
974 4257 1173 4348 hujusmodi
1197 4268 1233 4326 et
1258 4257 1345 4327 alios
1370 4257 1566 4348 exquisitos
1590 4258 1742 4350 prelatos
1764 4279 1851 4330 con·

423 4351 539 4439 sulas,
563 4356 833 4426 communitates
856 4367 891 4425 et
912 4354 1108 4446 singulares
1129 4375 1294 4447 personas
1316 4366 1436 4425 contra
1461 4355 1687 4447 inquisitores
1710 4357 1850 4450 predic-

423 4460 477 4520 tos
493 4450 648 4541 graviter
667 4452 876 4525 concitando
895 4463 930 4524 el
948 4452 1160 4545 animand03
1180 4452 1346 4545 imposuit
1364 4474 1505 4545 quoqne
1525 4453 1614 4522 falso
1631 4453 1724 4523 idem
1742 4454 1852 4526 irater

420 4548 462 4616 N.
486 4562 554 4616 tam
580 4548 795 4639 predicando
820 4572 924 4644 qnam
952 4550 1038 4620 alias
1062 4550 1096 4618 in
1122 4550 1272 4620 diversis
1292 4549 1399 4638 locis,
1423 4550 1481 4620 uni
1509 4549 1554 4620 de
1573 4550 1675 4621 dictis
1696 4551 1849 4645 inquisi-

422 4645 556 4716 toribus
585 4647 679 4737 quod
708 4659 829 4719 contra
857 4650 1142 4720 communitatem
1172 4648 1359 4739 quamdam
1394 4669 1500 4741 super
1532 4649 1678 4740 negocio
1710 4649 1849 4721 heresis

420 4741 597 4836 quoddam
618 4744 741 4814 lalsum
763 4758 798 4815 et
818 4746 921 4816 nimis
941 4745 1170 4839 pernitiosum
1190 4743 1314 4816 confici
1337 4746 1467 4816 lecerat
1489 4745 1787 4833 instrumentnm3
1812 4758 1848 4818 et

420 4861 498 4911 cum
527 4843 701 4933 usquead
730 4854 866 4937 tempus
890 4844 1079 4914 verborum
1104 4863 1247 4913 suornm
1275 4843 1498 4935 hujusmodi,
1520 4842 1747 4935 inquisitores
1774 4865 1842 4916 suo

420 4937 529 5009 libere
545 4958 586 5008 ac
610 4939 753 5030 pacifice
771 4939 887 5013 ollicio
911 4951 1111 5026 uterentur,
1130 4962 1175 5010 cx
1203 4952 1285 5011 tunc
1314 4940 1498 5012 occasione
1518 4941 1733 5031 hujusmodi,
1754 4962 1843 5012 con·

419 5036 523 5106 citata
548 5035 692 5107 nimium
723 5050 758 5108 et
781 5038 1015 5110 scandalizata
1042 5038 1292 5110 communitate
1312 5038 1482 5131 predicta,
1505 5059 1574 5109 non
1600 5039 1772 5132 processit
1791 5039 1847 5110 in·
