4574 6404
437 666 510 738 258
725 680 888 734 amoram
914 680 1153 746 raomsmouts
1180 677 1343 750 anamma
1368 678 1580 731 rnavrrams.

440 861 546 934 quam
571 838 694 911 dicunt
712 859 790 910 esse
809 851 938 910 sectam
959 859 1084 924 suam,
1106 859 1255 931 amque
1274 858 1352 908 esse
1369 846 1532 907 asserunt
1558 836 1741 908 ecclesiam
1761 837 1870 910 ihesu

439 937 590 1025 Christi;
612 938 715 1007 aliam
736 958 823 1007 vero
842 936 1025 1007 ecclesiam
1058 947 1187 1007 vocant
1203 935 1411 1027 malignam,
1434 954 1540 1026 quam
1560 934 1683 1004 dicunt
1701 957 1779 1006 esse
1797 936 1870 1008 llo·

441 1055 578 1106 manum
592 1034 797 1119 Ecclesiam,
815 1054 964 1126 eamque
981 1034 1205 1129 impudenter
1222 1032 1400 1128 appellant
1417 1042 1562 1102 matrem
1583 1033 1869 1121 fornicationum,

443 1126 485 1231 [l‘
503 1131 571 1200 l30
585 1128 618 1230 c]
637 1130 840 1202 Babilonem
852 1151 1029 1223 magnam,
1048 1131 1266 1202 meretricem
1277 1142 1312 1202 et
1322 1128 1499 1200 basilicam
1510 1129 1654 1222 dyaboli
1669 1144 1704 1200 et
1716 1130 1872 1202 Sathauo

441 1250 680 1324 synagogam
702 1250 895 1320 omnesque
913 1229 1045 1319 gradus
1062 1239 1097 1299 et
1110 1229 1255 1299 ordines
1271 1247 1314 1301 ac
1331 1226 1571 1298 ordinationes
1589 1228 1666 1318 ejus
1685 1239 1720 1298 et
1738 1238 1870 1300 statuta

443 1327 642 1420 despiciunt
660 1337 695 1397 et
710 1328 918 1420 depravant,
939 1336 975 1397 et
993 1348 1116 1398 omnes
1137 1326 1198 1419 qui
1214 1323 1320 1396 fidem
1339 1325 1415 1416 ejus
1432 1335 1551 1395 tenent
1571 1325 1750 1418 appellant
1769 1326 1872 1398 here·

444 1425 532 1495 ticos
564 1436 600 1494 et
626 1435 802 1513 errantes3
832 1444 897 1494 uec
915 1423 1067 1517 aliquem
1096 1444 1199 1518 posse
1226 1423 1357 1493 salvari
1381 1423 1415 1493 iu
1444 1418 1515 1492 lide
1533 1422 1689 1494 llomane
1714 1422 1872 1495 Ecclesia

444 1522 693 1613 dogmatizant.
719 1520 830 1608 item,
860 1521 978 1592 omnia
997 1531 1214 1592 sacramenta
1240 1520 1396 1591 Romane
1417 1518 1570 1591 Ecclesia
1596 1519 1734 1591 Domini
1760 1521 1871 1592 ihesu

443 1618 587 1706 Christi,
616 1619 781 1690 videlicet
805 1618 1016 1690 eucharistie
1046 1640 1108 1690 seu
1135 1618 1274 1704 altaris,
1303 1637 1344 1688 ac
1372 1616 1536 1712 baptismi
1565 1617 1625 1708 qui
1651 1615 1689 1687 lit
1715 1619 1751 1688 iu
1778 1639 1871 1711 aqua

444 1717 635 1806 materiali,
657 1737 792 1788 necnon
818 1714 1094 1789 confirmationis
1116 1726 1152 1787 et
1169 1716 1305 1787 ordinis
1324 1726 1359 1786 et
1376 1724 1535 1787 extreme
1555 1715 1731 1787 unctionis
1752 1727 1788 1787 et
1808 1737 1871 1809 pe·

444 1814 591 1885 nitentie
610 1835 650 1884 ac
675 1814 887 1885 matrimonii
908 1816 999 1884 inter
1023 1814 1138 1885 virum
1159 1824 1194 1884 et
1214 1814 1418 1897 mulierem,
1443 1811 1646 1903 singillatim
1677 1825 1712 1884 et
1730 1813 1870 1904 singnis

443 1922 606 1982 asserunt
624 1932 703 1983 esse
717 1911 834 1981 inania
851 1921 956 2004 atque
975 1931 1085 1996 vaua;
1105 1922 1141 1981 et
1157 1909 1375 2001 confingunt,
1398 1921 1562 2002 tanquam
1581 1911 1697 1992 simle,
1715 1911 1869 2004 quedam

444 2008 511 2078 alia
530 2009 609 2081 locu
626 2011 781 2102 ipsorum
807 2031 876 2101 qoe
900 2009 1001 2101 quasi
1027 2009 1155 2079 similia
1178 2009 1389 2100 videantur,
1417 2005 1658 2099 confingentes
1685 2009 1761 2079 loco
1781 2009 1871 2103 bap·

444 2106 540 2176 tismi
555 2107 634 2176 iacti
649 2107 684 2176 in
699 2107 815 2199 aliqua
841 2105 892 2201 (l)
910 2127 1001 2199 aqua
1017 2104 1086 2201 (2),
1107 2107 1213 2175 alium
1233 2106 1450 2198 spiritualem
1472 2126 1576 2196 qrrem
1598 2117 1725 2176 vocant
1738 2105 1870 2179 Conso·

443 2201 634 2274 lamentum
654 2204 803 2297 Spiritus
821 2204 952 2289 Sancti,
972 2205 1114 2296 quando
1133 2204 1300 2274 videlicet
1319 2203 1491 2294 recipiunt
1506 2202 1659 2296 aliquam
1679 2224 1868 2295 personam

444 2303 481 2370 in
501 2304 651 2372 sanitate
671 2303 726 2372 vei
744 2306 780 2372 in
798 2300 1000 2372 infirmitate
1019 2302 1063 2372 ad
1082 2312 1213 2371 sectam
1232 2312 1267 2370 et
1285 2300 1444 2370 ordinem
1464 2321 1568 2369 suom
1597 2322 1658 2395 per
1676 2301 1872 2394 impositio·

442 2421 524 2471 nem
544 2420 708 2469 manuum
730 2400 924 2470 secundnm
945 2401 1048 2469 ritum
1069 2419 1170 2470 soum
1192 2397 1438 2469 execrabilem.
1461 2397 1552 2467 Loco
1572 2420 1657 2471 vero
1673 2399 1871 2469 consecrati

444 2498 544 2590 panis
572 2496 782 2568 eucharistie
804 2495 966 2589 Corporis
991 2495 1137 2583 Christi,
1168 2494 1373 2586 contingunt
1395 2496 1583 2588 quemdam
1609 2517 1734 2591 panem
1762 2518 1869 2589 quern

442 2594 620 2688 appellant
635 2615 758 2687 panem
783 2594 1006 2665 benedictum
1026 2617 1089 2665 seo
1104 2615 1227 2686 panem
1248 2606 1368 2664 sancte
1387 2593 1571 2677 orationis,
1593 2616 1698 2688 quem
1718 2596 1754 2662 in
1776 2594 1870 2688 prin-

442 2692 534 2785 cipio
553 2713 674 2762 mense
687 2714 751 2762 sue
770 2692 924 2763 tenendo
937 2692 972 2760 in
989 2692 1150 2762 manibus
1165 2691 1359 2762 secuudum
1377 2692 1481 2759 ritum
1498 2711 1621 2776 suom,
1637 2692 1866 2779 benedicunt,

441 2800 477 2861 et
494 2791 679 2882 frangunt,
700 2800 736 2860 et
751 2789 966 2860 distribuunt
984 2789 1227 2859 assistentibus
1247 2800 1282 2858 et
1301 2787 1526 2858 credentibus
1550 2791 1638 2860 sois.
1671 2789 1761 2860 Loco
1781 2810 1870 2861 vero

441 2888 650 2957 sacramenti
676 2887 899 2979 Penitencie,
922 2886 1045 2957 dicunt
1061 2907 1139 2957 esse
1160 2907 1278 2958 veram
1300 2886 1530 2978 penitenciam
1551 2887 1731 2981 suscipere
1756 2897 1792 2957 et
1818 2897 1871 2957 te·

441 3005 526 3054 uere
542 2995 672 3055 sectam
697 2996 732 3055 et
749 2985 908 3055 ordinem
929 3006 1050 3070 suom;
1069 2996 1104 3054 et
1122 2983 1395 3077 suscipientibus
1418 2982 1546 3052 dictam
1566 2994 1696 3054 sectam
1716 2995 1752 3055 et
1770 2983 1864 3055 ordi·

442 3102 544 3170 nem,
566 3082 694 3153 sivein
716 3079 918 3152 infirmitate
935 3082 1063 3152 sivein
1085 3082 1257 3167 sanitate,
1279 3081 1400 3151 dicunt
1415 3083 1531 3150 omnia
1554 3093 1695 3174 peccata
1716 3102 1794 3152 esse
1817 3082 1870 3151 di-

440 3179 546 3249 missa
561 3235 569 3266 ,
585 3190 620 3248 et
637 3179 723 3249 tales
738 3200 817 3251 esse
833 3179 1015 3250 absolutos
1032 3180 1077 3250 ab
1094 3179 1259 3250 omnibus
1279 3178 1431 3272 peccatis
1449 3178 1522 3247 suis
1547 3178 1624 3249 sine
1644 3200 1871 3272 quacumque

439 3275 507 3345 alia
534 3275 770 3348 satisfactione
795 3288 832 3346 et
864 3277 1129 3369 absqueetiam
1158 3277 1381 3347 restitutione
1403 3276 1432 3345 si
1463 3275 1633 3347 haberent
1660 3277 1793 3369 aliquid
1823 3277 1869 3347 de

438 3373 554 3445 alieno
576 3370 616 3471 [h
631 3373 699 3442 l30
717 3370 771 3471 dl,
789 3374 981 3445 dummodo
996 3385 1141 3445 servent
1158 3385 1288 3444 sectam
1306 3386 1341 3444 et
1355 3373 1515 3443 ordinem
1530 3373 1640 3456 illum,
1664 3387 1863 3446 asserentes

439 3491 478 3541 se
496 3493 603 3564 snper
621 3472 689 3541 hiis
708 3471 839 3542 habere
859 3482 1064 3564 potestatem
1085 3472 1245 3542 eamdem
1269 3481 1305 3542 et
1324 3481 1453 3540 tantam
1479 3483 1645 3563 quantam
1666 3469 1868 3543 habuerunt

438 3567 560 3640 Petrus
584 3580 619 3640 et
637 3569 763 3641 Paulus
792 3579 827 3639 et
850 3569 908 3638 alii
929 3569 1076 3663 apostoli
1095 3568 1232 3640 Domini
1251 3569 1358 3639 ihesu
1377 3567 1523 3654 Christi;
1545 3568 1702 3638 dicentes
1722 3570 1864 3640 conles·

439 3666 573 3738 sionem
603 3679 823 3762 peccatorum
850 3688 920 3759 que
946 3664 985 3735 lit
1010 3667 1251 3737 sacerdotibus
1276 3667 1432 3737 Romane
1464 3665 1617 3736 Ecclesia
1639 3665 1724 3736 nihil
1746 3668 1866 3738 valere

439 3766 578 3856 penitus
597 3765 642 3833 ad
662 3765 830 3848 salutem,
850 3786 913 3834 nec
931 3784 1076 3858 papam,
1094 3786 1159 3834 nec
1175 3764 1327 3856 aliquem
1348 3764 1456 3833 alium
1475 3763 1520 3833 de
1536 3763 1691 3833 Ecclesia
1707 3764 1865 3834 llomana

440 3858 570 3933 habere
590 3872 795 3954 potestatem
816 3862 1026 3932 absolvendi
1046 3862 1199 3954 aliquem
1216 3883 1236 3930 a
1257 3862 1420 3954 peccatis.
1439 3861 1529 3930 Looo
1549 3882 1636 3931 vero
1654 3863 1865 3932 sacramenti
1896 3885 1900 3893 ·

439 3959 651 4029 matrimonii
670 3960 818 4030 carnalis
839 3959 930 4029 inter
952 3960 1066 4028 virum
1088 3970 1122 4029 et
1142 3959 1338 4043 mulierem,
1360 3956 1565 4048 confingunt
1585 3979 1663 4028 esse
1681 3960 1867 4052 spirituale

439 4056 698 4127 matrimonium
720 4058 811 4127 iuter
825 4057 976 4126 animam
997 4068 1031 4126 et
1049 4055 1178 4140 Deum,
1198 4056 1341 4149 quando
1359 4054 1525 4126 videlicet
1542 4055 1607 4147 ipsi
1625 4055 1768 4126 heretici
1787 4078 1868 4150 per·

437 4154 516 4223 lecti
536 4176 598 4226 seu
619 4154 789 4225 consolati
809 4154 1146 4250 recipiuntlaliquem
1168 4154 1211 4224 ad
1232 4165 1361 4224 sectam
1386 4167 1420 4223 et
1440 4153 1600 4223 ordinem
1620 4175 1738 4223 suum.
1760 4153 1864 4240 ltem,

437 4253 712 4322 incarnationem
735 4251 871 4322 Domini
892 4250 998 4321 ihesu
1017 4250 1143 4321 Christi
1170 4272 1216 4322 ex
1244 4251 1350 4320 illaria
1376 4271 1515 4342 semper
1541 4251 1685 4342 Virgine
1712 4263 1867 4342 negant,

436 4363 634 4420 asserentes
655 4352 768 4442 ipsum
786 4372 854 4419 nou
871 4348 1038 4420 habuisse
1058 4370 1179 4419 verum
1200 4370 1327 4442 corpus
1348 4346 1540 4417 homanum
1562 4369 1627 4417 nec
1647 4370 1766 4419 veram
1788 4371 1867 4420 car·

435 4467 515 4515 nem
536 4446 689 4517 hominis
706 4447 797 4516 sicut
814 4446 944 4516 habent
962 4446 1070 4516 ceteri
1096 4444 1258 4516 homines
1286 4468 1330 4516 ex
1361 4456 1485 4515 natura
1506 4445 1673 4531 humana,
1697 4467 1760 4517 nec
1781 4468 1869 4518 vere

434 4543 543 4615 fuisse
565 4566 705 4638 passum
726 4565 767 4614 ac
787 4556 962 4615 mortuum
985 4545 1021 4612 iu
1053 4565 1177 4627 cruce,
1209 4565 1273 4614 nec
1293 4565 1376 4614 vere
1398 4543 1635 4613 resurrexisse
1654 4566 1674 4614 a
1696 4544 1863 4629 mortuis,

435 4662 499 4712 nec
519 4663 603 4712 vere
618 4643 819 4713 ascendisse
839 4642 874 4711 iu
892 4641 1006 4711 celum
1027 4663 1107 4710 cum
1125 4662 1272 4736 corpore
1291 4653 1326 4711 et
1345 4662 1450 4712 carue
1470 4639 1651 4724 humana,
1673 4651 1729 4713 set
1747 4643 1867 4713 omnia

433 4739 468 4808 in
487 4740 718 4810 similitudine
731 4741 818 4810 lacta
834 4740 955 4809 luisse.
977 4739 1076 4828 item,
1093 4740 1231 4810 beatam
1248 4739 1390 4809 lliariam
1409 4739 1587 4830 Virginem
1609 4752 1740 4831 negant
1755 4739 1868 4810 luisse

470 4992 507 5058 (l)
523 4991 565 5046 En
581 5009 689 5064 marga.

469 5061 507 5129 (8)
522 5067 601 5130 Aqua
615 5064 688 5119 dans
700 5064 727 5118 le
741 5067 903 5120 manuscrit
918 5063 979 5120 388.

1117 5694 1476 6000 ’Χ-
