4612 6404
435 677 506 747 276
723 696 885 749 Phaenica
911 696 1152 762 trtQtttsmoNts
1180 699 1343 754 rithmica
1368 701 1580 753 eutitianam.

439 852 545 923 clesia
567 854 779 937 destruetur,
804 867 885 925 tnnc
905 868 1008 925 erunt
1032 877 1156 948 magna
1177 858 1268 928 bella
1289 871 1323 928 et
1342 856 1402 929 fiet
1422 879 1546 950 magna
1565 869 1700 951 strages
1721 860 1869 953 populo·

435 972 513 1018 rnm
534 951 803 1022 christianorum
830 965 864 1022 et
888 953 1090 1023 destruetur
1114 966 1208 1026 tanta
1234 956 1420 1026 multitudo
1441 956 1596 1027 virorum
1621 957 1655 1027 in
1684 958 1777 1029 bello
1805 959 1867 1049 qui

435 1050 608 1119 carnalem
620 1049 1068 1140 ecclesiamdelendebant;
1089 1053 1198 1145 quod,
1218 1053 1303 1122 viris
1316 1054 1415 1145 qnasi
1428 1054 1593 1124 omnibus
1615 1058 1774 1138 mortniS,
1788 1078 1868 1126 mn-

435 1145 538 1216 lieres
561 1147 751 1217 christiane
770 1171 839 1239 que
859 1153 1092 1219 remanserint
1115 1172 1176 1243 pre
1199 1173 1319 1222 amore
1339 1162 1374 1221 et
1399 1153 1683 1243 concupiscentia
1704 1156 1866 1224 virorum

434 1245 729 1334 amplexabuntur
754 1247 920 1342 arbores3
947 1258 982 1317 et
1008 1248 1098 1318 circa
1128 1248 1191 1318 hec
1219 1249 1427 1341 quamplura
1460 1249 1528 1319 alia
1554 1250 1711 1322 labulosa
1742 1250 1868 1321 dicunt

433 1361 503 1431 que
530 1343 694 1434 leguntur
721 1345 755 1412 in
778 1345 915 1435 postilla
940 1345 1095 1438 predicta
1125 1347 1235 1438 posita
1258 1347 1292 1414 in
1317 1347 1467 1437 vulgari.
1493 1347 1600 1430 ltem,
1623 1348 1745 1418 dicunt
1771 1348 1869 1439 quod

434 1451 513 1528 post
540 1442 688 1512 ecclesie
717 1442 867 1512 carnalis
898 1443 1172 1513 destructionem
1205 1445 1349 1515 uenient
1373 1444 1553 1514 Sarraceni
1584 1457 1618 1515 et
1645 1447 1868 1539 occupabunt

436 1548 561 1607 terram
584 1539 856 1611 christianorum
874 1554 909 1612 et
929 1540 1110 1610 intrabunt
1131 1554 1247 1633 partes
1268 1541 1352 1612 istas
1372 1543 1471 1633 regni
1493 1537 1533 1637 [p
1555 1539 1623 1612 lla
1646 1539 1680 1641 a]
1700 1543 1866 1630 Francis,

435 1632 601 1707 videlicet
629 1660 690 1729 per
711 1638 928 1725 Narbonem,
951 1650 986 1708 et
1009 1640 1199 1709 abolentur
1219 1639 1425 1709 mulieribus
1443 1639 1661 1723 christianis,
1684 1651 1719 1710 el
1740 1640 1867 1711 multas

434 1733 593 1822 captivas
614 1737 744 1806 ducent
764 1749 801 1805 ut
816 1739 1006 1806 abutantur
1021 1737 1092 1823 eis,
1113 1748 1148 1807 et
1165 1736 1258 1806 istud
1278 1737 1400 1806 dicunt
1413 1737 1520 1807 luisse
1541 1739 1736 1807 revelatum
1754 1758 1774 1806 a
1793 1738 1866 1810 Deo

434 1827 533 1897 fratri
557 1832 657 1904 Petro
681 1834 849 1904 Iohannis
874 1839 908 1903 in
929 1835 1104 1904 Narbona.
1127 1835 1233 1918 ltem,
1255 1834 1375 1904 dicunt
1395 1835 1489 1926 qnod
1515 1847 1671 1927 tempore
1696 1857 1865 1928 persecu·

437 1926 541 1997 tionis
565 1941 631 2000 tam
653 1931 880 2003 Anti-Christi
900 1953 1005 2024 quam
1027 1933 1261 2025 predictorum
1284 1932 1454 2002 bellorum
1472 1932 1518 2001 ila
1537 1932 1737 2023 affligentur
1756 1932 1889 2016 chris-y

436 2022 521 2093 liani
547 2031 705 2101 carnales
731 2031 826 2122 quod
859 2032 1035 2123 desperati
1064 2031 1181 2100 dicent
1205 2031 1299 2123 quod
1327 2031 1357 2100 si
1381 2029 1537 2100 Christus
1566 2042 1660 2100 esset
1682 2033 1775 2101 Deus
1797 2052 1867 2102 non

435 2124 652 2210 permitteret
671 2130 765 2220 quod
786 2128 966 2198 christiani
987 2141 1081 2198 tanta
1106 2141 1141 2197 et
1161 2130 1241 2198 talia
1264 2124 1465 2219 paterentur
1483 2128 1590 2215 mala;
1612 2139 1648 2198 et
1665 2131 1716 2198 sic
1737 2129 1866 2221 despe-

435 2221 500 2289 rati
520 2227 768 2314 apostatabunt
782 2248 802 2296 a
818 2225 887 2297 lide
904 2237 939 2295 et
959 2227 1172 2310 morientur,
1190 2238 1243 2295 set
1258 2227 1349 2295 Deus
1365 2227 1556 2296 abscondet
1579 2226 1754 2318 predictos
1768 2226 1868 2297 viros

433 2319 634 2407 spirituales
653 2324 796 2406 electos,
814 2346 858 2394 ne
877 2345 937 2417 per
958 2324 1231 2393 Anti-Christum
1251 2337 1287 2394 el
1307 2324 1484 2394 ministros
1498 2345 1583 2394 suos
1603 2324 1746 2393 valeant
1765 2323 1868 2394 inve·

435 2414 500 2484 niri
511 2442 521 2504 ;
542 2431 576 2490 et
594 2432 675 2490 tunc
695 2421 848 2492 Ecclesia
868 2422 1054 2492 reducetur
1067 2421 1111 2490 ad
1127 2443 1312 2492 numerum
1329 2442 1555 2513 personarum
1575 2421 1694 2513 inquo
1712 2441 1867 2492 numero

434 2510 499 2582 luit
522 2516 666 2590 lundata
684 2521 830 2591 ecclesia
859 2519 1052 2612 primitiva,
1076 2521 1122 2589 ita
1146 2521 1240 2610 quod
1265 2520 1327 2590 vix
1358 2519 1589 2590 remanebunt
1612 2518 1801 2588 duodecim
1826 2519 1866 2588 in

434 2613 562 2700 quibus
591 2618 736 2689 ecclesia
770 2617 974 2689 fundabitur
1003 2629 1038 2688 et
1066 2617 1194 2709 quibus
1223 2616 1426 2687 infundetur
1457 2617 1606 2710 Spiritus
1641 2616 1791 2686 Sanctus
1829 2616 1867 2685 in

435 2714 553 2801 equali
583 2714 638 2783 vel
664 2713 785 2808 ma'jnri
815 2716 1057 2786 habundancia
1085 2736 1190 2807 quam
1211 2716 1315 2784 luerit
1334 2714 1470 2784 inlusus
1495 2736 1601 2808 snper
1631 2714 1810 2807 apostolos
1831 2714 1870 2784 in

435 2810 584 2883 ecclesia
604 2814 797 2904 primitiva,
818 2815 909 2885 sicut
927 2814 1089 2906 superins
1113 2825 1167 2883 est
1187 2825 1391 2906 pretaotum.
1414 2813 1513 2903 item,
1535 2811 1655 2881 dicnnt
1675 2810 1770 2903 quod
1789 2822 1871 2903 post

436 2921 581 2980 mortem
605 2909 829 2982 Anti-Christi
850 2912 934 2982 dicti
955 2913 1021 2981 viri
1046 2912 1245 3003 spirituales
1264 2920 1472 2979 convertent
1497 2920 1606 2981 totum
1628 2909 1798 2978 mundum
1822 2908 1872 2979 ad

434 3001 538 3077 fidem
559 3006 708 3095 Christi,
730 3023 765 3081 et
789 3023 881 3080 totus
903 3009 1055 3078 mundns
1082 3009 1148 3079 erit
1175 3011 1289 3079 bonus
1317 3019 1352 3076 et
1379 3008 1552 3098 benignus
1575 3008 1621 3076 ita
1648 3007 1742 3098 quod
1771 3006 1872 3077 nulla

436 3103 570 3175 malicia
595 3107 648 3175 rel
676 3120 855 3201 peccatum
883 3107 950 3178 erit
977 3108 1011 3174 in
1034 3106 1235 3178 hominibus
1260 3105 1353 3174 illins
1373 3117 1507 3190 status,
1530 3105 1596 3174 nisi
1616 3106 1705 3174 lorte
1724 3115 1872 3197 peccata

436 3205 587 3272 venialia
614 3205 649 3273 in
678 3207 876 3297 aliquibus,
899 3216 934 3275 et
959 3207 1075 3275 omnia
1106 3217 1209 3273 erunt
1232 3204 1431 3274 communia
1450 3202 1566 3294 quoad
1593 3223 1717 3290 usum,
1739 3213 1774 3271 et
1798 3222 1871 3271 non

435 3298 501 3368 erit
520 3302 647 3392 aliquis
666 3304 727 3396 qui
747 3304 904 3375 ollendat
924 3303 1033 3372 alium
1050 3302 1105 3372 vel
1125 3301 1287 3372 sollicitet
1306 3301 1350 3370 ad
1370 3311 1567 3393 peccatum,
1590 3300 1671 3391 qnia
1693 3299 1873 3368 maximus

433 3415 531 3467 amor
550 3401 719 3471 eritinter
739 3424 812 3476 eos.
836 3414 871 3471 et
885 3392 959 3470 'erit
979 3413 1061 3469 tnnc
1081 3422 1188 3469 unum
1209 3397 1304 3470 ovile
1323 3411 1358 3468 et
1379 3419 1468 3468 nnus
1490 3407 1627 3490 pastor;
1650 3408 1685 3467 et
1705 3397 1783 3466 talis
1804 3396 1873 3467 ho·

435 3497 566 3565 minnm
585 3509 696 3568 status
714 3513 748 3570 et
767 3499 922 3570 conditio
943 3498 1084 3567 durabit
1099 3497 1293 3567 secundnm
1311 3495 1448 3587 aliquos
1467 3518 1512 3566 ex
1533 3495 1617 3586 ipsis
1638 3517 1699 3586 per
1722 3505 1871 3564 centnm

433 3614 566 3681 annos;
590 3597 733 3683 deinde,
758 3598 1090 3682 deficienteamore,
1114 3596 1279 3685 paulatim
1298 3594 1584 3684 subingredietur
1604 3592 1758 3677 malicia,
1782 3604 1818 3661 et
1833 3594 1875 3661 in

438 3703 572 3761 tantum
596 3689 637 3789 pp>
661 3691 728 3762 148
756 3691 791 3791 b]
827 3705 1007 3764 excrescet
1031 3693 1208 3786 paulative
1230 3691 1325 3783 quod
1344 3690 1500 3761 Christus
1522 3702 1662 3782 propter
1681 3710 1875 3759 excessum

438 3790 573 3859 malicie
593 3795 693 3882 qnasi
709 3803 854 3882 cogetur
871 3791 994 3861 venire
1008 3790 1174 3881 generale
1192 3790 1236 3859 ad
1254 3788 1419 3879 juditium
1441 3788 1612 3861 omnium.
1634 3788 1733 3872 ltem,
1751 3788 1875 3876 gravi-

388 3890 392 3897 '
435 3900 486 3956 ter
507 3902 542 3957 et
563 3891 798 3980 ignominiose
827 3889 1037 3960 oblocuntnr
1059 3899 1178 3959 contra
1205 3887 1385 3957 dominum
1413 3886 1539 3978 Papam
1566 3885 1735 3954 vicarium
1759 3883 1875 3955 ihesu

432 3983 573 4068 Christi,
595 4008 700 4079 quem
717 3989 810 4057 sient
825 3986 938 4056 insani
958 3999 1074 4057 mente
1093 3997 1127 4056 et
1141 3984 1342 4069 scismatici,
1363 3998 1490 4053 vocant
1504 3996 1539 4053 et
1555 3983 1676 4052 dicunt
1693 4003 1770 4051 esse
1788 3983 1875 4052 mis-

439 4083 543 4151 ticum
554 4084 822 4155 Anti-Cbristum
841 4083 1228 4174 maj0rishntiChristi,
1244 4103 1483 4175 precursorem
1496 4093 1530 4151 et
1543 4080 1875 4172 preparatoremvie

434 4182 523 4268 ejus.
540 4182 638 4260 ltem,
658 4197 874 4253 vocanteum
887 4183 1006 4274 lupum
1019 4201 1180 4273 rapacem
1192 4201 1212 4249 a
1224 4178 1387 4249 fidelibus
1398 4178 1602 4249 evitandum
1614 4190 1649 4246 et
1659 4174 1873 4269 prophetam

414 4277 567 4347 'luscum
587 4304 649 4349 sen
669 4301 814 4362 cecum,
838 4292 872 4349 et
894 4279 1069 4372 Caypham
1094 4276 1297 4373 pontificem
1318 4276 1378 4368 qni
1398 4276 1571 4346 Christum
1593 4277 1871 4363 condemnavit,

433 4386 469 4443 et
491 4375 662 4447 Herodem
684 4379 743 4469 qui
769 4377 942 4447 Christum
971 4376 1154 4446 illudendo
1183 4376 1329 4458 derisit,
1348 4378 1452 4465 qnia,
1475 4385 1512 4443 nt
1531 4373 1669 4458 dicunt,
1689 4374 1763 4465 ipse
1783 4392 1874 4442 con-

432 4471 598 4566 dempnat
617 4477 723 4545 vitam
744 4475 868 4545 Christi
890 4489 926 4544 et
945 4475 1083 4544 deridet
1101 4473 1276 4543 Christum
1297 4475 1334 4541 in
1354 4472 1570 4564 pauperibus
1590 4469 1676 4540 suis.
1698 4470 1797 4555 ltem,
1818 4469 1875 4563 ip-

432 4591 509 4639 sum
530 4575 651 4643 dicunt
666 4595 744 4643 esse
760 4594 882 4666 aprum
908 4572 953 4642 de
977 4573 1067 4642 silva
1090 4583 1125 4641 et
1143 4571 1357 4661 singularem
1383 4570 1494 4639 lerum
1513 4568 1809 4639 exterminantem
1833 4579 1874 4640 et

434 4667 671 4742 destruentem
692 4671 877 4740 maceriam
894 4692 957 4740 sen
973 4670 1171 4740 clausuram
1188 4668 1343 4739 Ecclesie
1358 4667 1434 4751 Dei,
1454 4669 1501 4736 ita
1522 4667 1609 4735 utin
1635 4686 1711 4735 eam
1731 4667 1873 4757 possint

433 4765 568 4855 ingredi
589 4790 694 4840 canes
713 4783 748 4839 et
768 4769 883 4862 porci,
905 4768 942 4838 id
964 4779 1016 4838 est
1037 4767 1196 4838 homines
1210 4766 1270 4858 qui
1292 4765 1539 4857 perlectionem
1562 4763 1634 4834 vite
1653 4761 1869 4852 evangelice

432 4862 624 4936 dilacerant
649 4879 683 4936 et
705 4866 928 4951 conculcant,
950 4878 986 4935 et
1009 4865 1130 4935 dicunt
1149 4864 1245 4956 quod
1265 4863 1341 4957 plus
1361 4863 1441 4932 lecit
1462 4862 1506 4932 de
1534 4861 1680 4932 maloin
1705 4859 1872 4932 Ecclesia

431 4981 535 5049 qrram
563 4986 685 5036 omnes
708 4963 851 5034 heretici
880 4962 1128 5055 precedentes,
1150 4964 1232 5053 qnia
1254 4971 1412 5051 tempore
1436 4959 1671 5029 hereticorum
1695 4957 1869 5028 manebat

432 5056 584 5132 Ecclesia
605 5063 748 5132 instato
768 5081 846 5148 sno,
869 5080 962 5130 nunc
977 5079 1062 5130 vero
1084 5071 1240 5151 tempore
1258 5056 1335 5149 ejus
1353 5077 1423 5126 non
1440 5057 1582 5127 videtur
1605 5077 1684 5127 esse
1706 5054 1869 5127 Ecclesia
