4612 6404
436 675 507 745 526
724 691 890 747 runcum
914 689 1156 758 momsrrrorus
1183 688 1347 742 nmmrcs
1372 688 1586 741 ruuvrrurrs.

437 852 531 922 tivos
551 862 586 920 et
604 850 752 920 nuncios
771 869 915 934 eorum,
933 848 1230 942 quandocumque
1252 860 1288 919 et
1303 848 1517 940 ubicumque
1535 848 1676 919 scivero
1695 870 1778 919 esse
1798 869 1875 942 pre

437 948 550 1021 dictos
568 949 624 1019 vel
645 949 796 1040 aliquem
818 947 863 1016 de
884 946 1062 1039 predictis.
1084 946 1184 1031 ltem,
1201 947 1283 1037 juro
1302 958 1409 1038 atque
1429 949 1594 1038 promitto
1615 968 1671 1017 me
1697 958 1823 1017 tenere
1839 958 1876 1018 et

436 1068 582 1118 servare
609 1067 650 1116 ec
675 1046 867 1115 defendere
894 1043 999 1114 fidem
1025 1044 1233 1117 catholicam
1261 1066 1365 1136 quam
1395 1056 1514 1114 sancta
1539 1044 1695 1114 Romana
1719 1045 1878 1116 Ecclesia

437 1145 596 1239 predicat
615 1155 650 1213 et
669 1144 849 1214 observet.
871 1142 971 1230 Item,
997 1142 1081 1233 juro
1098 1155 1205 1235 atque
1226 1143 1390 1234 promitto
1409 1142 1556 1213 obedire
1572 1154 1607 1212 et
1626 1164 1753 1234 parere
1778 1163 1878 1212 man·

437 1244 529 1312 datis
548 1241 702 1312 Ecclesie
722 1252 757 1311 et
778 1241 1023 1332 inquisitorum
1047 1251 1081 1310 et
1099 1240 1223 1313 venire
1240 1241 1284 1310 ed
1306 1240 1399 1309 diem
1420 1250 1456 1308 et
1474 1240 1551 1310 dies
1570 1261 1687 1311 coram
1710 1241 1800 1333 ipsis
1821 1239 1880 1311 vel

437 1362 558 1411 eorum
585 1339 660 1411 loca
682 1339 903 1424 tenentibus,
926 1338 1222 1430 quandocumque
1244 1351 1279 1407 et
1302 1340 1626 1430 quocienscumque
1651 1340 1752 1409 luero
1779 1360 1881 1408 man·

436 1440 540 1508 detus
566 1460 629 1508 seu
651 1437 841 1528 requisitus
863 1436 908 1505 ab
926 1438 977 1506 eis
998 1458 1059 1528 per
1080 1438 1245 1507 nuncium
1268 1436 1323 1506 vel
1346 1436 1496 1505 litteram
1521 1437 1575 1506 vel
1598 1437 1704 1521 alias,
1727 1448 1764 1505 et
1784 1458 1879 1506 nnn·

436 1558 542 1628 quam
564 1537 686 1627 lugere
706 1556 770 1604 ueo
791 1556 846 1604 me
866 1535 1019 1604 scienter
1038 1544 1072 1604 et
1088 1533 1342 1606 contumaciter
1359 1533 1568 1618 absentare,
1586 1545 1622 1606 et
1639 1533 1826 1626 suscipere
1843 1547 1882 1605 et

436 1635 614 1726 complere
642 1653 705 1725 pro
731 1653 834 1725 posse
859 1654 938 1703 meo
964 1653 1089 1728 penam
1116 1654 1179 1702 seu
1206 1632 1433 1726 penitentiam
1460 1654 1565 1723 quam
1595 1631 1679 1701 mihi
1708 1632 1882 1703 duxerint

435 1732 709 1822 injungendam,
729 1743 765 1800 et
784 1731 828 1799 ad
850 1730 915 1799 heo
934 1729 1053 1818 obligo
1074 1751 1129 1798 me
1149 1741 1184 1799 et
1203 1731 1321 1801 omnia
1342 1729 1432 1799 bona
1456 1752 1546 1800 mea.

485 1830 665 1899 Predictus
689 1851 774 1899 vero
796 1828 887 1908 talis,
907 1828 1038 1896 ibidem
1059 1829 1093 1896 in
1110 1826 1241 1917 juditio
1260 1828 1581 1912 consuescerem
1604 1830 1740 1921 prelato
1759 1830 1877 1921 inqui·

438 1931 566 2011 sitore,
598 1926 829 1996 sacrosanctis
853 1924 1055 2015 Evangeliis
1083 1926 1142 1995 Dei
1176 1925 1298 2017 positis
1328 1947 1445 1996 coram
1473 1929 1551 2018 ipso
1579 1939 1614 1996 et
1644 1928 1879 2019 corporaliter

438 2047 543 2096 meuu
565 2026 678 2105 tactis,
692 2023 794 2093 llexis
812 2025 975 2115 genibus,
988 2023 1166 2113 abjuravit
1186 2024 1325 2115 penitus
1342 2045 1481 2095 omnem
1504 2024 1655 2094 heresim
1677 2037 1712 2094 et
1732 2047 1876 2095 omnem

435 2123 649 2194 credentiam
674 2122 906 2192 hereticorum
926 2123 1179 2212 cujuscumque
1198 2131 1293 2191 secte
1313 2122 1502 2214 dampnate
1523 2145 1584 2215 per
1600 2123 1791 2192 Ecclesiam
1808 2123 1877 2194 llo-

436 2243 591 2305 manam,
611 2232 646 2289 et
662 2220 861 2312 specialiter
876 2219 954 2288 talis
973 2218 1029 2288 vel
1055 2219 1133 2288 talis
1152 2230 1247 2288 secte
1265 2217 1537 2313 (exprimetur),
1560 2231 1595 2290 et
1614 2242 1756 2290 omnem
1775 2222 1876 2290 lavo·

436 2341 510 2391 rem
528 2331 563 2388 et
581 2319 853 2409 receptatiouem
865 2314 906 2411 [l0
923 2313 1037 2414 illia]
1049 2328 1083 2387 et
1098 2317 1338 2386 delensionem
1355 2339 1395 2386 ec
1412 2318 1713 2411 participationem
1731 2340 1872 2404 eorum,

435 2418 502 2488 sub
523 2437 610 2509 pena
631 2436 700 2507 que
721 2414 765 2483 de
785 2415 866 2503 jure
886 2416 1036 2484 debetur
1054 2415 1200 2506 relapsis
1219 2415 1254 2483 in
1276 2414 1426 2484 heresim
1448 2419 1483 2486 in
1500 2416 1630 2505 juditio
1655 2417 1870 2506 abjuratam.

435 2516 536 2600 ltem,
562 2513 697 2607 jurarit
719 2524 825 2603 atque
846 2513 1005 2604 promisit
1021 2534 1060 2582 se
1080 2533 1143 2605 pro
1168 2533 1271 2604 posse
1294 2533 1360 2582 suo
1379 2514 1541 2605 persequi
1562 2525 1597 2582 et
1616 2515 1786 2603 delegere
1809 2536 1875 2585 seu

436 2613 615 2693 revelare,
636 2620 672 2679 et
691 2611 805 2679 lacere
825 2611 901 2702 capi
922 2621 958 2679 et
976 2611 1076 2679 reddi
1099 2610 1364 2701 inquisitoribus
1386 2610 1539 2681 heretice
1560 2613 1745 2702 prauitatis
1766 2612 1873 2682 here·

436 2711 524 2780 ticos
548 2710 802 2799 cujuscumque
828 2720 922 2777 secte
949 2708 1160 2800 dampnate,
1181 2722 1216 2777 el
1235 2708 1434 2800 specialiter
1458 2709 1536 2779 talis
1557 2710 1612 2778 uel
1637 2709 1715 2778 talis
1733 2708 1876 2802 (estpri-

435 2806 588 2900 motur),
612 2818 646 2874 et
663 2808 848 2876 credentes
868 2818 903 2874 et
923 2806 1075 2875 lautores
1096 2816 1130 2874 et
1151 2818 1386 2898 receptatores
1404 2827 1445 2875 ao
1465 2806 1670 2878 delensores
1691 2829 1818 2877 eorum
1840 2820 1876 2878 et

436 2909 540 2976 etiam
561 2906 638 2972 illos
656 2925 745 2993 quos
764 2904 869 2972 sciret
888 2905 942 2973 uel
962 2903 1123 2973 crederet
1143 2925 1205 2995 pro
1224 2903 1338 2972 heresi
1356 2904 1552 2993 legittivos,
1570 2905 1872 2998 quandocumque

436 3015 471 3074 et
497 3005 711 3091 ubicumque
730 3000 873 3069 sciverit
892 3023 970 3071 esse
991 3001 1166 3093 predictos
1186 3001 1241 3070 vel
1262 3001 1414 3092 aliquem
1430 3002 1474 3071 de
1495 3003 1673 3094 predictis.
1695 3004 1796 3087 ltem,
1815 3008 1877 3094 ju·

435 3105 528 3171 ravit
551 3112 656 3189 atque
677 3098 836 3190 promisit
853 3119 892 3168 se
913 3109 1033 3168 tenere
1053 3109 1088 3167 et
1105 3119 1248 3168 servare
1268 3117 1309 3167 ae
1329 3099 1521 3169 defendere
1539 3100 1643 3171 iidem
1663 3101 1875 3172 catholicam

435 3220 539 3291 quam
579 3208 698 3265 sancta
736 3196 890 3264 Romana
928 3195 1082 3265 Ecclesia
1116 3195 1272 3287 predicat
1310 3208 1344 3265 et
1376 3198 1554 3268 observat.
1597 3199 1700 3282 ltem,
1739 3199 1876 3289 jurarit

435 3308 470 3366 et
490 3294 649 3388 promisit
670 3314 792 3385 parere
812 3294 985 3364 mandatis
1005 3293 1158 3363 Ecclesie
1180 3303 1215 3363 et
1238 3293 1485 3384 inquisitorum
1506 3307 1541 3363 et
1562 3297 1683 3367 venire
1709 3299 1756 3365 ad
1777 3298 1874 3367 diem

436 3409 471 3464 et
495 3397 569 3463 dies
596 3413 711 3460 corum
740 3391 824 3483 ipsis
854 3393 910 3460 vel
938 3413 1059 3462 eorum
1090 3392 1367 3460 locatenentibus
1394 3394 1690 3485 quandocumque
1718 3410 1752 3463 et
1782 3416 1874 3486 quo·

436 3493 686 3581 cienscumque
710 3490 815 3557 luerit
841 3491 1026 3559 mandatus
1052 3511 1115 3559 seu
1140 3492 1329 3580 requisitus
1356 3511 1417 3582 per
1444 3492 1611 3560 nuncium
1638 3493 1693 3560 vel
1719 3492 1873 3563 litteram

431 3590 609 3682 ipsorum,
636 3586 689 3655 rel
716 3587 822 3680 alias,
843 3599 878 3657 et
905 3609 1083 3679 nunquam
1114 3589 1235 3677 lugere
1255 3608 1319 3656 uec
1336 3608 1375 3656 se
1394 3589 1546 3657 scienter
1565 3600 1600 3658 et
1619 3592 1877 3661 contumaciter

431 3689 638 3771 absentare,
662 3696 698 3754 et
716 3687 896 3778 suscipere
917 3696 953 3755 et
970 3686 1147 3778 complere
1167 3706 1229 3777 pro
1249 3705 1354 3777 posse
1378 3707 1442 3754 suo
1467 3707 1591 3781 penam
1617 3709 1681 3757 seu
1706 3689 1873 3778 peniten-

432 3787 515 3855 tiam
536 3806 640 3877 quam
661 3783 728 3852 sibi
749 3783 917 3853 duxerint
942 3783 1215 3874 injungendam,
1236 3795 1271 3852 et
1293 3783 1337 3853 ad
1360 3783 1424 3853 heo
1444 3785 1616 3874 obligavit
1635 3806 1674 3855 se
1694 3797 1730 3854 et
1749 3788 1873 3857 omnia

431 3883 620 3954 bonasua.

481 3982 523 4051 Et
541 3981 592 4050 sic
608 3981 786 4072 predictus
803 3978 881 4050 talis
897 3980 961 4048 luit
979 3980 1108 4049 ibidem
1128 4002 1190 4072 per
1206 3979 1338 4049 dictum
1358 3979 1600 4070 inquisitorem
1621 3980 1878 4052 reconsiliatus

432 4090 468 4148 et
486 4078 680 4149 secundum
700 4077 1007 4148 lormamEeclesie
1021 4077 1066 4146 ab
1077 4077 1633 4148 excommunicationissententia
1645 4089 1768 4149 contra
1784 4080 1875 4150 tales

432 4176 502 4246 lata
519 4197 537 4244 a
556 4196 691 4246 canone
711 4175 916 4258 absolutus,
934 4175 963 4243 si
985 4186 1100 4244 tamen
1119 4176 1165 4245 de
1181 4174 1287 4245 corde
1307 4174 1400 4243 bono
1420 4187 1455 4243 et
1473 4172 1542 4245 tide
1561 4197 1629 4245 nou
1651 4174 1730 4247 ficta
1749 4176 1796 4246 ad
1816 4199 1877 4247 ec-

432 4273 661 4343 clesiasticam
684 4273 827 4343 redierit
848 4273 1016 4342 unitatem
1036 4267 1076 4367 [p
1098 4272 1166 4340 ⁴76
1187 4268 1223 4369 b]
1242 4284 1278 4342 et
1298 4272 1460 4341 mandata
1482 4273 1548 4341 sibi
1570 4276 1725 4363 injuncta
1744 4293 1872 4344 serva-

432 4372 525 4441 verit
544 4381 578 4440 et
598 4372 736 4462 plenam
756 4383 792 4441 et
818 4392 948 4440 meram
972 4370 1017 4440 de
1042 4372 1132 4440 lacto
1157 4369 1291 4439 heresis
1314 4369 1360 4439 de
1383 4391 1422 4439 se
1444 4382 1480 4440 et
1506 4370 1551 4440 de
1576 4372 1654 4442 aliis
1679 4371 1870 4442 confessus

434 4470 540 4538 luerit
561 4469 761 4538 veritatem.

483 4567 554 4638 Hec
573 4566 736 4658 deposuit
754 4578 790 4636 et
808 4566 967 4660 predicto
987 4566 1092 4636 modo
1111 4566 1304 4655 abjuravit,
1319 4566 1524 4657 juravitque
1541 4577 1577 4635 et
1598 4566 1768 4658 premissa
1791 4589 1875 4660 pro·

434 4665 542 4750 misit,
566 4685 659 4734 anno
676 4677 712 4733 et
731 4665 789 4735 die
807 4676 842 4734 et
859 4665 936 4736 loco
956 4665 1098 4757 prelatis
1114 4683 1230 4734 eoram
1251 4666 1386 4757 prelato
1406 4665 1614 4755 inquisitore
1634 4667 1669 4733 in
1691 4666 1874 4756 presentia

433 4775 470 4833 et
487 4762 687 4832 testimonio
707 4763 826 4832 talium
847 4763 912 4848 N.,
931 4776 1022 4856 eto,
1040 4776 1075 4832 et
1098 4762 1165 4832 mei
1186 4762 1265 4832 talis
1284 4762 1350 4847 N.,
1374 4763 1499 4832 notarii
1525 4762 1786 4853 inquisitionis,
1808 4764 1872 4854 qui

435 4881 581 4952 presens
597 4862 740 4930 interlui
755 4872 791 4931 et
810 4862 934 4953 scripsi
952 4872 988 4930 et
1004 4861 1134 4952 recepi.

482 4958 518 5027 Si
539 4979 623 5027 vero
650 4959 805 5028 notarius
831 4959 991 5051 publicus
1015 4959 1163 5029 comode
1186 4957 1308 5026 haberi
1334 4979 1403 5026 non
1424 4960 1555 5050 possit,
1578 4957 1805 5028 subscribant
1829 4979 1871 5028 se

434 5055 511 5125 loco
531 5054 655 5125 notarii
676 5056 746 5124 due
765 5077 915 5149 persone
935 5057 1098 5145 religiose
1116 5075 1186 5146 que
1204 5065 1387 5147 presentes
1406 5055 1535 5123 luerint
1553 5055 1589 5123 in
1611 5055 1780 5149 predictis
1801 5055 1871 5127 hoc
