4574 6404
907 650 1012 702 rurus
1037 651 1135 703 rans.
1227 669 1232 680 ·
1719 638 1740 706 7

308 805 447 898 possitis
467 807 676 899 reprehendi
700 802 741 903 [l‘
759 805 780 875 l
799 805 836 906 d]
858 808 903 879 de
922 808 1134 900 negligentia
1149 808 1205 879 vel
1222 808 1380 893 delectu,
1397 819 1452 879 set
1469 811 1585 903 potius
1600 810 1646 880 de
1662 810 1738 901 zelo

306 902 386 975 fidei
405 915 441 975 et
459 903 660 975 obedientia
681 905 805 976 merito
819 906 1072 978 commendari.
1085 908 1209 976 Datum
1225 906 1389 993 Tholose,
1407 918 1493 1000 etc,
1511 908 1738 1001 presentibus

306 1016 384 1095 post
404 1001 508 1073 talem
529 1002 623 1073 diem
644 1003 788 1073 minime
809 1003 985 1075 valituris.

304 1229 337 1292 7.
363 1231 496 1295 Forma
510 1231 695 1295 scribendi
710 1233 756 1296 ad
772 1232 991 1312 capiendum
1003 1249 1182 1313 personas
1196 1249 1262 1314 per
1276 1232 1437 1313 aliquem
1452 1234 1499 1297 ed
1515 1232 1582 1332 hec
1597 1235 1737 1313 speeie-

854 1340 941 1403 liter
958 1342 1186 1421 deputatum.

351 1529 872 1616 FraterBernardusGuidonis,
885 1531 964 1603 ord.
985 1531 1138 1618 Prodic,
1151 1533 1352 1624 inquisitor,
1370 1543 1455 1617 etc.,
1469 1531 1607 1602 dilectis
1617 1530 1685 1601 sibi
1703 1531 1738 1600 in

302 1627 438 1698 Christo
455 1628 581 1718 bajulis
595 1639 630 1698 et
646 1629 846 1699 castellanis
857 1628 912 1699 vel
927 1650 1049 1700 eorum
1064 1630 1138 1700 loca
1157 1631 1371 1717 tenentibus,
1384 1651 1425 1700 ac
1437 1629 1515 1699 aliis
1528 1627 1738 1700 officialibus

303 1725 727 1818 quibuscumquedomini
741 1727 851 1796 nostri
860 1727 968 1817 regis,
987 1748 1122 1798 necnon
1135 1727 1389 1798 omnibusaliis
1402 1727 1555 1799 dominis
1575 1726 1739 1796 villarum

301 1844 365 1894 seu
385 1824 542 1894 locorum
563 1822 845 1912 jurisdictionem
867 1824 1098 1912 habentibus,
1122 1825 1165 1895 ad
1191 1847 1281 1918 quos
1309 1837 1490 1918 presentes
1515 1825 1633 1894 littere
1659 1846 1738 1918 per—

304 1921 479 2006 venerint,
498 1921 647 1992 salutem
665 1922 829 1991 iunctore
847 1919 929 1992 fidei
942 1923 1090 1994 Domino
1105 1923 1212 1993 lbesu
1229 1922 1379 1993 Christo.
1393 1920 1532 1991 -Cum
1553 1921 1739 1993 nosdede·

304 2019 413 2088 rimus
433 2019 467 2087 in
489 2019 665 2089 mandetis
684 2018 812 2089 dilecto
831 2040 872 2089 ac
891 2018 986 2090 fideli
1008 2033 1128 2092 nostro
1151 2020 1209 2090 tuli
1229 2022 1270 2093 N.
1288 2020 1449 2114 capiendi
1470 2018 1640 2112 quasdam
1662 2041 1740 2112 per·

303 2137 408 2188 sonas
428 2137 505 2188 reas
524 2137 587 2187 seu
607 2117 800 2209 culpabiles
820 2116 865 2187 de
884 2118 977 2187 lacto
996 2117 1152 2203 heresis,
1175 2119 1267 2189 sicut
1287 2118 1388 2189 nohis
1407 2127 1544 2189 constat
1563 2114 1635 2208 (vel
1653 2116 1705 2188 sic
1726 2143 1737 2186 :

303 2215 470 2307 quasdam
494 2236 661 2309 personas
680 2227 817 2287 notatas
835 2225 942 2308 atque
961 2227 1142 2307 suspectas
1162 2216 1207 2286 de
1227 2217 1316 2287 lacto
1334 2216 1489 2300 heresis,
1507 2234 1657 2306 quarum
1676 2235 1738 2286 uo-

303 2313 397 2381 mina
415 2314 482 2383 sibi
504 2315 713 2385 tradidimus
734 2314 960 2405 inscriptura
982 2313 1050 2383 alia
1066 2313 1316 2404 sigillonostro
1334 2315 1501 2404 signata),
1523 2313 1738 2385 auctoritate

302 2410 581 2503 apostolicaque
602 2413 801 2503 fungimur,
821 2423 921 2482 etex
948 2422 1045 2504 parte
1063 2411 1198 2482 domiui
1223 2411 1332 2481 nostri
1360 2412 1478 2502 regis,
1500 2410 1567 2480 sub
1594 2411 1693 2504 penis
1712 2432 1734 2482 a

299 2507 378 2596 jure
394 2510 515 2601 positis
540 2522 575 2578 ct
596 2512 754 2602 statutis,
778 2530 844 2580 vos
864 2520 900 2579 et
920 2508 1114 2600 quemlibet
1136 2521 1293 2581 vestrum
1319 2510 1530 2602 requirimus
1557 2508 1735 2600 vobisque

302 2610 510 2676 mandamus
533 2609 699 2698 quatinus
719 2608 833 2678 eidem
856 2607 915 2676 tali
935 2606 1034 2677 latori
1056 2608 1271 2698 presentium
1292 2607 1326 2676 in
1348 2606 1511 2678 omnibus
1531 2607 1660 2698 quibus
1682 2606 1735 2675 in-

302 2703 455 2794 diguerit
473 2724 514 2775 ae
534 2725 598 2774 vos
620 2706 819 2797 requisierit
838 2706 872 2773 in
893 2705 1052 2798 personis
1073 2700 1114 2800 [p
1134 2705 1155 2772 5
1175 2702 1209 2801 a]
1231 2705 1412 2798 capiendis
1432 2715 1467 2774 et
1489 2702 1676 2781 servandis
1697 2704 1733 2772 iu

300 2802 500 2872 carceribus
528 2824 591 2873 seu
616 2803 785 2874 custodiis
805 2802 933 2874 vestris
958 2801 1058 2873 etad
1081 2824 1143 2877 nus
1163 2804 1258 2895 apud
1277 2803 1463 2873 Tholosam
1483 2802 1550 2871 sub
1573 2812 1668 2872 certa
1697 2815 1734 2871 et

301 2897 368 2969 fida
396 2901 557 2972 custodia
585 2899 841 2994 perducendis,
875 2899 1086 2992 impendatis
1116 2913 1316 2994 promptum
1345 2901 1517 2971 auxilium
1546 2911 1582 2970 et
1614 2899 1731 2969 cousi-

302 2996 385 3065 lium
403 3011 638 3091 oportunurn3
662 3001 822 3069 volentes
843 2997 986 3090 insuper
1001 3009 1036 3067 et
1057 2999 1263 3069 mandantes
1279 2998 1382 3070 vobis
1399 3009 1437 3070 ut
1453 2997 1499 3067 de
1517 2997 1619 3067 honis
1639 2996 1732 3088 ipsa·

301 3116 376 3163 rum
406 3117 636 3188 personarum
663 3118 733 3190 que
758 3105 859 3188 eapte
883 3095 1030 3179 luerint,
1062 3096 1092 3165 si
1116 3117 1184 3188 qua
1211 3097 1362 3180 habent,
1389 3094 1524 3165 iacietis
1551 3093 1732 3185 provideri

300 3192 344 3261 de
362 3194 528 3286 expensis
548 3195 592 3265 ad
612 3193 680 3266 boc
700 3193 907 3264 necessariis
934 3203 969 3262 et
992 3193 1181 3264 moderatis
1202 3194 1336 3280 vadiis,
1358 3194 1449 3263 sicut
1468 3193 1574 3262 estin
1599 3191 1730 3262 talibus

299 3287 373 3359 fieri
393 3303 602 3361 consuetum
623 3305 658 3362 et
677 3292 847 3362 hactenus
867 3290 1092 3362 observatum
1111 3315 1120 3379 ;
1139 3292 1173 3360 in
1194 3291 1374 3384 premissis
1391 3302 1482 3362 etse
1500 3289 1730 3380 tangentibus

300 3385 414 3458 taliter
433 3409 497 3459 vos
518 3389 689 3461 habentes
710 3410 754 3460 ne
774 3389 915 3481 possitis
936 3389 1099 3480 redargui
1122 3390 1167 3458 de
1182 3389 1395 3481 negligentia
1421 3390 1475 3458 vel
1494 3387 1657 3473 delectu,
1675 3398 1729 3457 set

299 3484 343 3552 de
353 3486 428 3555 zelo
440 3484 522 3557 fidei
544 3500 579 3557 et
599 3487 801 3559 obedientia
818 3487 943 3558 merito
957 3487 1211 3572 commendari,
1231 3487 1452 3580 presentibus
1468 3486 1594 3555 litteris
1609 3484 1730 3577 elapso

300 3602 369 3651 uuo
393 3603 487 3654 auno
508 3582 580 3678 (vel
595 3585 645 3657 sic
665 3611 676 3654 :
698 3586 828 3678 elapsis
847 3585 960 3655 tribus
982 3585 1164 3655 mensibus
1188 3604 1208 3653 a
1229 3586 1309 3654 data
1330 3582 1563 3678 presentium)
1585 3583 1730 3652 minime

299 3679 470 3750 valituris.
492 3681 619 3753 Datum
640 3695 675 3754 et
701 3683 819 3774 sigillo
838 3693 958 3753 nostro
984 3682 1175 3773 sigillatum
1193 3681 1362 3770 Tholose,
1383 3694 1450 3754 etc.
1473 3681 1621 3752 Reddite
1640 3680 1730 3750 litte·

298 3797 354 3846 ras
371 3777 553 3870 sigillatas.

297 4004 329 4067 8.
357 4005 491 4071 Forma
513 4008 588 4073 elia
610 4009 819 4086 generalior
842 4016 879 4072 et
905 4009 1134 4074 communior
1160 4011 1207 4074 ed
1239 4024 1417 4090 personas
1441 4005 1642 4086 culpabiles
1668 4021 1729 4069 oe·

928 4115 1094 4195 piendas.

218 4404 219 4407 ,
343 4335 463 4407 Frater
476 4336 677 4407 Bernardus
687 4335 873 4421 Gnidonis,
886 4334 1130 4418 ord.Predic.,
1151 4333 1352 4426 inquisitor,
1367 4341 1451 4416 ete,
1474 4330 1601 4401 talibus
1618 4343 1653 4400 et
1675 4343 1725 4402 ta·

297 4434 387 4504 libus
401 4433 611 4505 officialibus
628 4434 683 4505 vel
697 4455 820 4505 eorum
836 4434 910 4504 loca
927 4431 1143 4518 tenentibus,
1156 4441 1224 4500 ete.
1240 4471 1287 4482 -
1303 4428 1519 4499 Auctoritate
1533 4429 1725 4521 apostolica

296 4531 451 4623 predicta
471 4553 539 4623 qua
561 4532 740 4623 fungimur
758 4542 794 4601 et
812 4551 857 4600 ex
877 4538 976 4623 parte
995 4528 1130 4600 domini
1148 4528 1257 4599 nostri
1279 4527 1385 4617 regis,
1402 4526 1469 4596 sub
1488 4527 1587 4618 penis
1606 4547 1627 4596 a
1643 4528 1723 4616 jure

297 4628 420 4721 positis
437 4641 473 4700 et
489 4629 643 4717 statutis,
663 4649 727 4698 vos
747 4638 783 4700 et
801 4638 956 4698 vestrum
973 4626 1167 4719 quemlibet
1185 4625 1415 4717 requirimus,
1433 4622 1605 4714 vobisque
1625 4645 1724 4694 man·

296 4726 420 4796 damus
440 4727 606 4818 quatinus
626 4726 684 4797 tali
708 4722 748 4823 [l0
768 4726 789 4794 5
809 4722 845 4822 b]
868 4725 1037 4797 servienti
1052 4723 1125 4820 (vel
1142 4751 1154 4794 .·
1176 4723 1235 4795 tali
1256 4722 1385 4793 nuncio
1405 4731 1539 4807 nostro,
1559 4720 1613 4791 eel
1628 4747 1640 4790 :
1662 4721 1722 4791 tali

296 4824 452 4909 notario,
475 4824 560 4894 nel:
583 4825 640 4896 tali
668 4824 805 4895 custodi
835 4827 1101 4896 immuratorum
1120 4823 1270 4894 Tholose
1293 4841 1357 4913 pro
1376 4819 1523 4890 crimine
1549 4818 1720 4913 heresis),

295 4920 394 4992 latori
417 4923 653 5015 presentium,
676 4922 713 4991 iu
732 4922 896 4992 omnibus
915 4920 1044 5012 quibus
1063 4921 1254 5011 indiguerit
1271 4941 1313 4991 ae
1331 4940 1396 4992 vos
1416 4917 1635 5010 requisierit,
1657 4918 1722 4987 im-

295 5018 456 5111 pendatis
492 5030 689 5114 promptum
722 5018 894 5090 auxilium
926 5027 961 5089 et
987 5017 1170 5089 consilium
1200 5031 1412 5110 oportunum
1438 5015 1483 5086 ad
1509 5015 1720 5108 capiendum
