4574 6404
537 673 558 739 lt
823 686 986 739 ruacrtctt
1011 688 1253 755 tttQtttstrtuttts
1279 688 1442 742 hahentes
1467 690 1680 743 Punvttarts.

538 870 601 942 pro
627 846 682 917 his
705 866 775 939 que
797 846 973 916 commisit
1000 846 1035 915 in
1063 847 1153 919 lacto
1177 847 1333 934 heresis,
1360 867 1483 917 cruces
1507 847 1552 917 de
1581 846 1672 920 liltro
1698 850 1813 920 crocei
1841 849 1972 922 coloris

537 944 725 1039 portandas
746 945 780 1012 in
801 942 896 1013 omni
915 953 1016 1014 veste
1038 965 1101 1015 sua
1121 946 1315 1037 superiori,
1336 945 1413 1014 siue
1437 945 1567 1036 quibus
1594 947 1877 1038 prominentibus
1905 969 1973 1020 seu

535 1042 787 1136 apparentibus
807 1062 876 1111 non
894 1041 1054 1123 incedat,
1072 1063 1208 1114 necnon
1224 1042 1525 1135 peregrinationes
1543 1056 1656 1114 certas
1671 1044 1787 1116 eidem
1805 1044 1973 1135 injunxe-
1998 1132 2002 1137 ,

537 1141 647 1210 rimus
668 1137 868 1224 iaciendas,
889 1138 1049 1228 abjurata
1064 1140 1109 1209 ab
1124 1161 1167 1211 eo
1181 1141 1324 1233 penitus
1340 1140 1435 1210 omni
1453 1139 1568 1210 heresi
1587 1142 1620 1209 in
1633 1141 1763 1231 iuditio
1778 1163 1896 1213 coram
1913 1165 1974 1217 no·

536 1237 604 1322 bis,
627 1253 663 1307 et
682 1237 726 1307 ad
747 1246 866 1306 sancta
885 1236 946 1306 Dei
966 1236 1149 1328 evangelia
1170 1238 1318 1330 prestito
1331 1239 1535 1327 juramento
1554 1238 1599 1308 de
1620 1238 1776 1330 parendo
1797 1240 1973 1313 mandatis

535 1334 689 1407 Ecclesia
708 1345 815 1426 atque
837 1334 987 1415 nostris;
1008 1335 1190 1427 dictasque
1205 1356 1327 1405 cruces
1346 1336 1474 1405 dicitur
1494 1336 1692 1406 temeritate
1709 1337 1849 1430 propria
1865 1339 1973 1431 depo·

535 1433 649 1503 scisse
667 1444 702 1502 et
719 1432 824 1501 etiam
841 1432 885 1500 de
901 1431 1011 1523 patria
1028 1433 1223 1524 aufugisse,
1244 1444 1365 1503 contra
1383 1434 1561 1526 proprium
1576 1435 1815 1523 juramentum
1828 1459 1837 1521 ;
1852 1447 1972 1509 aucto·

536 1533 637 1601 ritate
656 1528 846 1622 apostoliea
859 1551 928 1620 qua
938 1530 1117 1621 fungimur
1132 1531 1234 1601 vobis
1245 1529 1455 1600 mandamus
1466 1531 1646 1622 quatinus,
1662 1532 1837 1621 adjunctis
1852 1534 1972 1607 vohis·

535 1651 613 1700 cum
641 1627 787 1699 testibus
817 1625 887 1697 lide
915 1626 1055 1718 dignis,
1077 1628 1191 1698 citetis
1219 1628 1413 1721 predictum
1438 1628 1480 1698 N.
1508 1642 1672 1720 tanquam
1700 1642 1903 1722 suspectum
1926 1633 1971 1704 de

536 1728 626 1799 iacto
646 1725 781 1796 heresis
801 1725 834 1793 io
856 1725 961 1796 domo
980 1746 1042 1795 seu
1061 1724 1241 1797 domicilio
1258 1726 1316 1795 ubi
1335 1725 1494 1795 habitare
1509 1748 1573 1796 seu
1592 1727 1718 1798 morari
1735 1728 1971 1801 communiter

535 1824 733 1907 consuevit,
752 1834 786 1891 et
803 1824 906 1892 etiam
920 1823 955 1891 in
972 1824 1118 1894 ecclesia
1138 1833 1255 1893 vestra
1269 1823 1421 1916 publice,
1439 1824 1536 1894 clero
1556 1834 1591 1893 et
1608 1824 1738 1916 populo
1755 1838 1971 1917 congregato

535 1923 666 1993 ibidem
696 1922 738 1992 ad
777 1921 993 1992 audiendum
1026 1921 1167 2004 diviua,
1202 1921 1260 1989 tali
1290 1921 1348 1990 die
1379 1920 1556 1991 dominica
1587 1923 1750 2013 proximo
1781 1924 1969 2013 venienti3

534 2041 640 2112 quam
661 2043 723 2112 pro
744 2020 859 2090 edicto
887 2040 958 2089 uno
983 2040 1045 2111 pro
1071 2019 1235 2089 omuibus
1260 2019 1437 2088 citationis
1464 2019 1726 2112 perhemptorie
1749 2021 1971 2112 assignamus

536 2132 574 2187 ut
592 2119 649 2188 tali
663 2120 736 2204 die,
754 2139 858 2209 quam
877 2137 939 2210 pro
954 2116 1215 2210 perhemptoria
1230 2116 1380 2187 termino
1391 2116 1801 2207 assignamuslholose,
1816 2119 1852 2187 iu
1864 2119 1971 2194 domo

535 2216 772 2308 inquisitionis
794 2210 834 2310 [l0
854 2215 874 2282 3
895 2210 932 2311 b]
951 2216 1053 2305 juxta
1079 2213 1237 2285 Castrum
1267 2214 1516 2298 Narbonense,
1540 2215 1607 2285 suh
1633 2216 1753 2286 debito
1779 2229 1814 2287 et
1841 2219 1971 2291 virtute

535 2315 669 2407 prestiti
691 2314 881 2404 juramenti
903 2326 937 2381 et
962 2312 1028 2381 sub
1049 2332 1137 2404 pena
1159 2311 1558 2394 excommunicationis,
1582 2314 1814 2405 personaliter
1834 2326 1869 2387 et
1889 2337 1969 2408 per-

534 2411 732 2504 hemptorie
760 2421 959 2502 compareat
984 2431 1100 2480 coram
1129 2408 1255 2493 nobie,
1279 2429 1513 2501 responsurus
1539 2432 1647 2502 super
1673 2412 1841 2503 predictis
1869 2424 1904 2484 et
1929 2435 1970 2485 ea

535 2510 778 2601 tangentibus,
808 2530 943 2579 necnon
964 2507 1098 2578 deiide
1122 2518 1157 2577 et
1180 2507 1215 2575 iu
1239 2527 1345 2576 causa
1373 2505 1456 2577 fidei
1485 2506 1677 2599 piscariam
1706 2511 1913 2595 veritatem,
1936 2526 1972 2582 et

534 2608 689 2679 lecturus
709 2607 795 2678 alias
815 2606 911 2698 quod
936 2607 1042 2677 luerit
1068 2604 1236 2691 rationis3
1260 2603 1397 2696 publice
1426 2604 1623 2675 indicentes
1651 2617 1686 2675 et
1713 2607 1970 2680 denunciantes

534 2709 570 2775 iu
597 2706 745 2778 ecclesia
775 2715 913 2792 vestra,
945 2726 990 2774 ex
1019 2715 1117 2796 parte
1143 2715 1281 2789 nostra,
1310 2702 1406 2794 quod
1432 2703 1498 2772 nisi
1520 2703 1658 2773 venerit
1677 2717 1712 2773 et
1733 2708 1971 2798 comparuerit

534 2805 627 2875 dicta
648 2804 725 2888 die,
746 2815 867 2873 contra
889 2806 1002 2893 ipsum
1026 2814 1191 2893 tauquam
1215 2811 1334 2871 contra
1356 2811 1558 2892 suspectum
1580 2801 1625 2869 de
1650 2800 1763 2872 heresi
1786 2816 1821 2873 et
1840 2816 1967 2875 contu-

536 2923 668 2973 macem
691 2902 725 2969 iu
745 2920 851 2970 causa
872 2897 954 2969 fidei
976 2899 1206 2991 procedemus
1227 2919 1289 2989 per
1307 2899 1682 2969 excommunicationis
1699 2901 1915 2971 sentenciam
1935 2914 1971 2973 et

534 3000 622 3071 alias
646 2999 816 3079 ulterius,
846 2997 1041 3067 secuudum
1071 3016 1171 3065 usum
1198 3007 1233 3065 et
1262 2996 1380 3066 stilum
1401 2993 1507 3066 ollicii
1530 2996 1786 3088 inquisitionis,
1810 3012 1912 3091 prout
1935 3010 1971 3070 et

534 3110 703 3190 quantum
726 3095 771 3164 de
787 3098 867 3186 J'ure
892 3095 997 3164 luerit
1024 3105 1058 3165 et
1087 3093 1175 3164 ratio
1200 3093 1383 3181 suadebit,
1407 3093 1516 3187 ipsius
1541 3096 1760 3166 contumacia
1787 3098 1967 3188 exigente.

535 3197 658 3266 Datum
683 3193 854 3280 Tholose,
876 3203 943 3262 ete.

583 3453 616 3515 3.
642 3453 783 3516 Littera
798 3450 987 3527 generalis
1005 3450 1052 3513 ad
1070 3449 1289 3528 capiendum
1303 3447 1484 3528 perlectos
1500 3449 1681 3512 hereticos
1697 3456 1733 3511 et
1750 3447 1921 3512 ramosos.

583 3696 755 3769 Omnibus
782 3694 863 3766 fidei
889 3695 1013 3765 Christi
1040 3693 1234 3765 cultoribus
1259 3694 1364 3763 irater
1391 3692 1593 3762 heruardus
1617 3690 1810 3777 Guidouis,
1833 3693 1970 3766 ordinis

537 3796 690 3877 Predic.,
702 3793 1129 3884 inquisitorTholosanus,
1141 3802 1261 3862 eterne
1276 3790 1349 3861 vite
1367 3790 1770 3883 premiumetcoronam.
1789 3791 1969 3863 -Accio-

535 3895 606 3986 gite
618 3914 699 3978 vos,
716 3891 777 3961 lilii
794 3890 871 3977 Dei,
883 3890 1086 3981 consurgite
1103 3910 1239 3959 mecum
1256 3887 1383 3958 milites
1401 3887 1527 3958 Christi
1545 3897 1667 3958 eontra
1684 3888 1845 3960 inimicos
1856 3891 1969 3962 crucis

535 3993 625 4082 ejus,
648 3989 806 4060 ueritatis
825 4008 866 4059 ac
886 3988 1048 4080 puritatis
1066 3986 1147 4057 fidei
1166 3985 1339 4057 catholice
1351 3997 1577 4078 corruptores
1592 3982 1664 4079 (l),
1677 3985 1815 4056 Petrum
1832 3985 1968 4058 Anterii

535 4087 817 4180 heresiarcham,
838 4085 1051 4178 Petrumque
1077 4084 1191 4155 Saucii
1216 4104 1257 4155 ac
1286 4083 1449 4155 Sancium
1474 4083 1669 4154 lllercaterii
1694 4083 1912 4156 cohereticos
1931 4096 1969 4155 et

536 4207 697 4270 conreos,
713 4206 802 4275 quos
818 4185 994 4256 latitantes
1008 4183 1042 4252 in
1054 4181 1183 4253 abditis
1194 4193 1230 4252 et
1243 4181 1526 4274 perambulantes
1538 4181 1572 4250 in
1587 4180 1741 4251 tenebris
1754 4183 1967 4273 perscrutari

537 4294 573 4354 et
589 4283 683 4376 capi,
706 4283 748 4352 ad
771 4303 898 4373 meque
921 4280 1064 4374 perduci
1086 4279 1260 4373 precipio,
1283 4279 1317 4347 in
1339 4278 1470 4349 virtute
1492 4273 1626 4375 [1030]
1649 4278 1732 4364 Dei,
1754 4279 1968 4370 ubicumque

536 4392 701 4475 poterunt
730 4380 899 4472 reperiri,
930 4378 1151 4472 capientibus
1180 4386 1216 4448 et
1240 4375 1514 4469 perducentibus
1538 4387 1698 4447 ‘eternam
1726 4375 1923 4446 mercedem
1947 4397 1969 4446 a

519 4479 608 4550 ⁴Deo
626 4478 832 4572 promittens
850 4498 892 4547 ac
911 4476 1230 4547 remunerationem
1249 4474 1460 4565 condignam
1479 4474 1583 4544 etiam
1606 4472 1848 4567 temporalem.
1873 4474 1968 4566 Vigi-

536 4576 605 4647 late
625 4578 763 4668 itaque,
791 4582 969 4668 pastores,
991 4574 1128 4662 auimo,
1151 4594 1195 4643 ue
1216 4572 1288 4665 lupi
1314 4572 1451 4664 rapiant
1470 4583 1505 4642 et
1524 4572 1627 4642 vobis
1652 4571 1852 4664 subripiant
1879 4593 1968 4643 oves

535 4674 665 4765 gregis.
687 4672 842 4744 viriliter
858 4673 973 4764 agite,
991 4669 1073 4742 fidei
1093 4669 1285 4757 zelatores,
1303 4690 1348 4740 ne
1364 4669 1558 4740 adversarii
1579 4668 1663 4740 fidei
1684 4671 1819 4760 lugiunt
1834 4681 1870 4741 et
1886 4691 1969 4740 eva·

536 4772 633 4843 dant.
655 4772 780 4842 Datum
799 4769 949 4842 Tholose
968 4769 1003 4839 in
1023 4769 1111 4840 testo
1130 4768 1224 4840 beati
1244 4766 1434 4851 Laurentii,
1453 4788 1547 4839 anuo
1561 4767 1700 4839 Domini
1718 4766 1964 4838 M⁰.CCC⁰.IX⁰.

572 5081 609 5152 tl)
625 5083 819 5147 corruptiones
832 5077 905 5133 dans
920 5077 963 5132 les
977 5076 1054 5132 deux
1070 5092 1142 5133 mss.
