4612 6404
430 640 504 710 268
715 654 877 707 saturica
902 655 1143 721 ruomsrrrorus
1170 657 1333 710 unnnrrcu
1358 655 1571 709 susurrans.

432 813 641 905 paupertatis
674 812 849 904 nichilque
879 812 1006 884 babeat
1038 815 1268 910 superfluum.
1304 815 1388 885 ltem
1403 867 1416 901 ,
1449 814 1572 892 dicunt
1602 813 1701 907 quod
1734 813 1867 884 beatus

430 911 630 980 Franciscus
648 908 913 1002 postChristum
933 922 967 981 et
985 914 1061 1004 ejus
1083 927 1249 1002 matrem,
1270 924 1306 983 et
1324 912 1433 1004 aliqui
1453 912 1591 982 addunt
1611 921 1693 1004 post
1712 920 1866 1003 aposto·

432 1008 502 1091 los,
525 1008 588 1076 suit
605 1028 761 1077 summus
782 1022 817 1077 et
837 1008 1022 1102 precipuus
1041 1011 1248 1082 observator
1267 1010 1339 1079 vite
1357 1021 1392 1080 et
1417 1010 1536 1099 regule
1556 1008 1794 1100 evangelice,
1820 1028 1865 1079 ac

431 1117 615 1175 renovator
634 1107 708 1196 ejus
725 1105 760 1173 in
786 1107 854 1174 isto
872 1118 974 1177 sexto
998 1120 1090 1178 statu
1108 1107 1261 1178 Ecclesia
1287 1108 1323 1176 in
1341 1128 1413 1199 quo
1434 1107 1556 1176 dicunt
1570 1107 1644 1197 jam
1675 1127 1741 1176 nos
1763 1126 1864 1177 esse.

431 1202 527 1286 ltem,
545 1202 733 1295 predictam
747 1201 911 1293 Regulam
927 1203 1041 1274 Sancti
1058 1205 1231 1276 Francisci
1246 1206 1367 1274 dicunt
1384 1226 1463 1275 esse
1478 1203 1711 1295 Evangelium
1728 1202 1868 1273 Christi

431 1312 615 1369 autunum
636 1311 669 1370 et
693 1300 786 1369 idem
810 1321 888 1370 esse
911 1320 990 1370 oum
1012 1297 1056 1397 [p
1075 1300 1143 1370 lll
1161 1298 1195 1400 a]
1221 1301 1413 1392 Evangelio
1434 1300 1574 1372 Christi.
1597 1302 1712 1387 ltem,
1738 1301 1870 1371 dicunt

431 1397 523 1487 quod
552 1401 764 1491 quicumque
789 1397 994 1489 impugnant
1024 1401 1077 1470 vel
1106 1399 1349 1471 contradicunt
1377 1399 1412 1468 iu
1438 1398 1558 1489 aliquo
1582 1398 1717 1490 Regule
1738 1397 1864 1468 Sancti

431 1493 602 1565 Francisci
615 1517 718 1586 quaro
735 1495 856 1564 dicunt
869 1516 946 1565 esse
958 1496 1187 1588 Evangelium
1204 1497 1409 1588 impugnant
1425 1508 1460 1566 et
1474 1496 1722 1567 contradicunt
1740 1494 1864 1566 Evan-

430 1593 521 1682 gelio
539 1591 684 1679 Christi,
706 1603 740 1662 et
760 1613 821 1684 per
839 1614 1058 1684 consequens
1077 1606 1195 1672 errant
1214 1608 1249 1665 et
1268 1592 1356 1662 liunt
1374 1593 1519 1664 heretici
1537 1594 1567 1663 si
1589 1596 1627 1663 in
1646 1593 1715 1664 hoc
1736 1613 1866 1685 perse-

432 1703 567 1761 verent.
586 1690 691 1777 ltem,
709 1690 830 1759 dicunt
845 1690 939 1780 quod
956 1693 1047 1761 sicut
1065 1712 1152 1785 papa
1172 1704 1233 1762 aut
1247 1691 1373 1782 aliquis
1392 1690 1481 1761 alius
1501 1712 1570 1761 non
1589 1701 1706 1784 potest
1726 1690 1869 1782 aliquid

396 1792 399 1797 ’
432 1788 614 1857 immutare
633 1788 668 1856 in
695 1786 886 1878 Evangelio
904 1786 1028 1858 Christi
1050 1810 1114 1858 nec
1142 1789 1294 1876 addere,
1315 1810 1380 1858 nec
1404 1787 1614 1858 subtrahere
1638 1810 1686 1858 ex
1706 1787 1864 1874 eodem,

431 1888 478 1953 ita
498 1906 564 1956 non
586 1899 699 1978 potest
718 1885 850 1976 aliquid
870 1885 1056 1956 immutare
1073 1887 1108 1954 in
1131 1887 1287 1980 predicta
1306 1887 1437 1978 Regula
1451 1885 1569 1955 Sancti
1588 1884 1781 1970 Francisci‚
1802 1907 1869 1956 uec

430 1982 561 2053 addere
582 2005 645 2053 uec
671 1981 877 2053 subtrahere
896 2004 942 2053 ex
967 1983 1090 2053 eadem
1110 1993 1280 2077 quantum
1300 1983 1344 2052 ad
1366 1996 1471 2069 vota,
1500 2005 1563 2052 seu
1587 1983 1736 2054 consilia
1754 2003 1868 2054 evan·

431 2081 563 2170 gelica,
589 2094 649 2151 aut
672 2093 834 2175 precepta
854 2091 1017 2152 contenta
1037 2081 1072 2150 iu
1097 2083 1184 2174 ipsa.
1208 2081 1314 2166 Item,
1336 2090 1593 2172 cousequenter
1617 2080 1741 2151 dicunt
1764 2081 1869 2173 quod

431 2198 520 2269 papa
541 2202 609 2248 nou
639 2189 752 2270 potest
777 2177 905 2247 dictam
924 2178 1090 2270 Regulam
1118 2179 1356 2270 evangelicam
1379 2177 1496 2247 Sancti
1522 2176 1698 2248 Francisci
1722 2198 1870 2250 cassare

436 2275 490 2345 vel
512 2276 695 2346 immutare
717 2285 778 2345 aut
797 2275 958 2346 tollerere
976 2275 1134 2346 ordinem
1158 2275 1274 2346 Sancti
1294 2275 1468 2346 Francisci
1487 2275 1533 2345 de
1555 2275 1673 2347 medio
1698 2276 1869 2346 ordinum

431 2372 603 2461 aliorum,
620 2395 726 2468 quem
747 2372 990 2465 evangelicum
1009 2374 1168 2444 ordinem
1188 2394 1265 2443 esse
1284 2373 1418 2444 dicunt.
1441 2372 1536 2442 ldem
1557 2393 1702 2465 quoque
1723 2373 1869 2464 penitus

433 2485 638 2542 asseverant
657 2472 702 2543 de
721 2481 814 2542 statu
830 2492 893 2542 seu
913 2471 1037 2542 ordine
1058 2471 1166 2542 tercio
1184 2470 1298 2542 Sancti
1316 2470 1489 2540 Francisci
1509 2491 1571 2540 seu
1593 2471 1638 2540 de
1659 2472 1768 2540 tercia
1789 2471 1869 2561 ejus

431 2567 575 2658 Regula.
602 2570 710 2657 ltem,
741 2569 863 2639 dicunt
887 2569 982 2662 quod
1012 2588 1120 2661 papa,
1151 2588 1215 2639 nec
1234 2568 1339 2638 etiam
1365 2567 1531 2659 generale
1557 2567 1771 2655 concilium,
1794 2589 1870 2640 non

433 2676 546 2758 potest
564 2689 702 2739 cassare
720 2678 781 2737 ant
799 2678 953 2737 statuere
970 2667 1183 2737 contrarium
1200 2665 1349 2757 alicujus
1376 2665 1517 2736 illorum
1547 2687 1617 2757 que
1646 2687 1708 2759 per
1736 2666 1868 2758 prede·

431 2783 606 2836 cessorem
626 2788 728 2837 suum
749 2785 872 2859 papam
892 2765 949 2834 vel
969 2764 1160 2856 precedens
1178 2762 1364 2834 concilium
1384 2763 1551 2852 generale
1570 2764 1713 2833 luerunt
1733 2762 1867 2834 contir-

435 2874 526 2931 mata
541 2875 669 2934 statuta
688 2862 745 2934 vel
766 2863 870 2932 etiam
888 2862 1068 2946 ordinata,
1088 2875 1123 2932 et
1142 2883 1188 2932 ex
1206 2860 1272 2931 hoc
1292 2860 1528 2931 communiter
1546 2870 1666 2931 tenent
1684 2872 1721 2930 et
1740 2861 1870 2933 dicunt

433 2959 528 3051 quod
542 2961 696 3054 predicte
715 2961 785 3031 due
803 2960 934 3050 Regule
952 2960 1068 3030 Sancti
1088 2958 1274 3043 Francisci,
1288 2969 1323 3029 et
1341 2958 1450 3050 aliqui
1467 2979 1588 3028 eorum
1610 2958 1751 3029 addunt
1769 2959 1872 3052 quud

435 3057 538 3127 etiam
561 3081 781 3151 quecumque
799 3058 867 3128 alie
891 3079 953 3151 per
979 3078 1142 3128 romanos
1168 3055 1351 3149 pontifices
1377 3053 1603 3145 confirmate,
1627 3077 1698 3127 nou
1718 3069 1872 3149 possunt

433 3159 565 3224 cassari
584 3178 645 3248 per
663 3158 814 3249 aliquem
834 3175 958 3249 papam
984 3175 1223 3226 successorem
1250 3175 1313 3224 nec
1332 3153 1438 3224 etiam
1460 3173 1522 3246 per
1545 3153 1733 3224 concilium
1754 3175 1867 3246 geue·

436 3252 521 3322 rale.
547 3253 656 3342 ltem,
687 3255 808 3325 dicunt
838 3253 933 3345 quod
964 3256 995 3322 si
1020 3273 1109 3346 papa
1142 3253 1344 3322 immutaret
1369 3249 1502 3342 aliquid
1533 3250 1568 3319 in
1589 3251 1721 3342 Regula
1749 3253 1872 3324 Sancti

438 3351 607 3422 Francisci
628 3353 684 3422 vel
704 3352 870 3434 adderet,
895 3362 954 3421 aut
976 3350 1199 3422 subtraheret
1217 3371 1263 3420 ex
1278 3348 1422 3434 eadem,
1445 3348 1610 3441 precipue
1629 3361 1803 3440 quantum
1824 3351 1873 3422 ad

436 3462 556 3520 votum
579 3451 813 3543 paupertatis,
833 3460 893 3519 ant
911 3449 940 3520 si
960 3449 1087 3520 dictam
1108 3447 1280 3539 Regulam
1293 3458 1468 3533 cassaret,
1491 3447 1527 3514 in
1544 3444 1612 3517 boc
1632 3448 1764 3518 laceret
1781 3469 1873 3520 con-

439 3561 490 3618 tra
510 3547 737 3640 Evangelium
757 3546 906 3634 Christi,
929 3568 993 3616 nec
1011 3546 1139 3637 aliquis
1163 3548 1268 3616 lrater
1293 3543 1405 3614 Minor
1424 3555 1486 3613 aut
1503 3543 1630 3635 aliquis
1654 3544 1747 3616 nlius
1767 3559 1870 3618 teue-

437 3658 533 3716 retnr
551 3647 697 3718 obedire
715 3646 830 3717 eidem
850 3648 886 3714 iu
906 3644 1071 3738 predictis
1092 3638 1133 3740 [l⁰
1157 3640 1224 3712 lli
1245 3638 1308 3740 b],
1328 3652 1651 3734 quantumcumque
1671 3645 1876 3736 preciperet

436 3745 540 3814 alicui
570 3745 759 3831 autetiam
792 3742 1111 3814 excommunicaret
1139 3762 1209 3812 non
1235 3739 1459 3810 obedientem
1484 3738 1576 3826 sibi,
1597 3740 1680 3831 quia
1704 3742 1785 3812 talis
1805 3763 1875 3813 ex·

436 3844 705 3915 communicatio
732 3851 825 3913 esset
851 3842 980 3931 injusta
1003 3853 1038 3911 et
1063 3840 1216 3931 aliquem
1237 3859 1305 3907 non
1333 3837 1469 3927 ligaret.
1494 3836 1606 3925 ltem,
1628 3837 1751 3908 dicunt
1769 3839 1874 3932 quod

438 3962 524 4034 papa
546 3965 614 4014 nou
636 3953 749 4035 potest
766 3939 971 4032 dispensare
990 3959 1069 4008 cum
1089 3939 1208 4029 aliquo
1232 3935 1266 4004 iu
1289 3934 1381 4005 votis
1408 3934 1506 4004 lactis
1525 3935 1722 4006 secundum
1746 3937 1869 4029 Regu·

438 4039 502 4107 laur
524 4040 639 4111 Sancti
659 4038 852 4123 Francisci,
872 4035 1005 4107 scilicet
1024 4035 1214 4120 castitatis,
1238 4034 1451 4126 paupertatis
1471 4043 1507 4102 et
1524 4032 1742 4105 obedientie.
1765 4035 1871 4123 ltem,

435 4139 531 4228 quod
553 4160 622 4208 uon
643 4148 757 4229 potest
779 4136 985 4228 dispensare
1011 4155 1091 4203 cum
1120 4132 1239 4223 aliquo
1262 4133 1298 4199 in
1323 4142 1407 4198 uoto
1427 4130 1641 4222 paupertatis
1661 4131 1752 4203 facto
1771 4132 1873 4229 Deo,

438 4238 542 4304 etiam
563 4238 592 4306 si
611 4247 730 4305 votum
753 4233 840 4304 illud
860 4232 965 4301 luerit
986 4229 1139 4323 simplex
1153 4239 1188 4300 et
1207 4250 1276 4300 non
1293 4225 1502 4320 sollempne,
1521 4227 1607 4317 quin
1628 4249 1776 4320 persona
1800 4253 1874 4323 que

439 4336 537 4403 vovit
555 4343 794 4426 paupertatem
816 4342 977 4401 teneatur
995 4349 1135 4421 semper
1151 4348 1229 4398 eam
1249 4346 1403 4412 servare,
1424 4325 1506 4416 quia
1530 4345 1679 4417 persona
1698 4348 1777 4397 cum
1799 4349 1874 4420 qua

438 4429 700 4520 dispensaretur
719 4429 950 4499 descenderet
975 4427 1021 4496 de
1046 4426 1167 4517 maiori
1192 4423 1363 4495 stultiori
1387 4422 1499 4514 gradu
1520 4423 1659 4493 virtutis
1677 4435 1713 4494 et
1731 4425 1873 4517 perlec-

438 4527 542 4598 tiouis
560 4528 604 4598 ad
625 4528 793 4597 minorem
816 4538 851 4596 et
870 4524 1085 4610 inferiorem,
1104 4534 1139 4594 et
1158 4532 1311 4616 potestus
1331 4541 1442 4614 pape,
1465 4530 1501 4588 ut
1518 4520 1660 4607 dicunt,
1680 4533 1734 4591 est
1752 4523 1871 4593 solum

438 4625 481 4693 ad
512 4628 806 4696 constructionem
836 4634 872 4694 et
894 4643 964 4693 non
988 4622 1023 4690 in
1050 4621 1337 4692 destructionem.
1368 4620 1473 4705 ltem,
1500 4618 1622 4688 dicunt
1651 4619 1747 4711 quod
1778 4641 1875 4715 papa

440 4743 508 4792 nou
538 4734 652 4816 potest
677 4723 792 4792 lacere
817 4720 1101 4793 constitutionem
1130 4716 1340 4790 decretalem
1371 4738 1432 4809 per
1463 4735 1567 4807 quam
1598 4716 1781 4808 dispenset
1808 4729 1875 4790 aut

438 4821 607 4891 concedat
623 4819 801 4890 Fratribus
822 4816 1015 4889 Minoribus
1036 4817 1131 4908 quod
1157 4816 1293 4909 possint
1309 4814 1440 4885 habere
1455 4813 1598 4884 bladum
1619 4823 1654 4883 et
1677 4814 1800 4885 vinum
1824 4816 1874 4888 ad

439 4917 649 4987 servandum
668 4920 705 4986 in
724 4915 901 4987 communi
920 4918 957 4984 in
976 4913 1150 5006 granariis
1177 4913 1233 4984 vel
1255 4910 1406 4982 cellariis
1426 4932 1490 5003 pro
1510 4921 1668 5003 tempore
1685 4911 1804 4984 futuro
1823 4913 1874 4985 ad

439 5031 541 5081 suum
564 5036 662 5084 usum
683 5035 745 5084 seu
762 5016 894 5084 victum
914 5013 1165 5099 necessarium,
1186 5010 1267 5101 quia
1289 5007 1355 5078 hoc
1373 5019 1466 5078 esset
1486 5008 1602 5079 lacere
1620 5020 1742 5106 contra
1762 5031 1873 5082 evan·
