4574 6404
423 649 471 721 82
711 663 876 719 ruamus
901 664 1142 732 uoutsrrionrs
1168 663 1331 718 usnemun
1356 661 1568 717 autumnus.

424 799 646 872 mandamus.
667 796 783 881 Quare
797 807 921 871 tenore
937 797 1153 892 presentium
1169 817 1354 870 monemus
1374 794 1560 868 universos
1579 796 1705 868 fratres
1725 807 1763 867 et
1781 800 1859 868 sin-

422 898 525 992 gulos
542 896 674 971 ordinis
699 895 890 990 Hospitalis
914 895 1030 967 Sancti
1051 895 1221 967 lobannis
1248 893 1519 966 ierosolimitani
1545 894 1589 966 ad
1611 915 1702 986 quos
1720 893 1758 963 in
1782 904 1859 969 toto

422 996 578 1090 prioratu
594 992 753 1088 predicto
771 1003 807 1064 et
824 1014 887 1087 per
905 1004 1017 1065 totum
1038 993 1231 1088 prioratum
1249 991 1446 1085 predictum
1466 991 1638 1084 regimen,
1659 1013 1723 1064 ssu
1743 1004 1860 1068 custo·

421 1093 481 1165 dia
502 1093 686 1165 domorum
713 1100 749 1162 et
767 1091 1083 1186 preceptoriarum‚
1109 1113 1173 1163 seu
1198 1089 1455 1163 administratio
1484 1089 1636 1182 pertinet
1657 1099 1720 1161 aut
1745 1092 1858 1186 perti-

424 1211 509 1262 nere
536 1189 725 1284 poteritis
752 1190 933 1283 futurum,
962 1189 1129 1283 quatinus
1163 1187 1358 1261 venerabili
1386 1197 1423 1259 et
1453 1186 1619 1281 religioso
1644 1187 1722 1260 viro
1746 1190 1858 1283 priori

425 1291 599 1383 prioratus
619 1286 767 1380 predicti
798 1286 876 1358 talis
903 1287 1002 1380 regni
1030 1308 1093 1359 seu
1120 1287 1302 1381 provincie
1331 1286 1491 1377 ejusdem
1515 1286 1649 1357 ordinis
1668 1285 1859 1381 Hospitalis

422 1386 481 1458 vel
497 1387 573 1477 ejus
597 1385 712 1456 locum
733 1385 866 1456 tenenti
890 1399 926 1456 et
944 1385 1101 1480 ipsorum
1127 1385 1273 1456 cuilibet
1292 1383 1385 1455 circa
1404 1382 1599 1455 taciendam
1626 1384 1713 1477 ipsis
1732 1384 1794 1455 tali
1812 1385 1856 1457 N.

426 1478 467 1581 [N
484 1480 529 1552 ll
544 1478 576 1580 c]
596 1492 632 1554 et
652 1483 711 1553 tali
730 1482 773 1553 N.
795 1481 841 1554 de
862 1483 964 1554 dictis
994 1483 1249 1576 quantitatibus
1270 1481 1525 1553 Turonensium
1551 1482 1687 1573 argenti
1708 1502 1771 1576 per
1792 1506 1858 1558 nos

422 1580 492 1652 sibi
514 1580 702 1672 assignatis
728 1581 941 1653 solutionem
962 1584 1136 1672 integram
1165 1579 1268 1651 annis
1294 1579 1443 1672 singulis
1473 1579 1510 1650 in
1536 1579 1614 1652 loco
1633 1592 1670 1652 et
1696 1581 1858 1656 terminis

422 1677 634 1771 supradictis
653 1678 835 1767 obediant,
861 1690 1008 1773 pareant
1026 1677 1231 1766 efficaciter,
1250 1687 1286 1750 et
1309 1677 1495 1749 intendant
1513 1702 1522 1766 3
1546 1699 1731 1752 monemus
1750 1680 1856 1753 etiam

422 1785 528 1870 prout
552 1776 796 1869 supradictos
825 1777 977 1870 priorem
1003 1776 1128 1871 prelati
1153 1778 1253 1868 regni
1281 1795 1345 1847 seu
1369 1775 1551 1870 provincie
1573 1786 1609 1849 et
1632 1779 1709 1868 ejus
1740 1777 1856 1850 locum

424 1881 617 1961 tenentem,
642 1884 680 1944 ut
694 1874 829 1945 eisdem
850 1875 911 1946 tali
929 1874 972 1946 N.
991 1874 1105 1947 attali
1125 1873 1186 1962 N.,
1205 1883 1241 1946 st
1258 1883 1395 1963 cetera,
1419 1884 1582 1968 utsupra
1601 1874 1637 1945 in
1657 1875 1726 1947 alia
1745 1876 1857 1948 torma

421 1970 600 2044 consimili
617 1972 837 2063 precedenti.

471 2066 645 2141 Prediote
662 2068 732 2140 due
748 2068 868 2162 [mnne
887 2082 1035 2164 possunt
1053 2069 1183 2143 laudm
1208 2068 1322 2142 boum
1340 2068 1380 2140 in
1397 2067 1568 2163 aliquibus
1588 2069 1723 2142 candus
1741 2093 1859 2143 emer·

422 2165 580 2259 penatibus
597 2167 716 2260 quood
737 2167 852 2238 multa
875 2174 908 2238 et
927 2168 1102 2263 precipue
1123 2174 1295 2264 quantum
1320 2167 1372 2240 ad
1393 2168 1537 2238 modum
1556 2168 1723 2239 monendi
1739 2176 1771 2241 et
1793 2193 1854 2242 re·

421 2263 590 2357 quirendi
612 2263 675 2335 sub
695 2285 795 2359 pena
820 2266 1191 2338 eucommunt'cationt's
1213 2266 1284 2338 lule
1310 2264 1350 2337 t‘n
1380 2264 1552 2360 aliquibus
1575 2265 1859 2342 ordinationibus

423 2361 597 2456 faciendis
613 2367 648 2433 et
664 2363 818 2455 nepociis
832 2363 1046 2458 cnequendt's
1053 2389 1070 2452 ;
1087 2370 1121 2436 et
1138 2363 1178 2435 od
1195 2363 1289 2437 bono
1306 2385 1454 2437 oausam
1474 2363 1584 2458 postte
1599 2371 1684 2438 sunt
1698 2367 1860 2459 nuperius

420 2465 458 2530 et
474 2459 678 2555 conscripto.
