4574 6404
431 656 473 723 to
715 671 878 723 rnncrtct
905 672 1146 738 rnoursrrtonts
1173 670 1334 724 nnnsrtcs
1360 669 1570 722 rmvtrnrrs.

429 829 546 900 heresi
569 829 791 922 fugiturum,
815 851 951 901 necnon
971 852 1033 924 per
1057 831 1312 904 confessionem
1336 830 1510 922 propriam
1534 831 1656 898 iactam
1678 829 1713 898 in
1728 829 1862 923 judttru

431 927 614 997 manifeste
635 927 669 996 in
691 926 841 997 heresim
868 927 1149 1020 deprehensum,
1172 951 1234 1021 per
1253 926 1630 998 excommunicationis
1649 929 1859 998 sententiam

430 1039 465 1095 et
484 1025 570 1094 aiios
590 1024 751 1110 utterins,
771 1026 963 1095 secundnm
983 1027 1102 1096 stilum
1123 1039 1157 1097 et
1182 1048 1282 1096 usum
1302 1024 1407 1095 officii
1428 1024 1680 1116 inquisitionis,
1703 1037 1805 1119 prout
1825 1038 1861 1097 et

430 1133 600 1215 quantum
624 1123 669 1193 dc
689 1123 772 1213 jure
790 1123 894 1193 inerit
913 1136 948 1193 et
968 1125 1057 1194 ratio
1081 1124 1265 1206 suadebit,
1295 1123 1405 1216 ipsius
1432 1123 1490 1192 tati
1515 1122 1652 1192 maiicia
1679 1134 1714 1191 et
1736 1136 1861 1195 eontu-

428 1220 539 1290 macia
560 1220 746 1310 exigente,
774 1233 809 1290 et
835 1221 868 1289 in
894 1221 1033 1312 signnm
1058 1244 1100 1292 ac
1125 1222 1362 1293 testimonium
1389 1220 1517 1312 recepti
1546 1231 1580 1289 et
1604 1220 1769 1312 completi
1799 1243 1860 1314 per

429 1339 493 1388 vos
512 1317 663 1387 mandati
684 1317 808 1402 nostri,
826 1317 978 1410 sigilium
999 1331 1155 1390 vestrum
1176 1319 1397 1412 presentibus
1414 1317 1611 1411 apponatis.
1629 1318 1752 1389 Datum
1769 1319 1859 1391 Tho·

430 1415 516 1500 lose,
538 1426 604 1485 etc.

431 1708 476 1775 ts
501 1710 551 1788 [F⁰
577 1711 595 1771 9
619 1710 647 1789 c]
671 1709 806 1774 Forma
830 1712 1172 1775 excommunicandi
1197 1718 1454 1775 contumacem
1486 1711 1526 1773 in
1556 1727 1669 1774 causa
1691 1709 1775 1774 fidei
1797 1713 1859 1794 qui

468 1817 571 1896 prins
587 1816 732 1894 aufugit
747 1819 791 1881 de
807 1834 953 1882 carcere
969 1821 1066 1883 muri
1082 1820 1129 1883 ad
1145 1836 1252 1900 quem
1275 1818 1395 1882 inerat
1417 1819 1463 1882 ad
1484 1820 1669 1894 agendum
1694 1820 1860 1898 peniten-

467 1925 557 1988 tiam
579 1926 857 1989 sentencialiter
870 1927 1182 2006 condempnatus,
1201 1927 1259 1988 vel
1279 1927 1341 2005 qui
1366 1927 1530 1989 nondum
1548 1932 1735 2005 receperat
1755 1927 1859 2006 peni·

471 2032 624 2096 tentiam
642 2050 706 2114 pro
724 2034 933 2097 commissis
949 2035 989 2098 in
1004 2035 1124 2097 heresi
1142 2035 1182 2096 in
1195 2034 1331 2111 juditio
1349 2032 1576 2096 confessatis.

476 2302 594 2373 Frater
603 2303 801 2374 Bernartius
812 2303 998 2389 Guidonis,
1012 2303 1089 2374 ord.
1105 2302 1260 2395 Predic.,
1276 2302 1474 2393 inquisitor,
1488 2313 1571 2388 etc,
1584 2302 1765 2394 capellano
1782 2303 1855 2386 tati,

427 2399 635 2471 etc-Cum
654 2402 731 2472 tatis
749 2402 794 2472 de
813 2401 870 2471 tati
890 2402 966 2473 ioco
980 2402 1041 2492 qui
1057 2401 1206 2486 dudum,
1220 2400 1306 2469 ciam
1320 2411 1355 2469 et
1372 2401 1556 2470 temerarie
1570 2400 1762 2489 anfugitde
1778 2421 1857 2470 car-

427 2499 682 2583 ceremnri,ex
695 2510 792 2590 parte
803 2511 920 2570 nostra
933 2499 1022 2570 etde
1035 2498 1201 2568 mandato
1213 2508 1333 2566 nostro
1343 2497 1469 2567 citatus
1482 2497 1857 2590 tueritperhemptorie

427 2616 467 2666 ac
487 2596 655 2666 canonice
676 2608 744 2666 tam
767 2597 801 2665 in
822 2596 999 2667 domicilio
1019 2618 1084 2666 suo
1104 2616 1208 2687 qnam
1230 2594 1265 2663 in
1288 2594 1435 2664 ecclesia
1456 2608 1572 2665 vestra
1599 2595 1756 2688 publice,
1776 2616 1855 2665 cnm

428 2703 593 2785 tanquam
615 2694 800 2785 iugittivns
816 2716 879 2787 pro
897 2695 987 2764 iacto
1003 2694 1137 2765 heresis
1158 2714 1227 2762 non
1247 2702 1366 2786 posset
1387 2693 1617 2783 personaliter
1635 2693 1800 2782 inveniri,
1821 2705 1857 2763 ut

429 2792 487 2860 tati
501 2792 559 2861 die
575 2791 690 2861 eidem
710 2813 774 2884 pro
792 2792 943 2861 termino
960 2791 1220 2883 perhemptorio
1236 2790 1426 2880 assignata,
1444 2790 1606 2875 Thoiose‚
1627 2791 1660 2860 in
1680 2791 1786 2863 domo
1805 2792 1856 2861 in·

425 2889 625 2980 quisitionis
638 2891 739 2979 juxta
759 2889 915 2959 Castrum
936 2890 1177 2967 Narbonense,
1200 2909 1315 2959 coram
1339 2888 1439 2957 nobis
1458 2889 1691 2980 personaiiter
1711 2910 1854 2983 compa·

425 2999 518 3056 reret
536 2987 777 3057 satisfacturus
797 3011 860 3080 pro
880 2988 980 3080 cutpa
1001 3002 1036 3057 et
1055 2988 1211 3078 offensa,
1234 2985 1315 3078 quia
1337 2987 1533 3057 temeritate
1554 2987 1693 3079 propria
1714 2987 1760 3057 de
1779 3009 1854 3057 cer·

425 3103 505 3152 cere
526 3085 615 3152 muri
636 3085 723 3154 exiit
747 3095 782 3155 et
809 3085 964 3176 auiugit,
987 3106 1122 3155 necnon
1152 3103 1385 3177 responsurus
1411 3083 1456 3153 de
1484 3082 1554 3154 fide
1576 3094 1610 3154 et
1634 3083 1678 3154 do
1699 3084 1857 3177 hiisque

425 3182 601 3251 commisit
621 3182 654 3250 in
682 3183 771 3253 iacto
791 3182 926 3253 heresis
952 3194 1072 3253 contra
1094 3181 1219 3263 fidem,
1239 3180 1384 3250 minime
1406 3182 1643 3273 comparuerit
1661 3181 1753 3252 dicta
1775 3183 1854 3273 die,

425 3298 490 3347 nec
510 3282 614 3349 etiam
635 3282 874 3371 postmodum,
895 3281 1028 3350 diutius
1048 3290 1272 3373 expectatus,
1296 3299 1360 3348 nec
1381 3280 1508 3371 aliquis
1527 3301 1591 3372 pro
1610 3279 1757 3368 eodem,
1775 3302 1854 3351 cnm

425 3378 637 3447 contumatia
650 3378 685 3447 in
698 3399 803 3449 causa
820 3376 900 3449 fidei
912 3378 1102 3472 suspicioni
1120 3376 1417 3469 presumptionem
1431 3377 1829 3469 adjiciatvehementem
1843 3403 1862 3482 ς.

425 3471 556 3544 idcirco
579 3496 642 3544 nos
663 3477 817 3567 pietatus
838 3476 1024 3568 inquisitor
1045 3476 1177 3546 dictum
1199 3475 1301 3547 tatem
1323 3475 1364 3543 N.
1388 3477 1423 3544 in
1451 3496 1556 3545 causa
1577 3473 1658 3545 fidei
1674 3485 1856 3546 contuma—

425 3591 500 3639 cem
519 3592 560 3641 ac
577 3584 778 3665 suspectum
800 3573 844 3643 de
867 3573 981 3644 heresi
999 3573 1229 3645 vehementer
1245 3595 1284 3643 ac
1299 3594 1362 3665 pro
1378 3574 1468 3645 iacto
1485 3572 1619 3644 heresis
1635 3573 1852 3664 fugiturum,

426 3667 460 3735 in
484 3668 550 3739 hiis
568 3670 707 3761 scriptis
727 3672 1073 3741 excommunicamus
1093 3683 1128 3740 et
1151 3672 1525 3742 excommunicationis
1547 3671 1688 3742 vinonio
1709 3672 1855 3742 innoda-

426 3787 518 3850 mus,
542 3766 748 3838 mandantes
765 3769 866 3838 vobis
885 3771 1051 3860 quatinus
1071 3768 1202 3838 dictum
1225 3770 1327 3839 talem
1349 3769 1690 3840 excommunicatum
1714 3791 1733 3840 a
1754 3771 1855 3842 nobis

425 3884 465 3933 ac
484 3886 546 3958 pro
565 3866 655 3935 facto
670 3863 804 3935 heresis
821 3867 1021 3955 iugittivnm
1043 3862 1083 3961 [p
1100 3866 1121 3933 9
1138 3863 1174 3964 d]
1196 3868 1229 3935 in
1247 3867 1395 3936 ecclesia
1412 3878 1542 3946 vestra,
1562 3867 1659 3938 ciero
1674 3879 1708 3937 et
1725 3869 1855 3962 populo

425 3973 637 4054 congregato
665 3961 794 4032 ibidem
826 3964 869 4032 ad
899 3964 1113 4032 audiendum
1142 3964 1284 4057 divina,
1317 3964 1454 4054 publice
1483 3965 1703 4036 denuncietis
1728 3967 1854 4038 diebus

425 4059 610 4130 dominicis
630 4070 665 4130 et
685 4061 838 4145 festivis,
863 4074 1046 4131 monentes
1064 4062 1208 4154 insuper
1225 4061 1472 4154 parrochianos
1493 4075 1630 4133 vestros
1645 4065 1773 4150 semei,
1795 4085 1853 4134 se-

424 4158 541 4228 cnndo
560 4179 601 4227 ac
620 4158 728 4229 tercio
746 4158 928 4241 canonice,
946 4180 990 4228 ex
1013 4170 1110 4251 parte
1126 4170 1257 4243 nostra,
1272 4160 1339 4229 snb
1357 4180 1447 4251 pena
1462 4162 1850 4244 excommunicationis,

425 4275 470 4323 ne
494 4256 608 4326 eidem
632 4255 690 4323 tati
716 4269 777 4325 aut
800 4277 879 4325 cnm
905 4255 1029 4325 eodem
1057 4257 1109 4325 sic
1135 4257 1439 4328 excommunicato
1467 4279 1485 4327 a
1516 4259 1616 4329 nobis
1646 4259 1854 4351 participent

423 4353 699 4443 quoquomodo,
715 4352 778 4423 sed
796 4365 958 4446 tanquam
978 4354 1319 4424 excommunicatum
1339 4355 1450 4446 ipsum
1472 4354 1676 4426 habeantet
1696 4359 1850 4446 evitent3

423 4462 459 4518 et
482 4449 511 4518 si
535 4450 662 4519 alicubi
691 4451 803 4542 ipsum
833 4472 911 4521 esse
940 4452 1108 4520 sciverint
1129 4451 1185 4521 vei
1213 4452 1428 4539 audiverint,
1447 4454 1553 4523 nobis
1573 4455 1786 4524 denuncient
1812 4476 1853 4524 ec

423 4547 605 4632 revelent;
626 4547 781 4640 alioquin
803 4550 862 4640 qni
885 4549 1039 4639 legitime
1060 4560 1095 4618 et
1118 4550 1285 4619 canonice
1309 4550 1432 4619 moniti
1459 4551 1611 4621 scienter
1638 4554 1852 4624 contrafece-

422 4645 511 4732 rint,
534 4647 908 4716 excommunicationis
928 4646 1137 4716 sententiam
1154 4668 1257 4738 quem
1281 4649 1314 4714 in
1335 4647 1502 4718 iacientes
1522 4649 1734 4720 contrarium
1757 4645 1853 4746 [h]ac

420 4752 538 4810 vestra
557 4744 768 4834 competenti
786 4744 978 4813 monitione
999 4743 1166 4835 premissa
1188 4745 1330 4814 ierimus
1351 4745 1386 4813 in
1413 4745 1481 4815 hiis
1501 4747 1657 4839 scriptis,
1680 4769 1719 4817 ss
1740 4769 1851 4818 nove-

420 4838 490 4906 rint
524 4838 788 4909 incurrissem
816 4840 1017 4933 insignum
1048 4862 1088 4910 ac
1120 4842 1356 4913 testimonium
1386 4842 1480 4934 qnod
1510 4855 1690 4937 presentes
1719 4846 1851 4916 litteras

421 4937 624 5029 receperitis
643 4948 678 5005 et
696 4948 859 5009 contenta
880 4939 915 5006 in
935 4938 987 5007 eis
1002 4938 1203 5009 executioni
1223 4939 1343 5010 debite
1360 4940 1674 5031 demandaveritis,
1696 4943 1849 5034 sigilium

420 5043 576 5103 vestrum
594 5033 816 5125 presentibus
832 5035 1029 5128 apponatis
1050 5035 1174 5106 Datum
1194 5036 1356 5125 Thoiose,
1379 5049 1445 5108 etc.
