4574 6404
430 666 503 736 m
717 683 877 736 nascrrcu
904 684 1143 751 rnoursrrroms
1171 684 1333 738 annarron
1358 682 1571 737 rmvtrlrrs.

432 862 512 913 nam
533 839 599 913 bec
615 843 731 913 omnia
752 839 839 911 liunt
858 842 1031 912 interdum
1053 863 1098 912 ex
1118 842 1304 913 allectione
1320 842 1473 925 carnali,
1496 841 1673 911 interdum
1696 843 1865 935 precibus

431 942 643 1023 amicorum,
666 940 839 1009 interdum
860 942 1029 1032 peccunie
1047 941 1195 1028 intuitu3
1216 951 1347 1009 etcum
1375 939 1468 1009 dicat
1488 960 1578 1032 papa
1601 961 1669 1010 non
1690 941 1864 1035 simplici-

431 1050 580 1108 teresse
598 1037 805 1123 credentes,
826 1049 881 1107 set
909 1037 1095 1108 credentes
1115 1059 1237 1108 eornm
1255 1037 1433 1108 erroribus
1455 1037 1553 1107 velut
1573 1036 1747 1109 hereticos
1765 1039 1866 1130 judi·

431 1155 575 1219 camus,
600 1156 743 1206 necesse
762 1134 913 1204 arbitror
941 1135 1084 1227 aliquod
1117 1136 1151 1204 in
1184 1135 1235 1205 eis
1266 1137 1395 1205 erroris
1423 1134 1590 1204 indicium
1620 1135 1865 1229 deprehendi;

429 1255 507 1304 cum
529 1233 621 1303 enim
646 1233 794 1304 credens
821 1232 995 1304 hereticus
1018 1233 1198 1325 judicetur
1225 1253 1294 1304 non
1322 1244 1376 1303 est
1402 1233 1488 1302 satis
1515 1235 1655 1325 questio
1678 1234 1789 1304 lacilis
1816 1234 1862 1306 ad

429 1331 730 1423 pronunciandum
747 1330 949 1401 credentem
968 1342 1003 1402 et
1021 1334 1073 1402 sic
1090 1353 1151 1423 per
1167 1351 1389 1422 consequens
1405 1329 1623 1401 hereticum:
1644 1352 1723 1401 nam
1743 1332 1776 1401 in
1792 1332 1861 1404 boc

428 1428 573 1498 crimine
592 1431 696 1498 etiam
718 1451 763 1499 en
781 1428 985 1499 vehementi
1006 1429 1269 1523 presumptione
1295 1449 1397 1498 nemo
1417 1429 1629 1520 dampnatur
1653 1423 1694 1525 [llj
1718 1426 1785 1499 123
1805 1426 1860 1527 b]‚

430 1524 536 1595 Extra
557 1526 601 1596 de
622 1537 832 1621 presumpt,
853 1526 1013 1597 Litteras.
1035 1526 1076 1596 Et
1097 1527 1226 1618 siquis
1249 1526 1378 1596 obiciat
1406 1551 1413 1593 :
1449 1524 1635 1608 Quomodo
1662 1547 1746 1619 ergo
1773 1527 1865 1598 dicis

429 1622 616 1694 credentes
635 1625 696 1714 qui
720 1625 870 1694 adorant
892 1636 927 1694 et
951 1624 1078 1694 similia
1106 1623 1238 1694 iaciunt
1261 1626 1291 1692 si
1318 1645 1362 1693 ex
1391 1624 1655 1717 presumptione
1685 1624 1864 1696 neminem

428 1722 624 1813 dampnas‘l
643 1720 851 1815 Respondeo
875 1748 882 1790 :
906 1723 980 1792 Non
997 1722 1104 1793 credo
1121 1721 1199 1792 illos
1218 1743 1264 1792 ex
1279 1721 1543 1814 presumptione
1561 1722 1694 1807 solum,
1717 1744 1799 1816 ymo
1815 1744 1863 1794 ex

428 1839 513 1888 vera
535 1820 741 1911 probatione
757 1819 942 1891 credentes
957 1819 1132 1910 judicari;
1154 1840 1234 1889 nam
1256 1819 1321 1890 hec
1337 1831 1390 1889 est
1414 1820 1572 1911 probatio
1592 1820 1862 1891 evidentissima

428 1937 497 2006 que
517 1915 554 1985 fir
574 1917 650 2009 ipso
670 1919 782 2003 lacto,
804 1917 890 1988 alias
910 1920 1003 1988 enim
1021 1920 1066 1989 de
1085 1918 1203 1988 animo
1215 1931 1376 1987 constare
1393 1939 1462 1987 non
1481 1929 1599 2009 posset
1618 1974 1626 2000 ‚
1647 1919 1728 2011 qnia
1748 1918 1859 1988 altum

429 2026 482 2083 est
500 2035 560 2085 cor
585 2014 736 2085 hominis
761 2026 796 2085 et
821 2016 1068 2101 inscrutabile,
1097 2029 1151 2086 set
1174 2014 1377 2107 hujusmodi
1400 2015 1529 2106 juditia
1556 2037 1626 2107 que
1655 2019 1699 2086 ad
1726 2017 1859 2087 bonum

428 2113 622 2204 retorqueri
641 2134 709 2185 non
731 2125 894 2206 possunt;
913 2136 978 2185 nec
998 2114 1042 2184 ad
1062 2114 1159 2184 aliod
1181 2114 1247 2184 nisi
1273 2112 1318 2182 ad
1346 2112 1379 2181 id
1408 2112 1504 2204 quod
1528 2134 1736 2206 expressum
1765 2114 1860 2184 indi-

427 2221 581 2302 cantpro
597 2211 861 2304 probationibus
877 2224 959 2281 sunt
970 2212 1146 2282 habenda.
1163 2210 1205 2280 m
1218 2211 1299 2280 ideo
1316 2213 1500 2303 perspicue
1521 2224 1692 2281 vocantur
1707 2212 1858 2299 insidie‚

424 2329 456 2377 c.
479 2305 637 2394 Dedolq
660 2310 682 2377 l.
705 2307 849 2379 Dolum.
871 2308 962 2392 Quid
982 2332 1066 2402 ergo
1085 2310 1242 2379 dicemus
1264 2309 1308 2379 de
1322 2307 1389 2378 hiis
1408 2308 1468 2400 qui
1489 2330 1670 2379 sermones
1689 2333 1752 2380 seu
1775 2332 1857 2403 pre·

426 2405 619 2477 dicationes
641 2428 762 2478 eornm
780 2408 1017 2478 audiverunt?
1035 2407 1244 2500 Respondeo
1274 2433 1282 2476 :
1311 2405 1345 2474 Si
1366 2406 1474 2477 semel
1494 2417 1626 2475 tantum
1645 2407 1862 2478 audiverunt

426 2515 461 2573 et
482 2524 661 2596 nunquam
682 2517 801 2599 postea
827 2506 942 2577 redire
962 2506 1172 2588 voluerunt,
1204 2505 1434 2596 inculpabiles
1462 2503 1628 2574 videntur
1650 2506 1767 2597 quoad
1791 2507 1861 2579 hnc

427 2622 471 2671 ne
487 2603 671 2673 credentes
680 2603 882 2693 judicentur
896 2628 905 2689 3
926 2605 1093 2674 necenim
1111 2604 1277 2674 videntur
1293 2602 1508 2695 approbasse
1524 2603 1618 2693 quod
1632 2605 1859 2695 postmodum

427 2701 671 2785 evitaverunt,
690 2712 725 2770 et
745 2701 810 2772 hoc
827 2701 906 2771 dico
924 2713 1132 2791 argumento
1151 2701 1295 2772 canonis
1315 2700 1342 2784 l,
1364 2722 1399 2791 q.
1423 2699 1451 2768 1⁸
1473 2724 1481 2768 z
1504 2697 1662 2771 Constat.
1683 2700 1749 2784 Qui
1770 2725 1859 2776 vero

427 2798 537 2887 prima
559 2798 636 2869 vice
656 2811 830 2870 venerunt
848 2811 884 2869 et
904 2801 1125 2892 postmodnm
1152 2801 1419 2891 frequentarunt
1439 2798 1524 2868 locis
1543 2810 1579 2868 et
1599 2797 1695 2868 horis
1714 2821 1859 2892 suspec-

427 2895 495 2980 tis,
519 2908 665 2988 possunt
685 2898 870 2967 credentes
897 2898 1032 2968 censeri
1065 2908 1311 2988 argumentum
1339 2895 1498 2966 habena
1529 2917 1634 2966 sensu
1660 2901 1857 2986 contrario,

426 3013 471 3062 ex
492 2993 585 3064 dicto
604 3015 761 3064 canone:
781 2993 935 3082 Constat,
956 3008 1026 3066 eta
1045 2996 1167 3090 simili,
1185 2994 1291 3065 Extra
1304 2994 1349 3064 de
1370 2995 1706 3086 presumptionibus,
1727 2992 1790 3093 [c]
1806 2996 1858 3068 Ex

424 3091 563 3161 studiis.
588 3091 659 3161 Hoc
678 3093 855 3184 predictus
875 3093 1039 3164 dominos
1057 3092 1184 3163 Guido.

474 3188 510 3258 ln
543 3191 858 3262 consultationibus
900 3212 984 3261 vero
1022 3191 1156 3261 domini
1198 3190 1289 3261 Petri
1323 3189 1575 3282 archiepiscopi
1616 3191 1857 3264 Narbonensis

426 3298 461 3356 et
493 3287 794 3378 suffraganeorum
829 3289 904 3379 ejus
935 3289 1202 3381 inquisitoribus
1229 3288 1434 3359 Tholosanis
1470 3313 1478 3355 ι
1515 3285 1755 3360 Dubitotioocs
1780 3312 1857 3361 oes-

425 3390 514 3454 trus.
548 3384 604 3455 Er
635 3385 814 3478 introita
844 3386 1008 3456 scribitur
1038 3387 1158 3456 :Sane
1181 3387 1271 3456 inter
1297 3386 1417 3479 culpas
1445 3406 1490 3455 ex
1517 3386 1645 3476 quibus
1670 3389 1858 3459 credentes

425 3495 571 3574 possunt
595 3484 770 3573 judicari,
806 3505 850 3553 ne
877 3485 1022 3554 ulterius
1045 3485 1198 3570 dubites,
1223 3484 1285 3554 bas
1310 3504 1388 3553 esse
1414 3481 1560 3552 firmiter
1584 3484 1796 3554 arbitramur
1826 3487 1856 3555 si

423 3582 657 3651 reverentiam
685 3584 841 3652 lecerunt
869 3581 1033 3652 hereticis
1063 3596 1100 3651 ut
1130 3583 1337 3665 credentes,
1368 3602 1491 3651 eorum
1519 3582 1696 3652 orationes
1728 3582 1857 3676 implo-

424 3692 540 3748 rantes
573 3673 613 3776 [l0
645 3678 712 3750 tau
744 3676 777 3775 c]
799 3695 832 3749 et
858 3681 969 3750 bonos
998 3679 1157 3750 homines
1184 3678 1386 3772 profitentes
1406 3680 1506 3771 quasi
1537 3679 1686 3749 adorant
1715 3703 1797 3767 eos,
1825 3685 1856 3751 si

422 3777 652 3847 consolationi
690 3800 811 3847 eornm
847 3778 1058 3870 ubicumque
1087 3777 1314 3849 consolantur
1349 3777 1382 3845 in
1417 3776 1607 3847 hereticum
1645 3779 1857 3870 recipientes

423 3895 485 3964 per
505 3875 764 3967 impositionem
787 3896 952 3944 manuum
972 3898 1011 3946 se
1027 3876 1165 3945 salvare
1182 3875 1459 3968 proditionaliter
1480 3875 1716 3961 mentiuntur;
1743 3889 1805 3946 ant
1824 3878 1854 3946 si

422 3974 571 4043 servitio
591 3974 811 4056 eorumdem,
831 3974 961 4064 majore
978 3974 1131 4066 ipsorum
1144 3974 1268 4044 librum
1288 3983 1462 4044 tenentem
1479 3985 1653 4064 apertum,
1665 3975 1855 4066 peripsum

422 4072 522 4160 quasi
552 4070 620 4142 sub
644 4071 799 4162 generali
830 4072 1051 4142 consessione
1075 4072 1317 4141 remissionem
1353 4071 1553 4161 intelligunt
1581 4069 1656 4141 fieri
1692 4084 1856 4164 peccato-

424 4189 523 4254 rum3
559 4170 589 4238 si
623 4191 710 4239 cene
729 4170 956 4239 Valdensium
981 4170 1040 4239 ubi
1061 4169 1094 4237 in
1116 4169 1174 4239 die
1200 4191 1300 4251 cene,
1322 4189 1441 4239 mensa
1476 4170 1587 4261 posita
1618 4180 1653 4239 et
1681 4190 1770 4260 pane
1793 4192 1856 4239 su-

424 4267 623 4357 perposito,
652 4267 839 4336 Valdensis
860 4289 950 4336 unns
976 4266 1189 4336 benedicens
1218 4279 1253 4337 et
1278 4267 1443 4357 frangens
1473 4267 1631 4358 dansque
1656 4267 1856 4337 astantibus

423 4363 536 4432 credit
557 4365 751 4433 secundum
778 4385 877 4434 snam
907 4365 1166 4458 dampnabilem
1193 4379 1322 4434 sectam
1352 4366 1525 4434 conticere
1553 4386 1680 4457 corpus
1699 4363 1853 4449 Christi,

425 4481 493 4528 non
514 4481 619 4530 cansa
656 4463 825 4553 prodendi
855 4463 910 4532 vel
938 4462 1219 4555 reprehendendi
1247 4483 1307 4532 eos
1334 4464 1388 4532 vel
1407 4462 1474 4532 alia
1498 4463 1767 4532 commendabili
1789 4484 1854 4533 seu

424 4559 617 4627 excusabili
637 4560 837 4642 alluerant;
855 4560 883 4630 si
901 4560 1033 4630 eisdem
1048 4560 1283 4631 Valdensibus
1300 4572 1438 4652 peccata
1458 4581 1520 4629 sua
1536 4560 1688 4630 confessi
1706 4561 1852 4645 luerint,

426 4665 462 4722 ut
479 4657 568 4725 solet
588 4668 622 4725 et
642 4658 748 4727 debet
767 4659 916 4750 quisque
934 4657 1106 4728 sacerdoti
1129 4658 1270 4751 proprio
1290 4656 1470 4745 confiteri3
1491 4660 1523 4727 si
1541 4678 1661 4750 paoem
1682 4657 1726 4727 ab
1747 4657 1852 4728 here-

426 4744 500 4821 trhis
522 4756 576 4824 vel
596 4755 831 4826 Valdensibns
862 4757 917 4825 vel
940 4777 1064 4847 panem
1085 4757 1130 4826 ab
1158 4755 1209 4825 eis
1236 4756 1459 4828 benedictum
1488 4777 1508 4825 a
1532 4776 1756 4848 quocumque
1783 4756 1854 4826 sibi

423 4850 567 4919 missum
585 4852 642 4921 vel
663 4855 782 4922 datum
802 4854 953 4924 scienter
968 4853 1238 4945 dampnabiliter
1254 4865 1482 4947 receperunt;
1500 4854 1529 4923 si
1543 4853 1771 4923 crediderunt
1790 4875 1854 4925 eos

423 4946 569 5018 insecta
589 4971 652 5018 sua
673 4951 801 5020 salvari
824 4971 926 5043 posse
956 4952 1010 5021 vel
1035 4972 1113 5021 esse
1132 4952 1242 5022 honos
1265 4962 1328 5022 ant
1346 4962 1486 5022 sanctos
1517 4952 1677 5022 homines
1703 4951 1759 5022 vel
1788 4951 1853 5022 Dei

421 5043 575 5132 amicos,
599 5047 654 5116 vel
675 5068 796 5117 eorum
817 5059 1059 5140 persecutores
1080 5069 1245 5143 peccare,
1263 5048 1318 5121 vel
1335 5050 1365 5119 si
1385 5070 1446 5120 eos
1465 5049 1579 5120 taliter
1601 5049 1850 5138 laudaverunt,

1128 5836 1360 6016 A
