4612 6404
431 601 504 686 550
715 616 877 672 emmim
902 618 1142 687 mqursrrronrs
1168 621 1332 685 umentes
1357 619 1572 674 rnnmrnrrs.

431 787 569 861 nantes,
590 773 650 843 filii
668 775 784 868 Belyal
807 776 1024 870 multiplicati
1044 792 1182 851 suntet
1202 791 1405 865 creverunt,
1424 775 1748 872 prelatoGerardo,
1770 775 1868 868 ipso·

432 874 643 964 rumcapite,
656 871 875 943 heresiarcha
893 885 928 945 et
947 875 1068 967 iniquo
1081 877 1184 961 duce,
1205 876 1322 946 adhoc
1342 889 1425 946 tunc
1441 874 1634 967 superstite
1654 876 1865 945 etviuente.

434 971 588 1060 Cumque
607 969 716 1060 magis
734 991 775 1040 ac
795 970 905 1062 magis
927 974 1081 1064 ipsorum
1102 996 1202 1045 error
1214 987 1251 1044 et
1266 973 1401 1047 heresis
1415 973 1630 1044 successivis
1645 970 1868 1064 temporibus

435 1067 660 1163 panderetur,
690 1078 858 1158 ceperunt
888 1068 1113 1161 inquisitores
1139 1071 1294 1141 heretice
1322 1070 1504 1165 pravitatis
1531 1068 1743 1140 auctoritate
1768 1066 1868 1144 sedis

434 1162 624 1258 apostolice
643 1163 677 1231 in
698 1162 854 1254 partibus
873 1166 987 1235 Ytalie
1007 1168 1185 1259 inquirere
1203 1179 1237 1240 et
1258 1168 1451 1260 procedere
1470 1177 1594 1238 contra
1610 1187 1686 1237 eos.
1704 1165 1868 1237 Prelatos

434 1273 548 1333 tomen
567 1259 741 1330 Gerordus
762 1263 965 1353 perduravit
983 1286 1094 1357 usque
1112 1265 1157 1334 ad
1179 1277 1315 1357 tempus
1333 1264 1504 1336 Bonilacii
1521 1284 1611 1356 pape
1625 1262 1726 1345 vlle,
1746 1263 1869 1355 plures

433 1359 565 1432 habens
586 1352 627 1451 [1ο
648 1357 715 1425 178
736 1354 772 1455 1)]
792 1358 985 1452 discipulos
1003 1364 1133 1432 erroris
1151 1363 1206 1433 sui
1229 1363 1358 1455 pariter
1375 1372 1411 1432 et
1427 1362 1628 1452 magistros,
1650 1359 1870 1450 tandemque

432 1471 511 1550 post
530 1455 580 1524 xl·
600 1455 672 1524 lere
690 1475 843 1526 annosa
870 1457 981 1548 primo
1008 1459 1061 1528 sui
1092 1459 1192 1530 initio
1222 1458 1481 1551 computando,
1509 1458 1668 1550 prelatos
1686 1456 1869 1530 Gerardus

433 1552 552 1624 studio
568 1561 602 1621 et
621 1551 857 1622 sollicitudine
877 1553 1120 1645 inquisitorum
1140 1556 1186 1627 de
1204 1557 1329 1627 ordine
1352 1556 1616 1627 Predicatorum
1644 1554 1680 1623 in
1705 1553 1869 1647 partibus

436 1648 895 1741 Lombardiedeprehensos
906 1663 960 1720 est
973 1654 1009 1721 in
1030 1652 1142 1723 heresi
1156 1666 1191 1724 et
1210 1666 1374 1745 tanquam
1391 1653 1568 1724 hereticus
1583 1651 1870 1743 condempnatus

431 1750 560 1842 pariter
576 1759 611 1818 et
625 1748 842 1841 combustos,
859 1761 1015 1841 tempore
1033 1751 1165 1821 domini
1184 1771 1272 1844 pape
1290 1750 1459 1821 Bonilacii
1479 1749 1680 1820 memorati.
1703 1749 1785 1819 Lata
1800 1749 1871 1820 luit

431 1845 604 1916 sententia
624 1856 743 1916 contra
764 1867 843 1915 eum
866 1867 926 1938 per
943 1848 1082 1917 tratrem
1103 1847 1311 1918 hlatlredum
1333 1849 1377 1919 de
1396 1847 1542 1931 Parma,
1572 1847 1618 1917 de
1638 1845 1764 1917 ordine
1782 1845 1872 1918 Pre-

431 1943 643 2026 dicatorum,
677 1944 940 2035 inquisitorem,
981 1945 1015 2013 io
1049 1945 1177 2037 palatio
1212 1946 1366 2038 episcopi
1403 1944 1624 2028 Parmensis,
1653 1944 1777 2014 XVlll·
1810 1943 1873 2015 die

431 2040 561 2112 mensis
581 2040 681 2130 julii,
712 2062 805 2111 anno
828 2041 961 2113 domini
982 2043 1030 2111 th
1056 2041 1143 2111 CCC⁰
1162 2045 1288 2135 primo.
1316 2042 1414 2112 Multi
1439 2063 1583 2133 quoque
1609 2043 1655 2112 de
1678 2054 1774 2112 secta
1803 2061 1872 2112 sua

432 2139 574 2208 luerunt
591 2137 820 2231 deprehensi,
842 2162 991 2231 quorum
1011 2139 1169 2210 nonnulli
1188 2141 1350 2210 conversi
1377 2141 1518 2209 luerunt
1537 2137 1749 2210 coufitentes
1769 2161 1872 2211 erro·

431 2257 488 2306 res
507 2235 600 2305 dicte
618 2248 713 2306 secte
731 2247 766 2305 et
790 2238 939 2309 eandem
965 2240 1000 2307 in
1027 2237 1157 2326 juditio
1176 2237 1400 2326 abjurantes,
1421 2248 1458 2307 et
1488 2258 1550 2328 pro
1575 2236 1644 2306 hiis
1671 2236 1707 2304 iu
1734 2237 1873 2327 quibus

428 2332 677 2406 commiserant
703 2331 930 2425 penitentiam
957 2346 1203 2424 susceperunt.
1231 2334 1298 2402 Alii
1331 2356 1416 2405 vero
1446 2334 1557 2426 puniti
1588 2335 1732 2402 luerunt
1761 2345 1876 2425 prout

431 2451 551 2502 eorum
574 2430 742 2500 demerita
764 2432 966 2522 exigebant.
987 2431 1585 2524 Quamplnresautemaulngerunt
1604 2431 1722 2501 etalii
1745 2430 1869 2502 latue-

433 2538 534 2609 runt,
557 2527 615 2597 alii
635 2549 720 2598 vero
738 2550 777 2599 se
795 2530 840 2599 ad
862 2541 977 2622 partes
996 2531 1083 2599 alias
1104 2529 1370 2599 transtulerunt.

480 2625 718 2696 Exterminatn
735 2638 851 2696 autem
870 2627 915 2697 de
935 2628 1051 2697 medio
1069 2638 1104 2696 et
1122 2639 1277 2696 cremato
1297 2627 1430 2719 prelato
1446 2626 1604 2698 Gerardn
1623 2627 1873 2715 heresiarcha,

431 2723 598 2794 Dulcinus
617 2723 841 2794 Novariensis
861 2724 1042 2818 dyocesis,
1063 2724 1205 2814 spurius
1231 2721 1323 2794 filius
1340 2724 1555 2806 sacerdotis,
1580 2746 1671 2795 unus
1691 2746 1738 2795 ex
1755 2725 1873 2795 disci·

431 2821 523 2915 pulis
540 2821 660 2912 prelati
678 2819 840 2908 Gerardi,
856 2825 1024 2893 successit
1041 2822 1157 2892 eidem
1179 2820 1213 2890 in
1233 2820 1432 2911 magisterio
1448 2822 1578 2891 erroris
1594 2833 1631 2892 et
1650 2825 1751 2913 pravi
1770 2822 1868 2914 dog·

432 2920 553 3001 matis,
575 2918 756 3010 factusque
782 2931 836 2989 est
854 2931 958 3012 capot
979 2931 1014 2989 et
1035 2918 1212 2988 vexillifer
1231 2920 1343 2987 tocius
1368 2929 1465 2988 secte
1491 2917 1587 2988 illius
1613 2930 1650 2990 et
1670 2941 1879 3011 congrega-

434 3017 553 3099 tionis,
577 3036 644 3086 uon
665 3016 808 3108 quidem
831 3029 868 3086 ut
888 3017 1060 3087 lallaciter
1077 3014 1199 3085 dicunt
1216 3015 1425 3107 apostolice,
1445 3026 1501 3084 set
1517 3036 1639 3086 revera
1658 3038 1678 3086 a
1705 3019 1876 3101 ostatiee,

432 3134 641 3204 erroresque
661 3113 841 3185 erroribus
860 3113 1011 3183 adduxit
1030 3124 1065 3183 et
1084 3112 1243 3194 adauxit,
1270 3112 1361 3182 sicut
1385 3112 1495 3202 magis
1516 3112 1663 3184 interius
1680 3039 1722 3209 fh
1745 3114 1817 3183 178
1839 3110 1877 3212 o]

430 3211 638 3304 apparebit,
660 3211 718 3281 uhi
739 3231 880 3282 errores
901 3211 1019 3280 talium
1045 3211 1112 3281 sub
1128 3209 1280 3301 quodam
1300 3209 1512 3303 compendio
1535 3222 1619 3279 sunt
1647 3213 1813 3293 collecti,
1837 3222 1882 3282 ut

432 3308 560 3380 detecti
594 3307 720 3381 melius
749 3309 891 3380 valeant
915 3330 936 3379 a
963 3306 1126 3378 fidelibus
1154 3309 1304 3394 evitari;
1342 3307 1530 3398 dictusque
1556 3308 1727 3379 Dulcinus
1759 3309 1880 3381 multa

432 3405 528 3478 milia
550 3405 729 3476 hominum
754 3407 937 3499 utriusque
961 3426 1091 3486 sexus,
1122 3407 1275 3476 maxime
1301 3404 1336 3475 in
1365 3405 1522 3496 partibus
1547 3406 1665 3477 Ytalie
1691 3418 1727 3477 et
1746 3404 1882 3478 Tuscis

431 3527 474 3578 ac
500 3504 577 3574 aliis
602 3503 863 3575 circumvicinis
891 3503 1119 3595 regionibus,
1148 3503 1250 3592 longe
1276 3503 1416 3593 lateque
1435 3505 1470 3571 in
1496 3514 1591 3573 secta
1611 3525 1676 3574 sua
1696 3516 1732 3574 et
1751 3502 1881 3576 heresi

431 3603 625 3686 adunavit,
647 3603 775 3696 quibus
796 3601 990 3672 doctrinam
1013 3599 1157 3671 tradidit
1177 3600 1375 3693 pestiferam
1397 3610 1432 3668 et
1449 3599 1589 3692 spiritu,
1610 3623 1680 3673 non
1702 3613 1771 3670 tam
1791 3622 1880 3694 pro·

433 3701 573 3796 phetico
599 3723 704 3793 quam
734 3700 921 3793 phanatico
947 3711 983 3770 et
1008 3699 1152 3782 insano,
1184 3696 1291 3767 multa
1312 3699 1426 3767 lutura
1447 3697 1616 3789 predixit,
1641 3719 1811 3770 asserens
1841 3710 1884 3770 et

433 3798 639 3890 confingens
657 3820 696 3869 se
716 3799 848 3870 habere
874 3798 1127 3868 revelationem
1146 3819 1167 3867 a
1190 3798 1261 3866 Deo
1282 3807 1318 3865 et
1342 3795 1503 3888 spiritum
1524 3794 1766 3887 intelligencie
1789 3818 1881 3889 pro—

433 3898 632 3992 phetarum,
654 3897 689 3966 in
709 3896 838 3990 quibus
855 3894 1020 3967 omnihus
1040 3895 1206 3965 inventus
1225 3906 1278 3963 est
1300 3891 1422 3976 salsus,
1443 3904 1479 3963 et
1496 3893 1664 3978 mendax,
1688 3905 1724 3964 el
1743 3894 1880 3988 decep·

429 3995 560 4080 torius,
580 4005 616 4065 et
633 3995 820 4087 deeeptus,
840 4015 919 4065 cum
938 4014 1002 4064 sua
1021 3991 1204 4082 Margarita
1225 3988 1381 4061 malefica
1403 4001 1439 4061 et
1458 3989 1616 4060 heretica
1636 4003 1811 4063 consorte
1833 3993 1879 4064 in

340 4099 343 4105 “
431 4093 565 4165 scelere
583 4104 620 4162 et
637 4114 781 4187 errore,
801 4094 893 4162 sicot
913 4090 1024 4181 magis
1043 4089 1226 4181 sequentia
1245 4079 1488 4157 declarabunt.

480 4190 625 4284 Scripsit
643 4203 760 4261 autem
782 4190 938 4283 prelatus
966 4187 1134 4258 Dulciuns
1160 4185 1328 4280 epistolas
1350 4198 1418 4257 tres
1437 4205 1526 4278 quas
1546 4185 1742 4258 intitulavit
1761 4209 1881 4277 gene·

435 4289 555 4360 naliter
573 4289 618 4358 ad
648 4288 832 4359 universos
858 4286 984 4357 Christi
1010 4282 1133 4355 fideles
1158 4296 1194 4355 et
1217 4282 1415 4376 specialiter
1438 4282 1483 4355 ad
1502 4303 1587 4353 suos
1614 4305 1814 4376 sequaces3
1838 4287 1882 4358 in

435 4387 521 4480 ipsis
539 4386 697 4479 epistolis
726 4385 801 4456 suis
821 4385 867 4456 de
887 4382 1070 4477 scripturis
1094 4382 1224 4453 sanctis
1248 4381 1389 4474 copiose
1407 4380 1562 4452 delirans
1581 4391 1617 4450 et
1640 4382 1819 4454 simulans
1838 4383 1882 4457 in

430 4484 579 4557 exordio
598 4484 794 4554 litterarum
816 4504 958 4553 suarum
980 4478 1084 4551 tidem
1104 4480 1258 4551 Romane
1278 4477 1432 4550 Ecclesie
1450 4499 1489 4549 se
1510 4489 1649 4563 tenere,
1669 4481 1773 4570 eujus
1793 4502 1882 4573 per·

430 4580 550 4653 fidiam
575 4591 832 4674 consequenter
853 4579 975 4673 pandit
999 4578 1110 4649 series
1135 4577 1371 4648 earumdem:
1398 4598 1444 4647 ex
1466 4596 1614 4667 quarum
1642 4577 1797 4647 duarum
1822 4591 1880 4653 te·

432 4701 517 4751 nore
535 4700 623 4772 quas
643 4681 761 4763 tenui,
784 4677 1010 4770 excerpendo
1029 4675 1154 4766 collegi
1173 4675 1241 4745 snb
1261 4675 1471 4767 compendio
1490 4695 1560 4765 que
1578 4687 1763 4757 secuntur,
1789 4698 1878 4768 pre-

432 4778 601 4848 termissis
624 4777 703 4848 aliis
722 4777 907 4848 brevitatis
934 4793 1040 4844 carisa
1060 4793 1130 4865 qne
1158 4772 1297 4843 adrem
1324 4772 1468 4843 minime
1494 4771 1608 4841 lacere
1637 4772 1879 4852 videbantur.

430 4873 585 4957 Quarum
607 4897 676 4946 una
696 4874 776 4945 data
795 4895 859 4944 seu
881 4869 923 4969 [1ο
940 4870 1009 4940 178
1021 4866 1060 4965 (1]
1077 4869 1275 4962 conscripta
1291 4870 1356 4939 luit
1373 4890 1468 4939 anno
1488 4867 1629 4938 Domini
1648 4868 1697 4939 hi⁰
1713 4868 1821 4960 cem,
1839 4873 1882 4946 in

432 4992 552 5043 mense
570 4973 723 5065 augusti,
747 4973 781 5041 in
802 4990 871 5064 qua
891 4970 967 5063 ipse
981 4967 1150 5037 Dulcinus
1165 4967 1200 5035 in
1221 4966 1394 5059 principio
1407 4965 1535 5036 asserit
1550 4965 1648 5036 illam
1665 4988 1771 5037 suam
1789 4990 1880 5044 con·

586 5104 621 5161 tt-
