4574 6404
1018 701 1136 754 suurn
1163 700 1260 753 unns.
1787 675 1854 743 ¹⁰3

422 874 539 932 autem
562 860 664 931 nobis
688 871 724 931 et
749 860 878 929 nostris
905 860 939 929 in
967 859 1204 952 inquisitionis
1231 855 1347 928 officio
1368 854 1632 927 successoribus
1661 853 1852 946 plenariam

422 968 631 1053 potestatem
658 958 833 1043 addendi,
859 957 1100 1051 diminuendi,
1121 955 1332 1048 agravandi,
1355 953 1555 1044 mitigandi,
1578 952 1634 1022 vel
1662 952 1767 1022 etiam
1798 973 1852 1022 re-

423 1055 583 1126 mittendi
614 1056 648 1125 in
677 1049 717 1151 [N
743 1055 788 1123 56
816 1051 853 1151 d]
882 1056 1036 1148 predicta
1066 1055 1256 1147 penitentia
1284 1055 1362 1123 sive
1391 1071 1508 1143 pena,
1542 1071 1677 1120 necnon
1711 1060 1852 1121 senten·

423 1152 532 1224 tiandi
552 1152 655 1223 aliter
673 1153 825 1245 aliquem
848 1153 904 1224 vel
924 1154 1061 1246 aliquos
1079 1153 1124 1224 de
1144 1152 1323 1245 predictis,
1345 1151 1374 1233 si
1394 1148 1529 1218 inventi
1551 1149 1680 1218 luerint
1699 1149 1852 1220 scienter

423 1263 483 1322 aut
504 1250 678 1320 malitiose
697 1251 814 1342 aliqua
834 1251 879 1321 de
899 1252 989 1322 lacto
1009 1251 1143 1321 heresis
1162 1249 1485 1342 suppressisse,seu
1505 1246 1658 1337 aliquem
1679 1248 1850 1316 innocen·

425 1361 492 1420 tem
521 1348 718 1420 involvisse
747 1351 783 1418 in
812 1349 959 1420 crimine
986 1348 1121 1419 heresis
1149 1358 1355 1417 memorato.
1382 1346 1463 1414 Lata
1490 1344 1555 1413 fuit
1583 1343 1648 1414 hcc
1677 1344 1852 1414 sententia

425 1466 516 1517 anno
540 1457 576 1515 et
600 1447 676 1528 die,
700 1460 734 1516 et
762 1446 856 1533 loco,
879 1458 914 1517 et
940 1447 1163 1540 presentibus
1188 1445 1356 1528 testibus,
1378 1453 1462 1528 etc,
1484 1439 1786 1535 (conprimuntur).
1813 1441 1853 1511 El

424 1564 490 1636 ego
517 1543 596 1613 talis
615 1543 657 1613 N.
680 1543 827 1614 clericus
852 1546 1059 1616 auctoritate
1083 1543 1274 1635 apostolica
1298 1541 1439 1613 tabellio
1460 1541 1620 1633 publicus
1640 1551 1676 1610 et
1695 1540 1853 1611 notarius

426 1640 529 1712 officii
552 1641 791 1733 inquisitionis
819 1642 973 1730 juratus,
997 1641 1164 1733 predictis
1183 1639 1347 1711 omnibus
1367 1638 1527 1722 interlui,
1551 1649 1586 1708 et
1606 1637 1795 1730 requisitus
1812 1658 1853 1707 ac

426 1739 656 1810 demandato
675 1740 830 1830 religiosi
854 1739 920 1809 viri
943 1740 1021 1810 talis
1040 1739 1082 1807 N.
1105 1738 1322 1831 inquisitoris
1343 1758 1383 1808 ea
1404 1737 1526 1829 scripsi
1548 1746 1584 1805 et
1603 1736 1741 1828 recepi,
1763 1746 1798 1809 et
1816 1736 1853 1805 in

419 1837 600 1930 publicam
623 1838 768 1908 formam
789 1836 929 1928 redegi,
950 1838 1124 1929 signoque
1144 1858 1222 1907 meo
1243 1835 1347 1907 solito
1365 1834 1504 1926 signavi
1525 1844 1679 1924 rogatus

472 1935 508 2005 Si
539 1955 627 2005 vero
660 1957 808 2028 persone
837 1955 949 2027 pauco
979 1956 1127 2005 numero
1157 1934 1286 2004 luerint
1315 1931 1547 2017 inmorande,
1582 1931 1853 2002 convenientius

428 2033 491 2102 erit
516 2033 638 2125 culpas
657 2033 873 2124 singularum
900 2033 935 2102 in
961 2034 1034 2128 ipsa
1060 2033 1169 2103 forma
1195 2034 1369 2102 sententie
1393 2031 1603 2100 interserere
1634 2050 1696 2100 seu
1721 2051 1854 2122 ponere

373 2140 377 2147 ’
429 2130 648 2202 istomodo:

415 2312 418 2321 Ι
472 2228 553 2300 Post
573 2228 657 2297 illud
680 2228 740 2297 ubi
766 2229 894 2298 dicitur
913 2250 1019 2322 supra
1047 2231 1081 2298 in
1102 2228 1274 2321 principio
1297 2253 1305 2299 :
1328 2226 1483 2318 legitime
1500 2226 1597 2296 nobis
1612 2232 1745 2298 constat
1761 2224 1856 2320 quod

429 2333 464 2396 tu
487 2326 568 2397 talis
586 2324 639 2396 N.
661 2326 705 2397 de
730 2325 795 2396 tuli
815 2325 886 2397 loco
911 2326 1135 2410 commisisti,
1156 2348 1216 2396 seu
1241 2325 1358 2420 fecisti
1380 2325 1444 2396 noc
1468 2331 1501 2394 et
1525 2324 1610 2414 hoc,
1632 2324 1798 2394 recitetur
1822 2333 1858 2393 et

429 2425 601 2495 scribatur
625 2425 727 2517 culpa
752 2424 844 2494 illius
865 2424 901 2493 in
921 2424 988 2496 boc
1009 2425 1086 2497 loco
1109 2448 1117 2491 :
1138 2422 1229 2494 item
1251 2423 1345 2518 quod
1366 2430 1404 2493 tu
1431 2422 1513 2494 tutis
1531 2420 1582 2493 N.
1603 2421 1718 2517 fecisti
1738 2421 1802 2493 boc
1825 2428 1857 2491 et

428 2520 508 2616 hoc,
528 2534 565 2593 et
582 2525 633 2593 sic
652 2519 697 2592 de
715 2523 865 2613 singulis
889 2523 1051 2615 sequitur
1072 2548 1079 2590 :
1103 2529 1178 2593 tum
1200 2521 1364 2614 praviter
1388 2528 1420 2592 et
1441 2529 1516 2592 tum
1538 2519 1800 2613 multipliciter,
1822 2531 1858 2590 et

428 2632 556 2706 cetera,
580 2631 756 2713 utsupra.

474 2717 560 2787 ltem
590 2719 716 2788 modus
745 2718 913 2810 loquendi
943 2718 977 2786 in
1007 2719 1162 2810 predicta
1190 2718 1365 2789 sententia
1394 2732 1429 2788 et
1458 2716 1702 2788 consimilibus
1729 2716 1857 2809 poterit

429 2835 505 2885 esse
532 2816 568 2884 in
597 2815 703 2886 tercia
725 2836 872 2908 persona
893 2815 921 2885 si
944 2819 1055 2907 magis
1076 2817 1266 2910 placuerit,
1289 2815 1389 2886 verbi
1418 2809 1523 2912 [1⁰57
1544 2811 1578 2910 a]
1605 2815 1714 2905 gratia
1736 2840 1744 2881 :
1766 2813 1860 2908 quod

429 2911 504 2982 tulis
523 2911 576 2982 N.
598 2912 642 2982 de
661 2913 727 2982 tuli
749 2913 821 2984 loco
839 2912 1006 3005 fecithoc
1024 2913 1159 3000 etlroc,
1180 2913 1281 2985 etsie
1303 2912 1347 2984 de
1365 2913 1468 2999 alins,
1490 2912 1537 2982 ita
1565 2924 1680 2982 tamen
1707 2912 1802 3004 quod
1822 2912 1857 2981 in

430 3010 657 3103 sequentibus
672 3011 707 3079 in
729 3011 853 3081 eadem
873 3012 1048 3082 sententia
1068 3012 1105 3081 in
1122 3012 1207 3083 locis
1225 3012 1299 3083 suis
1320 3011 1486 3104 loquendi
1506 3011 1707 3102 congruitas
1727 3021 1762 3080 et
1780 3010 1856 3079 uni·

431 3107 585 3179 lormitas
605 3119 848 3179 conservetur.

474 3205 519 3278 si
544 3227 624 3275 nero
650 3205 837 3276 multitudo
860 3229 995 3298 magun
1021 3208 1211 3302 culparum
1237 3213 1271 3278 et
1289 3228 1530 3301 personarum
1548 3227 1615 3299 que
1639 3204 1777 3297 suerint
1800 3205 1857 3276 in·

431 3303 607 3374 murande
639 3303 798 3395 exceperit
810 3357 820 3392 ,
849 3311 1020 3397 poterunt
1048 3304 1148 3397 culpae
1178 3304 1407 3398 singularum
1440 3325 1507 3399 que
1540 3304 1687 3374 recitate
1721 3304 1861 3398 fuerint

431 3400 599 3471 conscribi
614 3408 697 3472 unte
720 3405 877 3491 sormam
895 3402 1073 3488 sententie,
1101 3402 1190 3473 sicut
1212 3403 1251 3472 in
1276 3402 1516 3496 superioribus
1534 3401 1797 3473 memorialibus
1814 3408 1862 3473 est

431 3504 587 3569 notatum
601 3554 610 3582 ,
626 3507 670 3570 et
694 3499 901 3594 frequenter
923 3500 1070 3592 contigit
1090 3501 1139 3570 sic
1169 3501 1213 3571 de
1239 3499 1335 3592 sacto
1358 3506 1469 3594 prout
1496 3500 1679 3572 inuenitur
1701 3499 1738 3571 in
1762 3500 1860 3590 libris

432 3595 661 3690 inquisitionis
679 3599 777 3668 nonis
793 3598 936 3691 puriter
954 3605 988 3669 et
1005 3598 1171 3692 antiquis.

431 3824 486 3887 17.
510 3823 645 3888 Forma
659 3827 841 3889 sententis
856 3834 986 3891 contra
1000 3827 1160 3908 aliquem
1177 3825 1312 3891 falsum
1332 3834 1463 3891 testem
1485 3827 1547 3907 qui
1570 3827 1753 3892 malitiose
1772 3844 1858 3892 con·

468 3938 528 3997 tra
542 3933 701 4015 aliquem
716 3934 774 3997 vel
789 3933 931 4014 aliquos
956 3930 1172 3998 innocentes
1186 3933 1278 3998 falso
1295 3935 1480 4014 deposuit,
1505 3935 1633 3999 volens
1657 3950 1718 3998 eos
1743 3935 1861 3998 invol-

469 4055 554 4104 vere
569 4041 611 4104 in
626 4042 780 4105 crimine
795 4041 955 4113 heretice
970 4042 1178 4121 pravitatis.

479 4257 516 4326 ln
538 4257 681 4328 nomine
700 4257 860 4343 Domini,
882 4279 984 4328 amen
1005 4255 1070 4353 (l).
1094 4258 1232 4328 Dudum
1254 4259 1332 4330 talis
1356 4259 1398 4328 N.
1421 4259 1544 4330 detali
1566 4260 1657 4346 loco,
1681 4258 1758 4329 talis
1778 4259 1863 4354 dyo·

431 4357 545 4436 cesis,
566 4355 713 4424 veniens
741 4377 865 4447 perse
895 4355 1034 4448 ipsum,
1063 4355 1248 4427 aliusnon
1275 4367 1444 4443 vocatus,
1476 4378 1594 4428 coram
1624 4356 1727 4429 nobis
1756 4357 1863 4428 fratre

433 4451 491 4522 tali
511 4451 555 4522 N.
577 4452 786 4543 inquisitore
805 4453 960 4524 heretice
979 4453 1164 4547 pravitatis
1184 4454 1219 4522 in
1239 4475 1348 4546 regno
1372 4455 1515 4526 Francie
1535 4478 1597 4549 per
1615 4455 1736 4526 sedem
1757 4475 1861 4547 apos·

433 4549 572 4621 tolicam
589 4552 781 4643 deputato,
804 4554 840 4619 in
855 4551 986 4642 juditio
1005 4554 1238 4638 constitutus,
1255 4553 1395 4642 juratus
1414 4552 1460 4624 de
1479 4553 1629 4624 veritate
1649 4552 1799 4623 dicenda
1819 4552 1863 4622 de

431 4647 523 4719 lacto
547 4669 611 4720 seu
639 4649 786 4720 crimine
812 4649 970 4737 heresis,
994 4660 1062 4720 tam
1092 4650 1137 4719 de
1155 4670 1194 4720 se
1221 4660 1260 4719 ut
1287 4649 1331 4720 de
1352 4649 1557 4742 principali,
1585 4672 1692 4744 quam
1720 4650 1766 4721 de
1784 4650 1863 4720 aliis

432 4745 526 4817 uiris
545 4757 581 4817 et
609 4749 755 4817 mortuis
783 4757 822 4816 ut
840 4747 960 4834 testis,
980 4759 1107 4840 sponte
1135 4748 1317 4818 confessus
1347 4748 1413 4817 luit
1441 4759 1477 4819 et
1505 4748 1671 4841 deposuit
1688 4747 1784 4841 quod
1813 4757 1865 4819 tot

432 4843 515 4913 anni
537 4854 637 4930 eraut
655 4855 738 4914 tunc
756 4844 866 4937 elapsi
884 4846 968 4916 dum
991 4847 1066 4939 ipse
1085 4843 1321 4915 infirmaretur
1341 4845 1492 4938 quadam
1510 4845 1714 4917 infirmitate
1733 4843 1778 4917 de
1795 4865 1864 4938 qua

468 5101 506 5167 (l)
527 5080 613 5156 Cusus
627 5104 708 5156 istius
723 5104 855 5156 sententie
869 5103 924 5168 fuit
945 5102 1054 5157 Thelme
1066 5103 1098 5156 de
1112 5103 1202 5168 suctu,
1218 5117 1294 5156 anno
1309 5064 1493 5157 nocuerim.
1512 5101 1538 5157 Α
1552 5102 1578 5156 la
1595 5117 1702 5172 merge.
