1435 1800
530 268 590 282 'rea'rm
603 268 652 282 ems.
918 264 951 282 ¹35

235 308 281 331 pisse
291 307 404 330 penitentiam
413 307 436 325 ab
445 308 512 326 eisdem
523 313 568 331 quos
578 311 653 326 noverat
662 313 702 326 esse
713 308 756 326 tales
764 310 782 325 et
791 308 858 326 sciebat
868 313 902 326 non
911 313 951 326 esse

234 332 334 350 sacerdotes
344 337 376 355 per
384 331 461 355 aliquem
470 333 572 355 episcopum
580 332 659 350 Romane
665 332 743 350 Ecclesie
750 332 847 350 ordinatos.
857 332 906 354 ltem,
912 338 951 355 pre-

234 356 279 374 dicta
289 358 336 374 secta
349 359 366 373 et
379 356 447 374 heresis
459 356 578 380 indulgentias
587 362 622 380 que
634 356 679 374 fiunt
692 362 724 380 per
732 356 809 380 prelatos
822 356 900 374 &clasis
911 357 950 374 irri-

234 380 292 399 dendo
305 380 369 398 asserit
380 385 415 398 non
425 380 492 399 valere.
505 381 555 403 item,
568 384 633 404 negant
642 386 681 399 esse
693 384 732 404 posi
745 381 790 399 hanc
803 381 857 398 vitam
868 384 950 404 purgato-

234 405 278 423 rinrn
293 404 391 422 animarum
403 404 423 429 [1⁰
432 404 456 422 74
466 404 482 429 c]
494 408 511 423 et
522 408 651 429 consequenter
661 406 761 427 orationes,
776 408 794 423 et
802 405 919 426 elemosinas,
930 410 951 423 ac

234 429 327 447 missarum
341 429 478 451 celebrationes,
493 433 511 447 et
524 430 558 447 alin
571 430 654 453 suffragia
667 430 737 453 pietatis
746 435 781 453 que
795 429 839 447 liunt
848 435 858 447 a
868 429 950 448 fidelibus

234 459 264 477 pro
273 453 361 471 defunctis
375 453 417 476 ipsis
431 454 494 471 asserit
505 459 541 472 nou
551 454 643 477 prodesse.
657 454 700 472 ltem
707 467 712 476 ‚
727 454 798 477 prelatis
808 457 825 472 et
837 454 905 472 clericis
915 454 949 472 Ro-

234 483 285 496 mane
294 478 372 495 Ecclesie
381 478 504 501 detrahentes,
519 481 584 496 statum
597 484 657 496 eorum
669 478 765 502 reprobant
776 481 794 496 et
806 478 948 502 condempnant,

234 502 312 521 dieentes
324 508 354 520 eos
362 508 402 520 esse
411 508 462 521 cecos
472 505 490 520 et
499 503 553 521 duces
561 508 642 521 cecorum
649 517 654 525 ,
665 506 683 521 et
693 509 728 521 uon
738 508 809 521 servare
818 503 908 526 Evangelii
918 508 949 521 ve-

233 527 313 549 ritatem,
328 532 360 544 nec
370 527 420 550 sequi
430 527 552 550 evangelicam
564 530 582 545 et
591 528 704 551 apostolicum
715 530 847 551 paupertatem,
858 527 949 551 ipsamque

233 551 429 569 RomanamEcclesiam
436 552 508 569 domum
517 557 556 570 esse
564 552 650 570 mendacii
657 552 765 570 mendaciter
773 552 888 570 mentiuntur.
898 552 948 573 Item,

233 581 251 594 se
260 576 308 599 ipsos
317 576 353 593 vite
366 578 383 593 et
396 576 499 599 perfectioni
514 576 610 599 apostolice
622 579 745 600 comparantes
754 579 772 594 et
782 576 849 594 meritis
858 581 949 599 coequan-

234 603 258 618 tes
268 600 286 617 in
296 606 316 618 se
326 600 368 623 ipsis
378 600 454 618 inaniter
464 601 569 623 gloriantur,
582 601 669 623 jactantes
682 606 701 619 se
714 604 774 619 tenere
784 603 802 618 et
813 606 885 618 servare
895 601 949 618 vitam

232 624 294 642 Christi
304 627 322 642 et
331 624 450 647 apostolorum
460 625 498 648 ejus
509 628 527 642 et
537 625 658 648 evangelicam
669 629 687 643 et
695 625 809 648 apostolicam
820 628 953 648 paupertatem.-

233 649 282 670 ltem,
295 649 328 667 hec
339 652 357 666 et
368 649 453 667 nonnulla
462 650 497 667 alia
507 653 541 667 tam
552 655 626 668 erronea
636 655 690 673 quam
701 650 763 667 insana
775 652 836 667 eontra
848 649 900 667 fidem
915 650 949 668 Ro-

233 678 284 691 mane
294 673 372 691 Ecclesie
384 673 454 691 Domini
467 674 520 692 Jhesu
533 674 596 692 Christi
609 674 722 692 credentibus
734 675 772 692 suis
785 674 871 692 clamculo
884 675 902 691 iu
912 674 949 692 suis

233 698 360 716 conventiculis
374 698 504 721 dogmatizent,
520 698 631 722 predicantes
642 699 665 716 de
673 698 774 722 Evangeliis
787 701 804 716 et
812 698 891 722 epistolis
904 698 950 716 aliis-

233 727 266 745 que
276 723 331 740 sacris
340 722 440 746 seripturis,
448 728 493 746 quas
499 722 522 740 de
531 723 609 741 vanitate
618 728 681 741 sensus
687 723 715 741 sni
723 723 830 746 exponendo
835 726 950 746 corrumpunt

234 750 316 770 tanquam
324 746 404 769 magistri
412 747 477 765 erroris
486 747 516 770 qui
527 752 561 765 uon
572 750 660 765 noverunt
670 753 709 765 esse
718 747 799 771 discipuli
809 747 898 769 veritatis,
909 752 949 765 cum

233 771 328 794 predicatio
338 774 356 789 et
366 776 417 789 sacre
426 772 513 795 scripture
520 772 608 795 expositio
615 772 669 795 laycis
679 772 701 789 sit
709 772 779 795 penitus
788 771 887 789 interdicta.
898 771 948 792 ltem,

232 795 278 813 dicta
288 798 335 813 secta
344 795 459 813 Valdensium
471 796 488 813 in
498 796 588 814 nonnullis
597 796 636 814 aliis
644 801 653 813 a
662 796 751 814 communi
760 797 894 814 conversatione
905 795 949 814 fide-

232 820 273 838 lium
290 820 326 838 vita
341 822 360 838 et
375 820 454 838 moribus
472 820 547 838 dissidet
559 823 577 838 et
590 821 689 842 discordat,
707 821 753 838 sicut
771 826 802 844 per
817 820 948 843 inquisitionem

233 843 253 869 [P
266 844 290 862 ’14
304 844 323 869 d]
337 847 355 863 et
368 845 517 863 examinationem
533 848 551 862 et
564 848 598 862 tam
614 845 690 868 ipsorum
705 845 817 863 Valdensium
832 845 949 868 perlectorum

232 874 284 892 quam
295 869 405 887 credentium
416 869 530 891 eorumdem,
541 872 559 887 et
569 870 652 893 precipue
663 875 693 893 per
706 870 826 887 consessiones
839 869 908 887 illorum
918 869 949 893 qui

232 893 253 911 nb
267 894 296 912 illa
307 897 355 912 secta
369 897 387 912 et
399 894 457 912 heresi
470 896 608 916 convertuntur,
622 894 757 917 inquisitoribus
769 896 877 917 compertum
890 897 918 912 est
931 897 949 912 et

232 921 319 942 apertum.
330 918 397 936 Dictarn
409 924 452 936 vero
461 921 526 936 sectum
537 921 555 936 et
564 918 640 936 heresim
651 918 764 936 Valdensium
774 918 831 936 dictus
842 918 880 936 talis
887 918 908 936 N⁴
919 923 948 936 co-

232 947 267 960 ram
280 943 331 961 nobis
345 943 363 960 in
377 943 442 966 juditio
457 948 504 960 nnnc
518 946 536 961 et
549 943 593 961 alias
605 943 710 966 approbavit
727 946 745 961 et
758 943 846 965 laudavit,
859 946 877 961 et
890 943 949 960 adhuc

232 967 317 990 npprobat
330 970 349 985 et
360 967 483 989 commendat,
498 972 531 985 nec
543 967 566 985 ab
577 972 598 985 ea
610 968 649 985 vult
662 967 745 985 recedere
759 973 792 985 nec
804 972 842 985 eam
856 967 948 990 abjurare,

232 994 258 1009 set
270 992 330 1015 potius
340 995 444 1015 perseverat
453 992 471 1009 in
481 997 501 1010 ea
512 992 572 1010 animo
583 993 678 1015 pertinaci,
689 992 771 1015 quamvis
780 997 790 1009 e
802 992 852 1009 nobie
862 994 879 1009 et
889 991 948 1009 multis

233 1015 272 1034 aliis
282 1016 334 1034 bonis
342 1016 386 1034 viris
395 1016 418 1034 ad
426 1016 561 1034 conversionem
570 1016 629 1040 sepius
639 1016 691 1034 (uerit
701 1016 792 1038 invitatus,
801 1021 869 1034 necnon
877 1021 907 1039 per
916 1021 948 1034 uos

231 1041 315 1059 canonice
325 1043 343 1058 et
350 1041 460 1063 judicialiter
470 1041 526 1060 ,tuerit
540 1042 635 1064 requisitus
649 1044 668 1058 ut
676 1041 699 1058 ab
712 1046 733 1058 ea
743 1040 797 1059 corde
806 1043 824 1058 et
837 1046 890 1064 opere
902 1040 947 1058 resi-

231 1063 272 1083 liret
280 1068 298 1083 et
308 1065 383 1083 eandem
393 1070 424 1083 ore
434 1068 452 1083 et
461 1066 521 1083 animo
529 1066 599 1089 penitus
609 1065 704 1088 abjuraret.
715 1065 793 1087 Idcirco,
806 1065 847 1088 quia
859 1065 948 1088 predictus

231 1088 251 1106 N.
262 1094 298 1107 nou
308 1089 347 1107 vult
356 1095 365 1107 n
375 1092 422 1108 secta
433 1092 452 1107 et
461 1089 520 1107 heresi
529 1095 582 1113 supra
592 1090 637 1107 dicta
647 1090 728 1107 converti
738 1095 771 1107 nee
781 1089 846 1107 reverti
856 1089 878 1107 ad
891 1089 947 1107 eccle-

231 1113 318 1131 siasticam
328 1114 419 1135 unitatem,
431 1114 512 1137 quamvis
521 1114 574 1132 fuerit
583 1114 649 1132 diutius
659 1117 762 1138 expectatus
772 1117 789 1132 et
795 1114 855 1137 sepius
862 1114 947 1131 invitatus

231 1138 337 1156 etcauonice
345 1139 448 1162 requisitus,
456 1141 483 1156 set
490 1141 592 1162 perseverat
601 1139 618 1156 in
627 1144 659 1156 sua
666 1138 740 1162 perfidia
748 1138 807 1156 auimo
816 1138 905 1160 indurato,
916 1143 947 1156 nos

231 1163 294 1186 prefati
303 1163 416 1186 inquisitores
425 1165 443 1180 et
452 1163 568 1181 commissarii
579 1163 666 1186 delegati,
677 1163 738 1181 habito
746 1163 820 1180 consilio
830 1162 906 1186 plurium
916 1167 946 1180 sa-

231 1185 332 1211 pient[i]um
349 1190 367 1205 et
384 1187 480 1211 peritorum
498 1188 515 1204 in
529 1187 571 1211 jure
587 1187 673 1205 canonico
687 1190 705 1205 et
720 1187 769 1205 civili
786 1192 807 1205 ac
825 1187 948 1210 religiosorum

230 1211 319 1232 virorum,
333 1217 356 1229 ne
367 1212 413 1229 sicut
424 1212 464 1229 ovis
477 1211 557 1229 morbida
567 1211 652 1229 Dominici
667 1211 725 1235 gregis
740 1211 813 1229 ulterius
825 1211 891 1229 inficiat
904 1216 947 1229 oves

231 1240 293 1257 sanas,
305 1236 404 1259 predictum
416 1236 437 1253 N.
449 1239 548 1259 presentem
562 1236 579 1253 in
587 1236 653 1259 juditio
661 1241 720 1254 coram
730 1235 790 1258 nobis,
800 1235 834 1253 hac
843 1235 872 1253 die
882 1238 900 1253 et
909 1235 948 1253 loco

230 1261 342 1283 presentibus
357 1260 379 1278 ad
393 1260 501 1278 audiendam
516 1260 628 1278 diffinitivam
644 1260 749 1278 sententiam
766 1260 823 1278 eidem
842 1260 910 1283 precise
927 1265 948 1277 ac

230 1284 361 1308 perhemptorie
370 1285 464 1308 assignatis
471 1298 476 1306 ‚
485 1285 570 1303 habentes
581 1290 612 1308 pre
624 1284 689 1303 occulis
699 1284 756 1302 solum
768 1284 824 1302 Deum
835 1288 853 1302 et
866 1283 886 1308 [Ρ
895 1284 919 1301 ’75
928 1283 946 1309 a]

230 1309 329 1327 orthodoxe
339 1309 381 1327 fidei
392 1310 493 1333 puritatem,
503 1309 618 1327 sacrosanctis
628 1309 659 1327 Dei
667 1309 767 1332 Evangeliis
776 1309 837 1332 positis
846 1314 905 1327 coram
915 1314 947 1327 uo-

230 1333 256 1352 bis
270 1337 290 1351 ut
300 1334 323 1351 de
333 1334 383 1351 vultu
398 1334 428 1352 Dei
439 1337 518 1352 nostrum
529 1334 602 1357 prodeat
613 1333 697 1356 juditium
709 1336 727 1351 et
738 1333 795 1352 occuli
808 1333 862 1351 nostri
875 1333 948 1351 videant

230 1358 335 1381 equitatem,
350 1358 433 1376 sedentes
446 1364 477 1382 pro
491 1358 586 1380 tribunali,
599 1363 630 1382 per
640 1358 752 1376 diffinitivam
764 1358 870 1376 sententiam
884 1358 901 1375 in
912 1358 947 1375 hiis
