4612 6404
894 674 1012 726 INDEX.

258 806 284 861 8.
305 803 408 859 Forma
422 802 586 874 imponendi
601 803 788 876 penitentiam
801 805 941 859 minorem
950 803 1145 872 alicuijuveni
1160 810 1241 857 extra
1255 816 1419 857 sermonem
1434 802 1583 873 publicum

344 875 502 946 superbiis
517 891 574 946 que
589 875 734 930 commisit
747 877 777 930 in
793 876 888 930 heresi
904 877 932 929 in
943 874 1064 946 juvenili
1080 880 1167 928 etate.
1207 910 1574 928 ...........
1635 875 1670 930 44

257 949 282 1005 3.
304 945 408 1000 Forma
423 946 458 999 de
475 947 704 1002 reconsiliatione
719 954 747 1000 et
761 946 941 1002 absolutione
957 946 1080 1016 alicujus
1095 945 1228 1000 conversi
1243 962 1259 999 a
1278 944 1415 999 scismate
1430 944 1458 1000 04
1478 945 1535 1000 0440
1554 952 1584 1000 04

346 1017 494 1072 erroribus
507 1017 666 1073 Grecorum
672 1054 1578 1071 ...........................
1639 1018 1673 1074 46

245 1091 284 1145 40.
305 1087 410 1144 Forma
424 1089 517 1143 littere
532 1088 568 1143 ad
586 1089 793 1161 imponendum
814 1090 999 1160 penitentiam
1018 1087 1195 1141 arbitrariam
1215 1087 1299 1141 alicui
1320 1094 1399 1142 extra
1418 1104 1583 1144 sermonem

346 1161 488 1230 exaliqua
503 1176 591 1215 causa
607 1161 765 1215 rationabili
769 1197 1578 1215 ........................
1639 1161 1673 1218 46

242 1232 285 1287 44.
308 1230 410 1285 Forma
433 1231 526 1286 littere
550 1231 745 1286 commutandi
768 1232 893 1301 aliquam
916 1231 1100 1301 penitentiam
1126 1231 1170 1297 [inl
1198 1229 1362 1299 ingressum
1383 1230 1532 1300 religionis
1547 1248 1584 1286 ex

288 1292 297 1314 ⁸
348 1304 443 1372 aliqua
458 1303 606 1373 placausa
612 1338 1579 1359 ............................
1640 1305 1675 1361 4'l

243 1371 286 1427 44.
308 1373 411 1428 Forma
426 1374 519 1427 littere
535 1374 701 1428 absolvendi
717 1381 745 1428 et
759 1373 900 1444 quittandi
914 1372 1038 1443 aliquem
1054 1372 1101 1425 cui
1113 1371 1199 1426 luerit
1218 1372 1358 1442 promissa
1374 1373 1465 1441 gratia
1479 1375 1504 1427 34
1520 1391 1584 1446 pro-

347 1454 460 1499 curaret
474 1446 538 1516 capi
555 1453 583 1500 et
598 1446 696 1500 haberi
710 1446 833 1514 aliquem
848 1445 1006 1498 hereticum
1022 1443 1066 1496 vel
1079 1444 1220 1497 hereticos
1234 1443 1330 1498 debito
1344 1460 1411 1498 cum
1426 1443 1541 1499 effectu.
1572 1488 1578 1500 .
1640 1447 1674 1503 48

243 1516 284 1572 43.
306 1515 409 1570 Forma
422 1517 516 1570 littere
535 1515 570 1570 ad
590 1517 794 1587 imponendum
812 1516 995 1587 penitentiam
1017 1515 1195 1568 arbitrariam
1216 1522 1296 1568 extra
1315 1531 1479 1569 sermonem
1499 1517 1584 1572 alicui

346 1586 364 1641 J
368 1587 441 1641 udco
452 1604 503 1659 pro
518 1587 575 1642 hiis
608 1604 643 1642 ue
657 1587 801 1641 commisit
817 1585 988 1658 receptando
1002 1587 1125 1655 aliquem
1141 1587 1184 1640 vel
1199 1586 1311 1656 aliquos
1325 1587 1483 1657 baptizatos
1497 1605 1584 1659 apos-

347 1664 429 1721 tatas,
447 1659 491 1712 rel
507 1659 576 1712 alias
587 1606 717 1713 iavorern
733 1659 855 1728 aliquem
878 1656 1069 1727 impendendo
1077 1695 1580 1714 ...............
1641 1662 1675 1718 49

244 1731 285 1786 44.
308 1727 411 1783 Forma
425 1730 459 1782 ad
478 1729 679 1799 deponendum
696 1745 798 1784 cruces
814 1735 894 1783 extra
912 1744 1076 1782 sermonem
1098 1744 1153 1781 non
1170 1729 1340 1799 simpliciter
1353 1736 1398 1783 set
1419 1730 1454 1785 ad
1469 1738 1584 1803 tempus

348 1818 383 1854 ex
397 1801 490 1870 aliqua
506 1802 551 1870 pia
565 1817 652 1854 causa
658 1837 1582 1858 ...........................
1641 1805 1675 1859 50

243 1873 284 1925 45.
307 1869 409 1925 Forma
424 1872 457 1924 ad
472 1869 672 1942 deponendum
688 1888 791 1926 cruces
807 1888 842 1924 ex
857 1887 990 1925 sermone
1001 1870 1071 1924 etad
1085 1871 1321 1925 commutandum
1337 1875 1584 1944 peregrinationes

347 1944 376 1997 in
392 1943 445 1995 alia
460 1942 647 1996 determinata
662 1959 749 2014 opera
764 1944 878 2013 pictatis
882 1981 1582 2000 .....................
1641 1948 1673 2004 54

244 2015 285 2068 lli.
308 2012 410 2067 Forma
426 2015 640 2067 commissionis
653 2013 737 2068 alicui
754 2014 881 2068 iacienda
901 2013 934 2066 ad
950 2011 1152 2082 deponendum
1166 2029 1269 2068 cruces
1275 2054 1582 2071 ..........
1642 2019 1673 2075 54

243 2086 285 2138 47.
307 2084 411 2138 Forma
426 2085 480 2138 alia
495 2085 630 2155 specialis
644 2085 841 2139 committendi
858 2085 944 2138 alicui
960 2091 1129 2153 potestatem
1146 2083 1306 2155 deponendi
1321 2102 1424 2141 cruces
1430 2126 1581 2142 .....
1642 2090 1676 2145 54

242 2156 286 2212 ts.
306 2155 389 2219 Item,
407 2155 497 2209 forma
512 2156 565 2209 alia
580 2157 715 2226 specialis
730 2156 947 2210 commissionis
962 2155 997 2207 440
1013 2154 1114 2208 eodem
1122 2193 1581 2213 ..............
1642 2160 1676 2215 54

243 2227 285 2283 ts.
308 2226 410 2280 Forma
435 2227 526 2279 littere
551 2227 752 2282 testimonialis
776 2228 956 2297 inquisitoris
980 2241 1068 2295 super
1093 2225 1272 2296 depositione
1295 2244 1414 2283 0000040
1437 2229 1512 2284 lacta
1536 2248 1586 2302 per

347 2298 433 2351 alium
448 2298 509 2351 vice
525 2300 599 2367 ejus.
609 2336 1582 2355 ............................
1643 2302 1676 2359 53

241 2369 286 2424 40.
308 2368 410 2422 Forma
423 2368 477 2422 alia
493 2368 655 2440 deponendi
671 2385 723 2424 seu
740 2369 934 2424 commutandi
950 2383 1053 2421 cruces
1067 2368 1151 2422 alicui
1167 2369 1272 2423 iutuitu
1290 2370 1475 2425 liberorum..
1504 2410 1510 2424 .
1540 2414 1546 2426 .
1576 2415 1582 2426 .
1643 2374 1676 2430 53

242 2441 285 2494 44.
307 2437 410 2493 Forma
427 2440 519 2493 littere
539 2440 684 2495 relaxandi
708 2440 743 2495 de
760 2458 840 2496 muro
862 2458 917 2495 non
941 2439 1110 2509 simpliciter
1129 2445 1175 2493 set
1189 2439 1225 2494 ad
1246 2448 1361 2513 tempus
1379 2459 1414 2495 ex
1434 2459 1520 2497 causa
1535 2444 1588 2498 ali·

348 2527 405 2580 qua
419 2511 536 2580 speciali
544 2547 1584 2567 ..............................
1645 2517 1677 2571 54

242 2582 286 2636 44.
310 2580 412 2635 Forma
430 2583 525 2635 brevis
540 2590 569 2636 et
583 2585 746 2637 communis
761 2581 957 2637 commutandi
975 2580 1221 2650 peregrinationes
1241 2585 1268 2638 in
1288 2584 1342 2637 alia
1356 2600 1442 2654 opera
1462 2587 1585 2655 pietatis.
1643 2589 1677 2643 55

242 2654 286 2709 43.
309 2651 391 2720 44040,
409 2653 500 2707 lorrna
515 2653 569 2708 alia
585 2655 747 2709 communis
762 2652 957 2708 commutandi
973 2659 1001 2704 et
1018 2649 1185 2706 absolvendi
1200 2671 1216 2707 a
1232 2656 1546 2724 peregrinationibus..
1576 2699 1582 2711 .
1644 2663 1677 2717 55

242 2725 287 2779 44.
309 2718 391 2783 Ι4004,
411 2725 501 2778 forma
517 2725 723 2795 aliaqaaatum
740 2726 774 2779 ad
790 2725 906 2778 modum
921 2720 1055 2792 loquendi
1070 2723 1099 2775 in
1115 2739 1183 2777 casu
1200 2726 1295 2795 aliquo
1311 2727 1440 2796 speciali.
1469 2768 1475 2780 .
1504 2769 1511 2782 .
1540 2769 1547 2781 .
1576 2770 1582 2781 .
1644 2734 1677 2788 55

242 2795 287 2850 45.
310 2794 391 2862 Item,
408 2797 499 2850 lorma
516 2798 652 2864 specialis
666 2797 699 2850 ad
716 2795 952 2850 connnutanduru
969 2792 1213 2863 peregrinationes
1221 2836 1583 2855 ...........
1645 2803 1678 2858 56

242 2864 285 2921 46.
306 2865 388 2929 44040,
405 2866 495 2920 404040
515 2866 569 2921 alia
593 2868 734 2938 quittandi
757 2869 881 2939 aliquem
904 2866 939 2919 ab
961 2864 1097 2918 omnibus
1119 2867 1201 2936 penis
1216 2873 1245 2921 et
1261 2870 1427 2938 penitentiis
1448 2869 1483 2923 de
1498 2872 1589 2941 gratia

349 2937 466 3008 speciali
482 2938 558 3008 quod
574 2956 719 3010 uunquam
735 2941 779 2992 vel
795 2939 940 2994 rarissime
955 2936 1016 2989 fieti
1033 2934 1116 2990 debet
1124 2976 1584 2995 ..............
1645 2945 1678 3002 56

241 3009 285 3063 tt.
308 3007 410 3063 For-rna
429 3025 481 3062 seu
503 3010 606 3064 modus
630 3011 736 3064 citandi
756 3027 807 3064 seu
828 3005 1018 3064 corn'eniendi
1040 3007 1161 3062 ber-edes
1183 3025 1235 3064 seu
1257 3010 1399 3065 bonorum
1424 3011 1589 3068 detentores

349 3081 460 3133 illorum
475 3083 524 3150 qui
545 3084 791 3151 peregrinationes
806 3083 861 3136 sibi
887 3083 1033 3150 iniunctus
1056 3094 1107 3133 seu
1122 3080 1179 3134 alia
1193 3082 1325 3152 imposita
1347 3083 1401 3138 sibi
1417 3100 1505 3138 onera
1519 3084 1588 3140 dum

349 3151 477 3205 viverent
493 3153 609 3206 minimo
625 3153 842 3224 compleverunt
849 3188 1586 3209 ......................
1646 3160 1678 3212 57

241 3223 285 3277 48.
307 3221 412 3276 Μο4403
434 3222 578 3276 scribendi
599 3223 634 3276 ad
653 3225 896 3294 corripessendnm
913 3219 1035 3277 heredes
1056 3238 1108 3276 300
1128 3223 1269 3279 bonorum
1291 3224 1455 3282 detentores
1475 3227 1589 3282 illorum

347 3294 397 3362 qui
414 3294 659 3363 peregrinationes
673 3296 727 3349 sibr
745 3297 890 3365 injunctas
907 3294 1023 3348 minime
1038 3295 1256 3363 compleverunt
1262 3337 1585 3354 ..........
1645 3300 1678 3354 57

241 3365 284 3419 43.
307 3362 409 3417 Forma
423 3365 563 3434 quittandi
579 3367 699 3420 heredes
710 3365 833 3436 alicujus
845 3365 983 3428 defuncti,
998 3371 1149 3434 postquam
1165 3368 1360 3423 satisfecerint
1374 3386 1463 3440 super
1473 3369 1588 3425 defectu

353 3437 615 3506 peregrimuinnum
630 3454 702 3507 quas
718 3438 812 3492 dictus
827 3438 981 3491 defunctus
997 3450 1050 3488 000
1065 3438 1257 3507 compleverat
1272 3439 1341 3493 dum
1357 3442 1482 3494 vivebat.
1506 3481 1514 3496 .
1543 3481 1549 3491 .
1579 3480 1586 3493 .
1646 3443 1679 3498 58

243 3508 286 3562 30.
309 3506 411 3560 Forma
422 3507 587 3560 absolvendi
604 3518 631 3561 et
647 3509 785 3578 quittandi
803 3510 927 3578 aliquem
942 3524 958 3559 0
973 3503 1087 3560 delectu
1104 3510 1368 3578 peregrinationum
1376 3550 1586 3565 .......
1646 3513 1679 3569 58

244 3578 287 3633 34.
309 3576 411 3630 Forum
426 3579 577 3647 crrjusdam
593 3579 807 3633 commissionis
823 3578 1005 3650 particularis
1021 3579 1048 3630 iu
1064 3594 1133 3632 casu
1142 3619 1583 3636 .............
1645 3583 1679 3638 58

244 3649 287 3703 34.
308 3648 410 3703 Forma
425 3648 616 3771 0000440400ἀί
633 3667 685 3703 300
712 3651 874 3720 publicandi
891 3650 1064 3705 sententiam
1087 3666 1154 3704 esse
1180 3651 1263 3704 latam
1278 3652 1313 3705 de
1328 3652 1413 3706 domo
1437 3653 1531 3724 aliqua
1546 3652 1589 3706 di·
1664 3725 1680 3782 9

350 3735 470 3773 ruente.
505 3758 1584 3778 ...............................
1647 3727 1662 3780 5

244 3792 286 3845 33.
309 3790 411 3845 Forma
434 3791 577 3845 scribendi
602 3792 636 3845 ad
651 3792 848 3863 applicandam
880 3793 1028 3848 materiam
1053 3792 1177 3861 alicujus
1201 3791 1306 3847 domus
1328 3796 1384 3865 piis
1407 3795 1510 3850 usibus
1533 3812 1590 3866 que

351 3868 465 3930 propter
482 3864 605 3917 lrrreslm
617 3864 703 3917 luerit
718 3864 892 3918 destruenda
900 3900 1585 3920 ....................
1647 3867 1680 3923 53

244 3933 286 3987 34.
310 3931 412 3986 Forma
427 3932 571 3988 scribendi
586 3943 687 3989 contra
703 3936 889 3990 molestantes
905 3937 970 3990 iilos
990 3934 1097 4005 quibus
1117 3933 1149 3987 ad
1167 3936 1339 4006 portandum
1356 3953 1459 3992 cruces
1474 3939 1590 3992 nomine

352 4005 507 4073 penitentie
523 4012 592 4059 sunt
606 4006 735 4075 injuncte
742 4045 1585 4063 .........................
1646 4011 1681 4066 60

245 4077 286 4131 35.
312 4074 413 4128 Forma
428 4075 521 4128 littere
537 4075 700 4131 declarandi
715 4085 741 4130 et
759 4078 960 4148 pronuntiandi
976 4076 1052 4148 quod
1063 4077 1166 4146 aliquis
1178 4078 1301 4148 publicis
1316 4079 1419 4133 oiliciis
1435 4081 1527 4147 possit
1538 4080 1589 4135 uti.
1646 4081 1678 4136 61

246 4147 287 4201 36.
311 4144 413 4199 Forma
429 4147 521 4199 littere
534 4164 586 4216 pru
602 4149 706 4202 clerico
718 4151 815 4219 jurato
832 4160 946 4220 receptu
962 4148 995 4203 ad
1012 4147 1176 4202 fidelitatem
1191 4158 1219 4204 et
1234 4150 1360 4205 ollicium
1377 4152 1586 4222 inquisitionis.
1646 4154 1678 4209 64

246 4218 288 4271 34.
312 4216 411 4270 Forma
428 4217 521 4271 littere
538 4235 588 4288 pro
604 4220 725 4274 custode
742 4223 816 4274 muri
832 4220 1009 4275 instituendo
1015 4259 1586 4277 .................
1645 4224 1678 4279 64

247 4288 287 4343 38.
312 4286 414 4341 Forma
430 4289 523 4342 littere
539 4289 740 4344 testimonialia
756 4309 806 4361 pro
819 4294 924 4361 juratis
938 4291 1024 4346 ollicii
1039 4291 1235 4362 inquisitionis
1242 4332 1586 4348 ...........
1646 4295 1680 4350 64

246 4359 288 4415 33.
311 4357 413 4413 Forma
430 4360 522 4413 littere
539 4377 589 4431 pro
605 4362 720 4416 licentia
735 4363 860 4418 exeundi
885 4365 1023 4418 terminos
1039 4365 1123 4417 alicui
1139 4366 1303 4434 assignatos
1318 4365 1347 4418 40
1364 4380 1465 4435 lienam
1486 4381 1521 4418 ex
1537 4366 1588 4419 ali-

351 4447 407 4500 qua
422 4446 510 4484 causa
526 4432 686 4486 rationabili
695 4472 1585 4490 ..........................
1646 4436 1681 4491 64

245 4501 289 4556 ill.
310 4499 412 4554 Forma
427 4501 569 4555 scribendi
587 4504 680 4557 littero
697 4505 896 4559 testimonialis
912 4505 946 4558 de
960 4506 1033 4559 aclis
1047 4505 1170 4576 publicis
1184 4523 1240 4576 que
1256 4505 1282 4559 in
1300 4507 1380 4561 libris
1395 4507 1592 4576 inquisitionis

352 4574 535 4626 continentur
552 4594 557 4627 :
574 4575 649 4643 quod
673 4592 734 4628 raro
749 4585 776 4628 ut
793 4593 847 4629 nou
865 4578 927 4629 sinc
944 4592 1046 4647 magna
1060 4584 1088 4629 et
1104 4576 1261 4630 rationabili
1276 4594 1363 4631 causa
1381 4578 1430 4631 fiat
1438 4617 1587 4631 .....
1646 4578 1680 4635 63

246 4643 289 4697 ll.
311 4642 393 4707 Item,
410 4644 491 4697 aliter
506 4644 541 4697 de
556 4645 655 4699 eodem
673 4646 701 4699 in
717 4662 786 4699 casu
791 4686 1334 4701 .................
1366 4690 1370 4694 .
1399 4688 1585 4702 .....
1646 4649 1680 4705 63

246 4714 289 4767 ta.
310 4713 416 4769 Littera
433 4716 632 4770 testimonialis
647 4717 682 4769 de
698 4734 770 4778 030,
787 4733 874 4771 00030
894 4724 922 4769 04
945 4718 1011 4771 stilo
1027 4718 1113 4771 0444044
1129 4719 1324 4788 inquisitionis
1339 4727 1476 4789 quantum
1491 4720 1525 4774 ad
1541 4735 1591 4774 oo·

351 4786 533 4856 cupationem
550 4787 691 4842 bonorum
708 4787 866 4842 taciendam
882 4796 929 4841 004
951 4789 1035 4842 0440444
1055 4788 1252 4843 dimittendam
1294 4829 1587 4845 .........
1647 4791 1682 4847 64

246 4855 290 4910 43.
313 4853 415 4910 Forma
432 4859 589 4913 litterarum
608 4876 658 4912 seu
675 4858 839 4913 cedularum
856 4858 890 4912 ad
901 4858 1104 4929 requirendum
1119 4860 1154 4913 de
1169 4859 1333 4930 provisione
1346 4860 1475 4916 iacienda
1490 4879 1590 4934 perso—

353 4929 396 4982 nis
415 4929 538 4984 detentis
555 4932 581 4984 in
598 4946 679 4984 muro
695 4928 822 4983 nondum
836 4932 1018 4984 sententialis
1025 4970 1586 4986 ................
1647 4933 1682 4990 64

245 4999 286 5053 44.
311 4997 412 5054 Forma
427 5001 631 5071 recognitionis
646 5000 680 5054 de
695 5000 836 5054 solutione
852 5001 925 5056 lacta
939 5002 1102 5071 inquisitori
1108 5041 1583 5060 ..............
1644 5005 1678 5060 65

246 5068 288 5123 45,
311 5068 412 5125 Forma
435 5071 526 5127 littere
541 5071 739 5127 columittcndi
762 5072 857 5127 locum
873 5072 1052 5142 inquisitoris
1068 5079 1097 5128 et
1111 5074 1165 5128 alia
1180 5073 1208 5128 in
1224 5090 1293 5130 casu
1311 5075 1429 5146 speciali
1436 5115 1585 5132 .....
1646 5075 1682 5132 65
