4574 6404
915 1091 1384 1202 PRACTICA

428 1395 962 1527 INQUISITIONIS
1007 1395 1373 1506 HERETICE
1427 1395 1861 1504 PRAVITATIS

596 1690 844 1770 (arnnrorrrbous
866 1710 1021 1762 nunninus
1044 1712 1083 1754 ns
1106 1711 1144 1752 na
1166 1709 1260 1752 urraca
1283 1709 1321 1751 nn
1343 1707 1523 1766 rounouss,
1547 1709 1595 1753 us.
1622 1688 1691 1762 387)

428 2402 480 2504 [1²0
503 2407 516 2475 l
546 2404 580 2506 a]
608 2408 779 2480 Palemon
805 2429 954 2479 raanrra
981 2429 1046 2479 rsa
1071 2430 1230 2479 rnaraau
1256 2408 1295 2478 B.
1323 2407 1489 2480 Gumonrs
1515 2429 1558 2479 ns
1583 2429 1710 2480 onoma
1734 2409 1859 2480 hanr-

621 2553 781 2606 caroauu
808 2552 940 2606 conruit
967 2555 1124 2606 mraeros
1150 2555 1234 2604 mon
1259 2555 1425 2605 usuarios
1449 2554 1661 2607 rarvrrarrs.

473 2760 652 2834 Tractatus
672 2785 819 2858 presens
840 2764 885 2836 de
904 2765 1057 2858 practica
1079 2761 1186 2835 officii
1208 2763 1454 2856 inquisicionis
1472 2763 1628 2835 heretice
1651 2764 1856 2858 pravitatis,

425 2887 577 2958 maxime
601 2888 636 2956 iu
666 2889 822 2981 partibus
846 2888 1076 2975 Tbolosanis,
1098 2887 1457 2973 Carcassonensibus‚
1480 2885 1731 2974 Albiensibus,
1761 2899 1797 2959 et
1822 2889 1857 2958 in

425 3012 606 3106 provincia
622 3013 841 3084 Narbonensi
859 3025 894 3084 et
908 3014 1169 3085 circumvicinis
1187 3013 1402 3102 diocesibus,
1422 3014 1458 3082 in
1475 3034 1513 3085 se
1529 3014 1686 3084 continet
1700 3013 1859 3106 quinque

423 3145 554 3229 partes.
677 3147 683 3164 '

472 3259 511 3328 ln
531 3260 642 3353 prima
663 3270 761 3354 parte
787 3261 949 3332 ordinate
978 3261 1249 3333 conscribuntur
1273 3261 1384 3332 lorme
1412 3262 1605 3332 litterarum
1632 3261 1730 3332 varie
1750 3273 1785 3331 et
1804 3262 1858 3330 di-

424 3405 528 3456 verse
543 3384 588 3455 ad
604 3384 785 3456 citandum
806 3396 868 3456 aut
884 3386 929 3457 ad
944 3385 1156 3480 capiendum
1178 3407 1346 3479 personas
1357 3386 1567 3480 culpabiles,
1584 3396 1645 3456 aut
1658 3396 1855 3479 suspectas,

424 3519 484 3580 ant
501 3520 651 3598 notatas,
672 3522 734 3581 aut
753 3510 950 3583 dillamatas
969 3511 1014 3583 de
1029 3511 1177 3582 crimine
1188 3511 1337 3597 heresis,
1359 3521 1462 3604 prout
1474 3510 1586 3601 exigit
1606 3510 1774 3596 varietas,
1793 3531 1856 3582 seu

425 3632 626 3722 diversitas,
643 3646 705 3705 aut
719 3636 873 3728 qualitas
891 3647 958 3705 tam
977 3656 1205 3729 personarum
1222 3634 1426 3728 hujusmodi
1442 3655 1546 3727 quam
1563 3635 1758 3727 culparum.
1772 3635 1858 3704 ltem

425 3755 539 3828 littere
565 3758 611 3829 ad
634 3760 833 3831 vocandum
857 3773 895 3831 et
918 3759 1188 3831 convocandum
1215 3780 1383 3853 personas
1406 3759 1624 3830 necessarias
1647 3759 1691 3828 ad
1715 3779 1856 3850 compa·

424 3881 572 3952 rendum
593 3894 629 3954 et
646 3883 930 3978 respondendum
948 3894 982 3954 et
1001 3884 1177 3975 agendum
1200 3882 1234 3953 in
1250 3883 1396 3973 juditio,
1420 3884 1476 3955 vel
1491 3882 1536 3954 ad
1556 3881 1771 3953 audiendum
1791 3881 1857 3952 dil-

423 3999 595 4076 finitivam
615 4007 846 4092 sementiam,
863 4008 986 4078 autad
1007 4007 1228 4077 tractandum
1248 4016 1284 4077 et
1301 4006 1570 4078 deliberandum
1589 4007 1624 4076 in
1642 4006 1804 4093 consilio,
1822 4016 1858 4076 et

424 4128 659 4201 ordinandum
687 4152 727 4202 ea
754 4133 799 4204 de
824 4132 954 4225 quibus
979 4131 1014 4201 in
1036 4131 1190 4224 generali
1217 4152 1381 4203 sermone
1408 4131 1654 4224 inquisitorum
1680 4131 1856 4222 agendum

424 4252 548 4342 luerit,
571 4267 610 4324 ut
628 4265 683 4326 est
701 4256 825 4327 moris.

472 4375 674 4448 lnsecnnda
691 4400 777 4449 vero
794 4390 891 4473 parte
906 4379 1155 4449 describuntur
1171 4380 1280 4449 lorme
1295 4391 1331 4447 et
1348 4378 1440 4448 modi
1460 4376 1654 4448 litterarum
1671 4379 1716 4449 de
1730 4380 1857 4470 graciis

423 4521 494 4593 que
508 4514 774 4573 consueverunt
784 4501 858 4573 fieri
870 4502 904 4571 in
916 4501 1543 4595 principiosermonisiuquisitorum,
1553 4502 1645 4572 sicut
1657 4503 1857 4595 suntdepo·

425 4624 572 4697 sitiones
589 4647 749 4713 crucum,
769 4636 804 4697 et
822 4626 914 4696 siout
929 4637 983 4696 est
1000 4625 1143 4697 eductio
1163 4624 1208 4694 de
1220 4645 1320 4696 muro
1338 4646 1416 4695 cum
1436 4625 1600 4696 crucibus
1613 4638 1648 4698 et
1660 4627 1858 4720 peregrina-

424 4748 580 4822 tionibus
600 4761 635 4822 et
655 4750 870 4842 hujusmodi.
900 4751 985 4821 Item
1011 4750 1057 4821 de
1081 4749 1285 4843 penitentiis
1311 4750 1505 4820 arbitrariis
1533 4750 1856 4844 peregrinationum

424 4884 459 4947 et
481 4896 625 4947 crucum
648 4888 685 4948 et
702 4874 906 4970 hujusmodi
926 4875 1095 4945 similium
1115 4896 1185 4966 que
1208 4874 1245 4943 in
1264 4893 1427 4945 sermone
1447 4873 1588 4968 publice
1607 4874 1854 4965 injunguntur.

422 4998 507 5071 ltem
526 5001 571 5073 de
589 5001 667 5073 aliis
681 4999 888 5095 penitenciis
903 4999 1112 5089 arbitrarlis,
1131 5019 1267 5071 necnon
1284 5009 1319 5070 et
1336 4998 1381 5070 da
1397 4998 1525 5090 graciis
1541 5021 1611 5091 qne
1629 5019 1693 5092 per
1712 4997 1858 5090 inquisi-

1682 5120 1693 5179 l
