4574 6404
419 662 492 732 2110
708 674 870 729 ruscum
897 674 1137 740 tuomstrrorus
1163 671 1325 725 mabrica
1351 655 1562 724 ruavtrtrrsss

425 833 609 920 mittendi,
632 834 714 903 dum
738 833 773 901 in
800 854 862 903 sua
886 833 1072 924 negatione
1100 832 1311 925 persistunt,
1332 840 1656 922 quantumcumque
1676 832 1856 902 voluntati

425 932 579 1004 Ecclesia
598 953 637 1002 se
655 940 867 1023 supponant.

475 1029 570 1100 Circa
605 1048 691 1099 vero
711 1028 782 1098 levi
811 1030 1006 1121 suspitione
1025 1040 1179 1111 notatos,
1210 1025 1286 1096 talis
1310 1025 1398 1096 ordo
1423 1025 1622 1096 servandus
1640 1039 1706 1097 est.
1736 1027 1857 1099 Primo

428 1128 536 1212 enim,
554 1127 683 1196 citandi
703 1137 785 1195 sunt
804 1136 838 1195 et.
857 1127 1057 1218 requirendi
1082 1136 1118 1195 ut
1135 1122 1368 1196 confiteantur
1390 1124 1423 1192 in
1441 1123 1569 1213 juditio
1589 1125 1796 1211 veritatem3
1818 1137 1858 1196 et

428 1225 457 1296 si
478 1224 626 1295 confessi
646 1223 795 1307 luerint,
813 1244 891 1292 cum
907 1222 1033 1294 talibus
1049 1224 1168 1293 mitius
1183 1232 1236 1293 est
1253 1221 1443 1313 agendum.
1465 1221 1499 1290 Si
1520 1242 1607 1292 vero
1627 1223 1853 1313 negaverint,

428 1322 639 1415 procedatur
666 1319 827 1391 similiter
853 1322 896 1391 ad
922 1321 1157 1414 receptionem
1181 1318 1320 1390 testium
1347 1329 1467 1388 contra
1489 1340 1572 1405 e0s3
1593 1331 1642 1401 et,
1666 1320 1731 1389 uisi
1747 1322 1855 1410 juxta

429 1418 745 1491 considerationem
775 1418 980 1512 suspitionis
1001 1420 1276 1510 qualitatemque
1301 1437 1449 1507 persone
1477 1418 1652 1508 propriam
1682 1418 1855 1488 innocen·

430 1518 512 1586 tiam
532 1537 687 1606 congrua
711 1519 918 1609 purgatione
946 1519 1240 1600 monstraverint,
1269 1513 1501 1584 anathematis
1524 1514 1641 1605 gladio
1660 1515 1852 1603 feriantur,

430 1626 465 1685 et
487 1614 662 1705 usquead
682 1615 953 1685 satislactionem
973 1613 1180 1705 condignam
1201 1612 1246 1683 ab
1263 1610 1428 1682 omnibus
1443 1613 1642 1697 evitentur,
1665 1615 1712 1683 ita
1738 1614 1852 1704 quod,

428 1712 457 1781 si
479 1733 686 1804 perannum
709 1712 742 1779 in
767 1712 1129 1782 excommunicatione
1149 1709 1381 1804 prostiterint,
1403 1730 1448 1778 ex
1479 1720 1562 1779 tunc
1582 1711 1679 1780 velut
1705 1709 1855 1781 heretici

429 1811 744 1902 condempnentur.
763 1808 834 1879 Hec
853 1810 1017 1900 leguntur
1032 1810 1066 1878 in
1082 1809 1220 1879 statutis
1240 1807 1432 1877 lnuocentii
1450 1827 1537 1898 pape
1556 1807 1633 1875 1111ιὶ
1649 1819 1684 1876 et
1701 1807 1856 1878 Alexan-

429 1905 482 1977 dri
504 1928 593 1999 pape
613 1903 700 1990 lllll,
718 1919 753 1976 et
764 1904 868 1977 Extra
890 1907 935 1976 de
954 1906 1130 1990 hereticis
1151 1905 1530 1988 Eaecommumaamas,
1544 1905 1578 1972 in
1594 1906 1618 1995 §
1636 1904 1705 1982 Qui
1718 1912 1853 1977 autern.

477 2002 508 2099 γ)
527 2003 725 2074 Secundum
744 2024 830 2075 vero
849 2005 945 2096 prius
965 2016 998 2074 et
1018 2004 1190 2097 posterius
1212 1999 1252 2099 [p
1269 2000 1336 2073 tao
1357 1998 1393 2098 b]
1415 2003 1679 2093 distinguuntur
1697 2003 1856 2075 lautores

430 2100 495 2173 hoc
516 2101 641 2184 modo,
669 2104 751 2194 qnia
782 2103 923 2193 quidam
951 2114 1033 2172 sunt
1058 2101 1269 2182 redeuntes,
1301 2099 1443 2191 qnidam
1479 2121 1565 2170 vero
1592 2101 1852 2187 recidivantes,

430 2199 571 2291 quidam
590 2210 705 2270 antem
728 2201 922 2292 pertinaces
941 2211 976 2269 et
995 2200 1155 2270 rebelles.

477 2295 572 2366 Circa
598 2298 750 2367 lautores
773 2318 859 2368 vero
888 2319 959 2368 non
979 2297 1186 2382 redeuntes,
1208 2296 1495 2387 distinguendum
1523 2307 1593 2381 est,
1615 2296 1696 2387 quia
1717 2309 1779 2365 aut
1798 2318 1854 2368 re·

430 2394 539 2464 deunt
556 2406 680 2486 sponte
699 2405 780 2464 ante
799 2392 1015 2481 citationem,
1038 2406 1119 2465 tunc
1135 2416 1213 2464 cum
1235 2394 1355 2484 majori
1377 2393 1614 2464 misericordia
1634 2393 1852 2485 strscipiendi

429 2503 531 2577 sunt;
553 2502 613 2561 aut
633 2505 711 2585 post
730 2492 953 2579 citationem,
975 2505 1009 2562 et
1029 2504 1111 2562 tunc
1131 2492 1390 2585 procedendum
1411 2505 1465 2560 est
1484 2492 1574 2560 circa
1595 2513 1675 2576 eos,
1696 2492 1787 2561 sicut
1807 2492 1855 2562 de

429 2590 605 2659 infamatis
631 2593 793 2682 superius
817 2603 870 2661 est
900 2602 1079 2674 notatum,
1109 2601 1168 2659 aut
1197 2589 1346 2659 redeunt
1365 2602 1442 2682 post
1459 2589 1633 2659 sententie
1654 2589 1853 2682 promulga-

429 2688 581 2773 tionem,
598 2699 632 2755 et
654 2698 734 2757 tunc
754 2689 857 2757 etiam
879 2688 1069 2781 recipiendi
1089 2699 1183 2757 saint.
1206 2687 1246 2756 Et
1265 2688 1293 2754 si
1314 2687 1454 2778 quidem
1476 2686 1630 2756 dixerint
1650 2687 1850 2770 veritatem.

428 2806 507 2854 cum
528 2784 660 2854 eisdem
687 2784 720 2853 in
741 2806 908 2878 penarum
937 2785 1153 2876 mitigatione
1174 2784 1291 2854 mitius
1308 2795 1361 2854 est
1379 2785 1568 2875 agendum.

476 2881 570 2951 Circa
597 2883 749 2953 lautores
774 2895 890 2954 autem
910 2883 1168 2969 recidivantes,
1191 2883 1477 2972 distinguendum
1499 2891 1571 2963 est,
1594 2882 1675 2972 quia
1694 2893 1755 2951 ant
1774 2883 1852 2954 cul-

429 3000 507 3073 pam
526 3000 624 3049 suam
646 2980 824 3052 humiliter
845 2991 1099 3072 recognoscunt
1117 2993 1152 3051 et
1172 2979 1350 3072 peniteat,
1375 2992 1410 3051 et
1431 2992 1512 3049 tnnc
1531 2980 1575 3048 ad
1593 2980 1777 3049 arbitrium
1798 2980 1852 3048 in·

428 3077 608 3168 quisitoris
630 3079 715 3147 tales
735 3090 877 3172 propter
900 3076 1094 3148 recidivum
1114 3089 1196 3147 sunt
1215 3077 1358 3167 gravius
1378 3077 1566 3170 puniendi;
1588 3077 1616 3146 si
1638 3087 1754 3146 autem
1776 3078 1851 3146 cul·

428 3196 507 3266 pam
540 3194 638 3243 suam
669 3196 738 3246 non
766 3177 1052 3268 recognoverint,
1081 3175 1292 3266 subjiciendi
1315 3187 1397 3245 sunt
1421 3175 1520 3268 penis
1539 3185 1659 3245 contra
1677 3173 1851 3246 hereticos

429 3272 669 3363 promulgatis.
701 3273 750 3344 De
779 3273 846 3342 biis
874 3273 1022 3343 babetur
1042 3273 1077 3342 in
1097 3273 1413 3342 consultationibus
1432 3272 1684 3363 archiepiscopi
1713 3271 1850 3343 Narbo·

428 3370 547 3439 nensis
567 3382 602 3439 et
632 3371 932 3463 suffraganeorum
961 3373 1037 3462 ejus
1064 3370 1329 3463 inquisitoribus
1344 3369 1549 3440 Tbolosanis
1577 3394 1584 3436 :
1614 3368 1852 3441 Dabilotioues

427 3472 572 3537 vestras.
592 3466 642 3538 Et
662 3467 764 3561 infru
785 3495 795 3537 :
818 3469 887 3539 lllis
901 3480 1017 3538 autem
1038 3469 1112 3559 qui,
1131 3490 1209 3538 cum
1231 3478 1477 3559 receptatores,
1498 3467 1714 3550 defensores,
1736 3468 1850 3538 lauto·

429 3584 531 3633 resve
556 3575 688 3634 tantum
710 3567 891 3636 extiterint
920 3565 1130 3636 reconsiliati
1159 3566 1286 3635 luerint
1312 3586 1373 3634 sen
1396 3564 1569 3634 mandatis
1588 3564 1741 3635 Ecclesia
1759 3565 1848 3636 obe·

429 3660 504 3731 dire
518 3663 729 3752 juraverint,
753 3664 787 3732 in
803 3665 939 3757 culpam
959 3686 1056 3733 suam
1080 3664 1306 3733 recidiverint
1322 3663 1516 3753 abjuratam
1533 3716 1542 3748 ,
1559 3683 1622 3731 seu
1639 3662 1852 3754 penitentias

424 3761 676 3831 contumaciter
692 3761 882 3850 relegerint
901 3762 1059 3853 accipere
1088 3762 1143 3831 vel
1163 3761 1329 3852 implere,
1355 3764 1384 3831 si
1413 3773 1533 3852 postea
1556 3760 1677 3828 moniti
1698 3760 1754 3830 vel
1778 3781 1848 3832 uon

428 3860 554 3928 moniti
574 3870 707 3928 reatum
723 3880 824 3928 suum
846 3858 1024 3929 humiliter
1039 3869 1290 3949 cognoscentes
1307 3858 1483 3928 voluerint
1502 3857 1708 3942 emendare,
1728 3880 1850 3951 recep-

430 3955 472 4023 tis
489 3955 535 4023 ab
555 3956 639 4047 ipsis
661 3957 787 4026 talibus
807 3957 1052 4027 securitatibus
1081 3968 1196 4048 preter
1219 3955 1425 4045 juratoriam
1454 3955 1652 4025 cautionem
1680 3956 1774 4046 quod
1803 3959 1849 4024 ti-

427 4072 524 4122 more
546 4049 587 4147 [t'0
609 4051 676 4123 tao
702 4050 735 4150 c]
762 4076 852 4146 pene
877 4053 1076 4145 temporalis
1095 4054 1247 4123 debeant
1272 4052 1469 4135 coherceri,
1496 4054 1597 4122 talem
1620 4054 1849 4146 penitentiam

427 4151 617 4241 iujungatis
636 4173 705 4243 qne
726 4165 839 4222 metus
860 4154 968 4243 possit
988 4173 1065 4222 csse
1087 4151 1190 4220 etiam
1211 4153 1379 4236 aliorum;
1401 4150 1574 4242 alioquin,
1596 4150 1768 4220 adversus
1787 4173 1852 4222 eos

426 4259 594 4340 quantum
615 4249 755 4338 dejure
775 4251 932 4343 poteritis
952 4248 1162 4342 procedatis.

474 4347 639 4415 Fautores
651 4358 782 4429 autem,
796 4348 943 4418 rebelles
959 4359 994 4416 et
1010 4346 1205 4439 pertinaces
1224 4347 1363 4438 proprie
1378 4346 1542 4417 dicuntur
1553 4346 1601 4413 illi
1620 4347 1679 4437 qui
1692 4345 1851 4436 legitime

425 4445 518 4514 citati
539 4456 573 4513 et
592 4444 712 4513 croniti
742 4467 861 4538 parere
881 4446 1079 4536 despiciunt
1101 4456 1163 4513 aut
1185 4454 1459 4536 contempnunt3
1496 4454 1531 4513 et
1549 4445 1639 4512 circa
1666 4444 1751 4513 istos
1770 4443 1851 4514 talis

425 4543 512 4613 ordo
535 4544 731 4612 servandus
758 4556 811 4612 est
843 4570 849 4611 :
878 4544 989 4637 primo
1016 4541 1174 4633 quidem,
1196 4553 1278 4610 sarit
1296 4541 1530 4611 denunciandi
1553 4541 1849 4611 excommunicati

425 4654 589 4730 tauquam
615 4640 713 4723 tales,
744 4642 834 4710 sicut
860 4653 954 4734 patet
977 4641 1011 4709 in
1033 4640 1146 4708 littera
1168 4638 1358 4708 Alexandri
1380 4661 1468 4732 pape
1487 4638 1560 4707 llll¹i
1582 4639 1851 4730 inquisitoribus

424 4736 628 4807 Tbelosanis
655 4763 662 4806 :
693 4736 944 4809 Consultationi
974 4749 1090 4808 vestro
1117 4737 1228 4806 taliter
1256 4738 1510 4828 respondemus
1539 4737 1652 4827 quod,
1680 4758 1759 4806 cnm
1785 4758 1850 4828 pro

424 4846 624 4928 contemptu
645 4856 713 4906 nou
735 4837 943 4927 impunitas,
962 4849 1016 4906 set
1035 4855 1123 4928 pena
1144 4835 1407 4905 contumacibus
1426 4834 1597 4905 debeatur
1611 4845 1648 4903 et
1663 4845 1849 4905 contuma-

424 4935 477 5001 cia
507 4933 658 5004 maxime
685 4933 723 5002 in
749 4954 852 5003 causa
871 4932 952 5003 fidei
972 4933 1156 5025 suspitioni
1177 4932 1474 5025 presumptionem
1503 4932 1631 5002 adiciat
1656 4932 1850 5003 vebemem

426 5040 519 5123 tem,
540 5033 571 5100 si
587 5031 667 5122 quis
683 5042 866 5122 suspectus
886 5031 931 5100 de
948 5029 1063 5101 heresi
1094 5042 1238 5101 vocatus
1255 5050 1276 5099 a
1296 5030 1397 5101 vobis
1424 5043 1461 5100 ut
1479 5029 1525 5100 de
1544 5026 1614 5099 fide
1633 5031 1849 5122 respondeat

1189 5820 1487 6016 fx·
