4612 6404
434 676 507 748 iii
719 692 880 747 emerim
906 694 1146 760 trroutstrrorus
1172 699 1335 754 murce
1360 699 1574 754 autumaris·

434 854 561 924 dentur
579 853 775 945 exprimere
794 852 991 925 veritatem.
1019 856 1053 926 Si
1074 857 1222 928 enimin
1243 858 1359 950 aliqua
1387 857 1611 950 depositione
1639 857 1873 929 inveniretur

434 960 527 1020 enta
547 949 856 1041 interrogationum
877 953 1082 1038 multitudo,
1099 955 1167 1025 alia
1184 956 1360 1046 depositio
1380 956 1563 1047 pauticres
1580 954 1770 1025 continens
1787 975 1873 1047 pos·

433 1058 487 1118 set
505 1046 674 1117 diminuta
695 1046 830 1129 videri,
859 1060 895 1119 et
923 1052 1028 1121 etiam
1048 1073 1128 1121 cum
1155 1063 1206 1122 tot
1230 1052 1568 1144 interrogationibus
1593 1051 1809 1145 conscriptis
1834 1053 1874 1124 in

435 1145 679 1236 processuris
699 1155 816 1237 posset
835 1149 1024 1219 eoncordia
1046 1149 1080 1218 ln
1100 1149 1384 1242 depositionibus
1405 1151 1547 1220 testium
1570 1149 1745 1236 inveniri,
1768 1149 1874 1241 quod

432 1243 724 1312 considerandum
745 1253 852 1314 estet
871 1247 1147 1337 precavendum.

814 1527 857 1599 ll.
887 1567 934 1582 -
959 1528 1009 1600 Du
1033 1548 1135 1601 sacra
1159 1529 1380 1602 Vatnnustutr
1405 1528 1474 1624 (l).

435 1810 466 1871 1.
490 1809 663 1888 Sequitur
683 1810 727 1873 de
749 1816 850 1872 secte
871 1808 1112 1873 veldensinm
1133 1817 1170 1873 et
1190 1810 1307 1890 primo
1324 1810 1369 1874 de
1385 1811 1465 1889 ejus
1482 1811 1629 1886 origine
1648 1819 1685 1875 et
1703 1819 1875 1891 tompore

1027 1932 1097 1996 qno
1114 1916 1264 1997 incepit.

481 2157 707 2227 Valdensium
727 2179 789 2229 seu
815 2157 1010 2249 Pauperum
1037 2157 1083 2227 dc
1102 2157 1273 2248 Lugduno
1292 2171 1386 2229 secta
1407 2169 1442 2229 el
1461 2157 1597 2230 heresis
1617 2160 1752 2252 incepit
1773 2163 1875 2232 circa

432 2275 562 2324 annum
576 2256 713 2326 Domini
732 2255 804 2327 Mfl.
823 2254 885 2325 Cfl.
909 2255 1037 2325 LXX!
1054 2278 1063 2339 ;
1080 2256 1333 2345 cujusactoret
1350 2259 1516 2327 inventor
1529 2258 1593 2326 luit
1612 2258 1758 2349 quidam
1776 2257 1874 2329 civis

432 2352 696 2443 Lugdunensis,
719 2353 861 2424 nomine
880 2352 1066 2423 Valdesius
1093 2374 1155 2422 seu
1183 2353 1369 2424 Valdensis
1387 2375 1438 2438 ,a
1467 2376 1539 2446 quo
1564 2366 1757 2426 sectatores
1789 2356 1873 2448 ejus

433 2450 575 2520 luerunt
596 2451 709 2521 taliter
727 2450 920 2534 nominati,
941 2451 1000 2541 qui
1017 2451 1119 2520 dives
1139 2451 1244 2521 rebus
1262 2453 1381 2522 estitit
1399 2462 1435 2520 et
1452 2452 1583 2523 relictis
1600 2454 1767 2523 omnibus
1790 2474 1874 2545 pro-

432 2549 550 2640 posuit
568 2570 712 2620 servare
732 2559 971 2642 paupertatem
988 2559 1024 2617 et
1043 2548 1292 2639 perfectionem
1312 2542 1353 2644 [Ρ
1372 2547 1440 2616 l33
1457 2545 1492 2716 lg
1510 2551 1750 2641 evangelicam
1772 2551 1875 2621 sicut

432 2646 583 2736 aposloli
601 2657 848 2719 servaverunt.
870 2645 910 2715 Et
929 2667 1009 2716 curn
1026 2644 1164 2716 lecisset
1183 2646 1358 2717 conscribi
1376 2646 1445 2715 sibi
1492 2648 1651 2738 vangelia
1673 2657 1709 2718 et
1725 2647 1872 2740 aliquus

431 2742 520 2814 alios
540 2745 647 2816 libros
666 2746 712 2814 de
729 2745 841 2815 Biblia
872 2744 905 2812 in
929 2744 1066 2834 uulgari
1092 2743 1239 2833 gallico,
1268 2764 1309 2814 ac
1336 2745 1440 2813 etiam
1471 2745 1607 2836 aliquas
1636 2745 1875 2818 auctoritates

430 2853 630 2913 sanctorum
656 2843 868 2935 Augustini,
886 2841 1077 2919 ieronimi,
1100 2840 1298 2923 Ambrosii,
1317 2838 1475 2931 Gregorii
1496 2844 1678 2912 ordinatas
1699 2864 1762 2934 per
1784 2843 1875 2913 titu-

433 2939 508 3020 los,
530 2963 618 3031 quas
643 2943 718 3034 ipse
740 2952 776 3011 et
802 2960 973 3032 sequaces
1001 2938 1194 3009 sententias
1223 2940 1513 3031 appellaverunt,
1543 2961 1584 3010 ea
1604 2941 1724 3032 sepius
1743 2961 1875 3012 secum
1920 2944 1934 2959 “

435 3037 594 3127 legentes
608 3052 642 3110 et
663 3042 778 3109 minus
794 3059 880 3108 sane
900 3037 1155 3127 intelligentes,
1177 3058 1282 3106 sensu
1302 3057 1367 3106 suo
1388 3035 1520 3121 inflati,
1541 3058 1621 3108 cum
1649 3046 1769 3107 essent
1792 3059 1873 3111 mc·

433 3134 550 3204 dicum
571 3136 732 3223 litterati,
753 3136 990 3228 apostolorum
1006 3134 1073 3205 sibi
1089 3131 1244 3204 ollicium
1265 3144 1481 3224 usurparunt
1495 3146 1529 3205 el
1547 3146 1793 3228 presumentes
1808 3157 1876 3229 per

432 3232 530 3304 vicos
550 3244 585 3304 et
605 3234 737 3326 plateas
756 3233 983 3324 Evangelium
1003 3232 1204 3327 predicare3
1226 3231 1609 3324 dictusqaeValdesins
1631 3255 1693 3303 sou
1714 3232 1877 3305 Valden-

432 3330 482 3402 sis
503 3332 629 3404 multos
655 3332 815 3403 homines
836 3331 1018 3421 utriusque
1044 3350 1151 3400 sexus
1178 3332 1274 3400 viros
1300 3343 1335 3400 et
1356 3329 1520 3400 mulieres
1539 3330 1584 3401 ad
1604 3330 1756 3400 similem
1780 3352 1871 3423 pre·

386 3501 393 3513 ,
431 3432 669 3524 sumptionem
705 3429 893 3522 complices
917 3428 984 3498 sibi
1017 3428 1117 3508 lecit,
1145 3427 1312 3520 ipsosque
1336 3426 1382 3496 ud
1411 3428 1662 3519 predicandum
1695 3438 1874 3519 tanquam

434 3525 626 3619 discipulos
645 3528 841 3598 emittebat.
854 3525 923 3607 Qui
936 3547 1014 3596 cnm
1028 3536 1146 3594 essent
1161 3525 1281 3618 ydiote
1300 3535 1335 3594 et
1349 3525 1504 3595 illiterati
1526 3547 1588 3618 per
1607 3525 1709 3596 villas
1729 3524 1876 3619 discur-

432 3636 551 3695 rentes
570 3640 605 3696 et
625 3627 749 3696 domos
769 3637 1013 3718 penetrantes,
1036 3634 1104 3692 tarn
1126 3623 1194 3691 viri
1214 3643 1319 3715 uttam
1341 3623 1446 3693 etiarn
1468 3623 1654 3708 mulieres,
1686 3624 1720 3692 in
1742 3624 1877 3714 plateis

433 3743 475 3793 ac
490 3722 594 3794 etiam
617 3722 651 3793 in
669 3724 846 3803 ecclesiis,
869 3721 935 3790 viri
959 3721 1134 3804 maxime,
1159 3721 1380 3812 predicantes
1410 3722 1538 3793 multos
1557 3743 1696 3793 errores
1715 3721 1877 3793 circum·
1924 3767 1930 3775 -

433 3842 573 3914 quaque
592 3822 824 3892 diffuderunt.
842 3819 964 3890 Vocati
983 3828 1099 3889 aulem
1116 3818 1162 3888 ah
1180 3818 1445 3912 archiepiscopo
1462 3819 1699 3911 lugdunensi,
1718 3818 1874 3894 domiuo

430 3918 588 3990 Iohanne
606 3921 651 3991 de
669 3919 774 3990 Bellis
795 3917 980 4003 manibus,
1000 3938 1108 4009 super
1131 3929 1225 3986 tanta
1247 3919 1512 4010 presumptione
1532 3917 1697 4011 prohibiti
1716 3919 1873 3990 suntab

432 4018 575 4102 codem,
597 4029 651 4089 set
678 4016 824 4088 obedire
845 4016 988 4086 minime
1007 4015 1216 4094 voluerunt,
1239 4014 1273 4082 in
1294 4016 1457 4086 velamen
1479 4036 1544 4085 sue
1561 4014 1706 4086 vesanie
1726 4027 1875 4108 preten-

431 4112 556 4185 dentes
575 4128 610 4186 et
630 4116 787 4186 dicentes
805 4113 901 4206 quod
916 4115 1123 4207 opportebat
1145 4115 1254 4202 magis
1276 4110 1347 4182 ileo
1364 4135 1469 4204 quarn
1492 4112 1693 4184 hominibus
1718 4111 1876 4189 obedire

432 4213 492 4303 qui
514 4214 667 4306 precepit
685 4213 853 4305 apostolis
877 4214 972 4283 omni
999 4224 1159 4281 creature
1180 4208 1411 4300 Evangelium
1433 4211 1637 4303 predicare,
1659 4222 1875 4300 arrogantes

432 4309 498 4379 sibi
521 4310 554 4379 id
583 4311 678 4402 quod
697 4310 865 4403 apostolis
885 4320 960 4381 erat
988 4308 1140 4401 dietum3
1160 4329 1311 4399 quorum
1344 4308 1582 4402 apostolorum
1610 4309 1806 4379 imitatores
1832 4320 1876 4382 et

432 4428 652 4479 successores
677 4408 762 4478 laisa
783 4407 999 4501 paupertatis
1019 4407 1237 4499 professione
1263 4416 1300 4476 et
1324 4404 1403 4476 licta
1427 4406 1624 4476 sanctitatis
1643 4408 1809 4500 ymagine
1828 4428 1875 4481 se

433 4525 511 4575 csse
532 4507 716 4577 temerarie
734 4506 952 4590 asserebant,
970 4518 1201 4596 aspernantes
1221 4504 1372 4597 prelatos
1387 4513 1423 4572 et
1441 4502 1602 4589 clericos,
1623 4503 1705 4596 qnia
1725 4503 1875 4579 diviciis

433 4601 686 4673 habundabant
705 4614 741 4674 et
760 4606 794 4671 in
813 4602 949 4674 deliciis
973 4602 1143 4673 vivebant
1169 4595 1212 4698 [l⁹
1233 4601 1302 4670 l33
1321 4598 1370 4701 c].
1390 4601 1447 4672 Sic
1474 4603 1594 4693 itaque
1618 4623 1664 4672 ex
1684 4621 1874 4697 presump-

434 4711 534 4770 tuosa
555 4704 783 4794 usurpatione
797 4698 903 4771 oilicii
919 4699 1121 4793 predicandi
1139 4700 1221 4770 lacti
1235 4712 1319 4770 sunt
1338 4699 1496 4792 magistri
1516 4698 1670 4785 erroris,
1688 4709 1724 4769 et
1740 4699 1874 4787 muniti

435 4806 475 4866 ut
492 4797 725 4886 desisterem,
747 4797 990 4870 inobedientes
1007 4809 1044 4867 et
1061 4808 1285 4870 contumaces
1308 4798 1427 4870 eflecti
1453 4805 1560 4885 sunt3
1590 4808 1627 4867 et
1651 4795 1783 4870 exinde
1800 4806 1873 4871 ei·

469 5073 1106 5148 (lloetitren‘estpusdcnsiemenuscrit
