4574 6404
424 642 471 709 ll
711 658 873 710 rnncrrca
899 659 1140 725 rsqorsrrroars
1166 658 1328 710 annarias
1354 658 1564 711 rnavrvsnrs.

424 793 616 866 hereticum
640 786 712 880 (cel
730 787 781 860 sic
802 813 810 859 :
832 789 934 860 talem
959 791 1000 862 N.
1027 790 1071 860 de
1098 789 1155 860 tali
1177 788 1254 859 loco
1274 810 1352 859 esse
1373 790 1603 883 hereticum),
1627 812 1692 863 neo
1719 793 1852 865 dictum

422 912 524 963 suum
556 886 736 959 revocavit
761 886 912 971 ibidem,
943 909 1024 982 ymo
1054 887 1188 957 diutius
1216 896 1265 956 tot
1284 886 1409 956 dicbus
1438 889 1588 979 perstitit
1607 890 1642 958 in
1667 891 1792 961 eodem
1816 893 1852 964 in

422 986 626 1060 scandalum
657 983 909 1075 plurimorum,
932 984 1078 1057 horrore
1104 997 1171 1054 tam
1198 983 1373 1076 nephandi
1397 984 1552 1055 criminis
1574 999 1714 1078 tamque
1733 989 1851 1061 detes·

425 1085 521 1159 tandi
543 1083 692 1154 nominis
714 1102 781 1150 ncn
805 1093 993 1170 retractns;
1012 1103 1076 1153 nos
1095 1080 1360 1153 considerantes
1379 1084 1547 1152 attentius
1566 1085 1761 1176 expediens
1780 1087 1855 1159 fore

424 1196 462 1255 nt
492 1203 580 1276 pena
610 1178 811 1270 temporalis
837 1178 1023 1251 coherceat
1046 1201 1140 1276 quos
1170 1200 1306 1250 morum
1338 1201 1408 1251 non
1427 1180 1572 1271 corrigit
1598 1182 1797 1274 disciplina,
1819 1198 1854 1257 et

423 1282 518 1376 quod
551 1278 725 1349 interdum
758 1297 819 1367 per
852 1279 1069 1370 impunitatis
1101 1278 1282 1348 audaciam
1315 1274 1404 1346 fiunt
1435 1278 1495 1370 qui
1532 1302 1680 1372 nequam
1716 1281 1854 1354 fuerant

423 1378 625 1471 nequiores,
638 1386 676 1444 ut
694 1374 762 1444 sibi
781 1385 817 1443 ct
834 1377 960 1447 ceteris
980 1377 1121 1447 tollatur
1138 1375 1279 1446 audatia
1300 1376 1409 1444 verba
1428 1377 1555 1448 similia
1576 1390 1644 1449 tam
1667 1381 1854 1452 temeraria

423 1497 527 1570 quam
548 1474 654 1567 impia
674 1474 869 1561 asserendi,
882 1473 1039 1566 predicto
1061 1473 1119 1543 tali
1137 1473 1180 1544 N.
1198 1492 1317 1543 coram
1340 1473 1441 1544 nobis
1461 1473 1497 1543 in
1516 1475 1647 1567 juditio
1664 1477 1854 1550 constituto

420 1574 559 1667 culpam
583 1590 682 1643 suam
711 1570 901 1665 predictam
924 1570 1106 1642 humiliter
1137 1570 1426 1660 recognoscenti,
1449 1583 1485 1644 et
1506 1575 1691 1645 emendam
1716 1594 1854 1647 correc-

423 1673 625 1762 tionemque
650 1669 684 1738 iu
710 1679 887 1762 posterum
915 1669 1153 1762 promittenti,
1172 1689 1284 1759 seque
1306 1668 1510 1742 omnimodo
1533 1672 1706 1742 voluntati
1737 1687 1855 1744 nostre
1928 1719 1934 1729 ·

421 1792 464 1841 ac
482 1766 721 1838 misericordie
739 1767 967 1859 supponenti‚
990 1766 1211 1857 injunximus
1232 1765 1267 1835 in
1288 1766 1515 1858 penitentiam
1537 1780 1572 1837 et
1591 1768 1734 1840 nominc
1753 1771 1854 1861 peni-

425 1867 532 1939 tentie
551 1887 613 1958 pro
632 1864 812 1957 predictis,
830 1865 897 1935 sub
917 1867 1047 1937 virtute
1064 1885 1085 1934 a
1104 1885 1144 1936 se
1162 1884 1277 1934 coram
1299 1862 1400 1934 nobis
1421 1866 1559 1957 prestiti
1580 1867 1788 1938 sacramenti
1809 1867 1855 1941 de

423 1963 581 2059 parendo
619 1963 792 2033 mandatis
828 1965 979 2058 nostris,
1012 1974 1050 2032 ot
1086 1962 1197 2032 trihus
1233 1961 1358 2032 diebus
1396 1964 1581 2034 dominicis
1618 1987 1681 2035 seu
1720 1964 1855 2037 festivis

425 2063 585 2157 proxime
602 2059 901 2152 subsequentibus
922 2062 1183 2156 processiones,
1204 2061 1234 2129 si
1256 2057 1360 2144 dant,
1382 2061 1416 2131 in
1437 2061 1583 2132 ecclesia
1605 2063 1663 2132 tali
1681 2083 1760 2134 cnm
1778 2065 1852 2133 vir·

423 2161 478 2255 gis
505 2161 540 2228 in
570 2179 673 2228 manu
703 2157 881 2230 humiliter
908 2160 1146 2252 subsequatur
1175 2151 1216 2254 [ί0
1239 2154 1287 2230 at
1313 2153 1367 2254 d]‚
1389 2169 1425 2230 et
1443 2158 1479 2228 in
1508 2157 1578 2231 fine
1597 2160 1854 2253 processionis,

424 2270 586 2355 presente
607 2256 756 2348 populo,
779 2255 824 2325 de
844 2277 948 2327 manu
968 2257 1062 2327 illius
1082 2254 1142 2348 qui
1164 2254 1378 2347 processioni
1401 2257 1569 2348 prefuerit
1586 2279 1667 2328 cum
1689 2258 1855 2350 predictis

425 2355 534 2447 virgis
554 2354 698 2445 recipiat
718 2353 952 2446 disciplinam.
970 2355 1004 2424 Si
1027 2374 1112 2424 vero
1133 2354 1374 2445 processiones
1395 2354 1526 2425 ibidem
1552 2376 1621 2425 non
1646 2354 1752 2440 fiant,
1772 2367 1856 2428 tunc

424 2455 505 2528 cum
524 2450 626 2523 dictis
645 2450 754 2542 virgis
775 2463 853 2546 post
871 2452 1093 2544 evangelium
1114 2451 1149 2521 in
1171 2451 1275 2523 missa
1296 2453 1332 2521 in
1349 2452 1497 2524 ecclesia
1516 2452 1754 2539 decantatum,
1773 2477 1854 2546 pre·

423 2564 523 2626 sente
553 2549 704 2644 pop'ulo,
733 2550 838 2622 modo
870 2551 1027 2643 predicto
1047 2549 1195 2642 recipiat
1212 2549 1448 2642 disciplinam,
1481 2563 1516 2620 et
1549 2550 1680 2622 ibidem
1715 2553 1855 2645 publice

423 2661 566 2723 revocet
585 2648 717 2719 dictum
736 2670 855 2734 suum,
876 2659 912 2719 et
929 2658 1156 2738 recognoscat
1175 2667 1214 2717 se
1235 2648 1390 2741 predicta
1411 2646 1520 2719 verba
1542 2659 1611 2718 tam
1623 2650 1730 2743 impia
1748 2671 1855 2743 quam

424 2747 610 2843 nephanda
638 2745 728 2816 male
756 2759 791 2816 et
820 2747 1005 2818 temerarie
1033 2744 1235 2838 protulisse.
1257 2745 1343 2817 Item
1375 2746 1472 2838 quod
1503 2767 1612 2816 unum
1637 2767 1778 2818 cereum
1806 2758 1856 2819 tot

424 2848 588 2917 librarum
624 2847 747 2915 offerat
779 2845 926 2915 ecclesie
960 2854 1173 2927 memorate,
1201 2844 1297 2935 quod
1326 2842 1452 2915 diebus
1483 2844 1654 2936 singulis,
1683 2856 1854 2936 quantum

422 2943 623 3026 duraverit,
650 2942 862 3012 accendatur
891 2942 1021 3013 ibidem
1053 2941 1099 3010 ad
1134 2940 1367 3012 elevationem
1394 2940 1556 3036 Corporis
1579 2942 1718 3014 Domini
1746 2941 1854 3014 Jhesu

421 3041 560 3112 Christi.
583 3040 666 3110 ltem
696 3038 904 3110 confiteatur
932 3051 983 3110 ter
1011 3040 1046 3108 in
1076 3058 1170 3109 anno
1199 3049 1339 3131 peccata
1365 3061 1451 3123 sua,
1472 3039 1606 3110 scilicet
1631 3050 1713 3111 ante
1733 3039 1856 3111 Natale

422 3138 575 3225 Domini,
597 3148 632 3208 et
650 3136 794 3222 Pascha,
817 3147 852 3207 et
871 3136 1139 3222 Pentbecoslen,
1162 3146 1197 3207 et
1216 3135 1251 3205 in
1271 3136 1404 3208 eisdem
1426 3137 1676 3208 festivitatibus
1694 3157 1855 3207 commn-

424 3237 530 3323 nicet,
550 3235 614 3305 nisi
636 3234 846 3306 abstinuerit
865 3235 910 3305 de
929 3235 1077 3306 consilio
1097 3233 1228 3328 proprii
1248 3234 1454 3306 sacerdotis.
1477 3235 1561 3304 ltem
1581 3235 1675 3326 quod
1696 3254 1717 3304 a
1736 3235 1854 3328 prola-

425 3333 519 3405 tione
551 3331 738 3404 verborum
767 3330 986 3404 horribilium
1018 3332 1252 3405 consimilium
1284 3343 1353 3402 mm
1381 3341 1502 3404 contra
1532 3353 1571 3402 se
1599 3353 1703 3424 quam
1733 3343 1856 3405 contra

423 3451 682 3523 quemcumque
709 3429 816 3500 alium
845 3431 989 3502 omnino
1018 3430 1086 3501 sibi
1115 3439 1239 3501 caveat
1262 3441 1298 3500 et
1327 3430 1502 3500 abstineat
1529 3429 1564 3498 in
1585 3431 1763 3517 futurum,
1786 3430 1855 3502 sub

425 3550 514 3621 pena
528 3528 572 3598 Χ.
591 3528 759 3598 librarum
774 3528 1027 3599 Turonensiom
1044 3529 1090 3598 ad
1106 3550 1195 3621 opus
1215 3528 1319 3598 unius
1338 3527 1457 3598 calicis
1476 3548 1540 3597 seu
1561 3527 1855 3599 vestimentorum

424 3626 739 3696 ecclesiasticorum
769 3626 803 3695 in
834 3625 980 3697 ccclesia
1008 3625 1206 3714 antedicta,
1227 3646 1332 3717 quam
1361 3625 1515 3695 incurrat
1540 3624 1617 3717 ipso
1644 3625 1735 3697 facto
1762 3625 1794 3696 si
1821 3634 1858 3697 et

424 3723 718 3815 quandocumque
737 3745 817 3795 eum
838 3725 1024 3815 contigerit
1044 3722 1211 3815 dein'ceps
1231 3722 1438 3815 delinquere
1457 3723 1492 3792 in
1512 3722 1679 3816 predictis
1697 3723 1754 3793 vel
1771 3743 1855 3794 con·

424 3821 598 3890 similibus
617 3821 749 3892 verbis.
767 3821 844 3904 Que
866 3821 983 3892 omnia
1002 3820 1164 3914 promisit
1183 3840 1299 3891 coram
1322 3821 1423 3893 nobis
1439 3841 1479 3891 se
1499 3820 1664 3913 implere,
1686 3819 1855 3913 perficere

425 3929 460 3988 el
485 3929 604 3990 tenere
628 3918 695 3988 sub
719 3919 849 3989 virtute
875 3940 916 3989 ac
941 3917 1061 3990 debito
1085 3938 1105 3987 a
1128 3940 1167 3989 se
1188 3918 1324 4012 prestiti
1347 3919 1551 4010 juramenti.
1573 3917 1643 3988 Nos
1666 3928 1783 3988 autem
1810 3939 1857 3990 ex

424 4036 467 4086 eo
494 4016 589 4108 quod
615 4015 791 4109 predictus
818 4016 897 4086 talis
924 4016 966 4086 N.
993 4038 1033 4088 sc
1056 4017 1170 4108 ipsum
1198 4016 1309 4087 verbo
1337 4028 1439 4088 tenus
1466 4011 1506 4111 [l⁰
1525 4013 1572 4087 25
1596 4012 1630 4113 a]
1660 4014 1855 4086 hereticum

423 4134 502 4184 esse
520 4113 624 4200 dixit,
645 4115 795 4185 enodem
826 4115 1048 4207 postmodum
1080 4113 1320 4184 examinatum
1340 4113 1385 4184 de
1407 4110 1477 4183 fide
1495 4112 1688 4185 hereticum
1709 4112 1855 4185 minime

424 4210 643 4296 invenimus,
671 4233 736 4281 nec
763 4211 843 4282 ideo
871 4210 1064 4282 hereticum
1093 4221 1316 4304 reputamus,
1343 4211 1410 4281 nisi
1437 4210 1533 4280 aliud
1561 4210 1662 4282 nobis
1688 4211 1723 4280 in
1750 4222 1855 4283 antea
1951 4208 1953 4213 ⁴

423 4317 542 4378 contra
571 4309 684 4400 ipsum
713 4309 868 4400 legitime
893 4321 1089 4402 appareret.
1113 4308 1238 4379 Actum
1259 4309 1323 4380 fnit
1341 4308 1409 4380 boc
1430 4307 1599 4395 Tholose,
1628 4329 1723 4379 anno
1742 4318 1778 4378 et
1797 4309 1856 4380 die

424 4404 497 4491 tali,
520 4417 587 4476 etc.
611 4406 649 4475 lo
670 4427 819 4498 quorum
840 4407 996 4478 omnium
1018 4406 1255 4477 testimonium
1275 4406 1428 4497 sigillum
1450 4416 1609 4476 nostrum
1631 4404 1855 4499 presentibus

424 4503 592 4574 duximus
609 4506 874 4596 apponendum.

424 4729 459 4793 8.
482 4730 617 4795 Forma
630 4731 842 4811 imponendi
856 4732 1100 4814 penitentiam
1115 4732 1294 4795 minorem
1314 4732 1426 4797 alicui
1438 4732 1569 4811 juveni
1591 4739 1695 4796 extra
1714 4747 1854 4797 sermo·

574 4853 659 4902 nem
675 4855 785 4920 snper
797 4839 870 4904 hiis
885 4857 954 4922 que
969 4841 1153 4905 commisit
1167 4841 1207 4904 tn
1222 4839 1345 4905 heresi
1359 4841 1399 4904 ln
1413 4840 1573 4920 juvenili
1590 4846 1698 4905 etate.

474 5024 608 5097 fenore
633 5029 847 5121 presentium
875 5041 991 5124 pateat
1022 5029 1340 5102 christifidelibus
1371 5030 1542 5102 universis
1565 5029 1661 5121 quod
1704 5048 1767 5102 nos
1798 5033 1853 5100 in·
