4574 6404
426 665 473 735 22
714 681 876 736 ranerius
903 682 1143 749 rupursrrronrs
1170 682 1332 736 aramme
1357 682 1570 735 rnavnnrrs.

429 838 601 927 heredes,
634 840 850 933 propinquos
878 850 913 912 et
945 842 1118 912 bonorum
1148 862 1368 935 possessores
1394 862 1455 910 seu
1485 841 1686 911 detentores
1711 841 1859 934 predicti

430 936 508 1006 talis
527 936 568 1005 N.
592 937 770 1025 defuncti,
791 958 928 1009 necnon
949 939 1161 1030 generaliter
1178 960 1301 1010 omnes
1321 939 1380 1029 qui
1404 938 1537 1008 vellent
1557 948 1591 1008 et
1610 938 1749 1028 dejure
1766 939 1861 1010 vale·

429 1046 507 1103 rent
527 1034 718 1105 defendere
744 1037 983 1129 supradictum
1016 1037 1117 1107 talem
1139 1036 1181 1105 N.
1204 1036 1429 1118 defunctum,
1452 1048 1489 1104 nt
1512 1036 1616 1105 certis
1636 1036 1694 1105 die
1713 1048 1749 1107 et
1766 1036 1857 1123 locu,

429 1130 593 1219 Tholose,
617 1133 705 1203 infra
726 1135 885 1220 terciam,
904 1144 1148 1226 comparerent
1165 1134 1396 1226 personaliter
1410 1154 1525 1204 coram
1546 1132 1661 1215 nobis,
1679 1133 1806 1203 dicturi
1825 1144 1861 1205 et

430 1230 644 1321 proposituri
669 1229 841 1324 quidquid
869 1231 913 1301 ad
942 1232 1203 1303 excusationem
1234 1253 1295 1301 seu
1325 1231 1564 1302 defensionem
1593 1230 1675 1299 dicti
1704 1231 1859 1302 defuncti

430 1326 686 1399 rationabiliter
706 1327 876 1400 ducerent
895 1328 1178 1421 proponendum,
1198 1339 1233 1398 et
1253 1328 1501 1400 nichilominus
1520 1327 1673 1418 audituri
1695 1339 1730 1398 et
1749 1328 1858 1398 visuri

429 1423 700 1519 publicationem
727 1448 848 1497 corum
872 1449 941 1518 que
966 1437 1085 1497 contra
1117 1426 1310 1519 predictum
1337 1426 1540 1496 defunctum
1566 1425 1856 1512 inveniebantur,

428 1532 464 1592 et
482 1520 568 1592 alias
588 1523 785 1616 processuri
806 1525 840 1593 in
862 1524 955 1596 dicto
977 1523 1124 1615 negocio
1144 1535 1248 1617 prout
1265 1536 1357 1594 esset
1374 1523 1520 1594 rationis
1537 1523 1567 1593 si
1587 1543 1649 1592 sua
1670 1524 1858 1594 crederent

430 1621 624 1709 interesse,
656 1630 691 1691 et
725 1622 843 1692 nullus
876 1621 1112 1714 comparuerit
1138 1621 1199 1713 qui
1226 1621 1421 1715 predictum
1451 1620 1653 1691 defunctum
1684 1621 1771 1691 velit
1797 1642 1860 1692 scu

428 1716 545 1786 valeat
565 1714 606 1816 [N
627 1715 672 1787 tt
691 1714 723 1815 c]
748 1719 939 1791 defendere
960 1720 1004 1789 de
1030 1719 1212 1811 predictis,
1237 1718 1606 1813 publicaverimusque
1624 1739 1663 1789 ea
1682 1740 1752 1810 que
1771 1740 1856 1788 con·

429 1822 480 1883 tra
505 1817 698 1904 predictum
723 1816 926 1888 defunctum
948 1818 993 1887 de
1015 1819 1105 1888 facto
1125 1817 1260 1887 heresis
1280 1816 1529 1899 inveniuntur;
1554 1815 1683 1886 idcirco
1703 1817 1856 1887 auctori·

429 1920 499 1981 tate
518 1934 587 2003 qua
605 1915 796 2010 fungimur,
817 1916 883 1985 sub
899 1915 999 2008 penis
1013 1914 1205 2000 canonicis,
1220 1914 1321 1984 vobis
1336 1914 1494 1984 districte
1514 1913 1740 2006 precipiendo
1757 1935 1855 1983 man·

429 2007 554 2082 damus
583 2013 769 2103 quatinus,
789 2013 963 2102 adjunctis
992 2012 1174 2084 vobiscum
1202 2011 1349 2082 testibus
1379 2010 1448 2082 lide
1476 2011 1614 2102 dignis,
1637 2011 1764 2082 iterato
1791 2012 1857 2082 isto

428 2111 585 2181 secundo
605 2132 667 2202 pro
688 2110 851 2181 omnibus
870 2110 1131 2203 perhemptorio
1150 2109 1265 2179 edicto
1285 2111 1399 2180 citetis
1414 2131 1460 2178 ex
1476 2119 1576 2201 parte
1594 2121 1710 2179 nostra
1728 2110 1857 2180 liberos

429 2215 465 2272 et
479 2203 642 2292 heredes,
657 2208 872 2301 propinquos
885 2219 919 2277 et
929 2208 1101 2279 bonorum
1117 2227 1338 2301 possessores
1352 2229 1415 2278 sen
1433 2207 1635 2276 detentores
1651 2206 1797 2298 predicti
1812 2206 1855 2278 N.

430 2299 585 2375 defuncti
602 2316 637 2374 et
651 2305 995 2398 generaliteromnes
1007 2305 1067 2397 qui
1084 2304 1262 2374 volueriut
1274 2319 1309 2374 et
1325 2304 1461 2395 dejure
1474 2303 1651 2374 valuerint
1666 2302 1857 2375 defendere

428 2399 1857 2492 predictnmistumdefunctum,uttalidie,iutitulalatalilrla.,Tbolose,indomo

428 2498 666 2588 inquisitionis
683 2501 784 2588 juxta
802 2498 959 2570 Castrum
979 2500 1225 2583 Narbonense,
1249 2500 1480 2591 personaliter
1499 2511 1725 2591 compareant
1739 2520 1856 2570 coram

427 2596 543 2684 nobis,
560 2597 616 2668 vel
636 2619 752 2670 coram
775 2607 914 2668 tenente
934 2599 1049 2668 locum
1069 2608 1242 2682 nostrum,
1258 2596 1384 2667 dicturi
1405 2608 1440 2666 et
1458 2597 1671 2689 proposituri
1687 2596 1856 2689 quicquid

427 2692 471 2763 ad
492 2694 755 2768 excusationem
774 2715 836 2766 seu
858 2695 1099 2767 defensionem
1119 2693 1202 2764 dicti
1227 2693 1269 2764 N.
1294 2693 1450 2764 defuncti
1469 2694 1723 2765 rationabiliter
1743 2694 1856 2765 duxe-

428 2792 498 2861 rint
519 2793 805 2886 prcponendum,
828 2804 863 2863 et
881 2793 1128 2863 nichilominus
1144 2793 1255 2862 acturi
1271 2803 1306 2862 et
1326 2792 1524 2884 processuri
1543 2792 1577 2860 in
1595 2791 1689 2862 dicto
1707 2792 1855 2883 negocio

429 2903 533 2983 prout
560 2891 664 2961 fuerit
689 2891 851 2978 rationis,
875 2891 904 2960 si
924 2912 987 2961 sna
1014 2889 1228 2961 crediderint
1255 2890 1444 2975 interesse,
1472 2887 1712 2979 significantes
1734 2900 1770 2959 et
1793 2890 1856 2960 de·

430 2989 637 3059 nunciantes
663 2988 795 3060 eisdem
824 2989 938 3081 quod,
973 2988 1051 3058 sive
1075 2986 1335 3080 comparuerint
1360 2986 1437 3056 sive
1467 3007 1538 3056 non
1566 2986 1625 3057 dle
1652 2981 1760 3084 [tali],
1793 3008 1856 3058 nos

425 3084 675 3157 nichilominus
700 3086 931 3180 procedemus
967 3086 1002 3154 in
1030 3084 1123 3155 dicto
1151 3085 1298 3175 negocio
1331 3095 1435 3178 prout
1465 3082 1663 3172 secundum
1691 3106 1853 3174 cursum,

424 3181 561 3269 stilum,
589 3194 623 3253 et
645 3205 764 3270 usum,
792 3204 833 3254 uc
856 3182 1040 3277 privilegia
1060 3180 1167 3253 officii
1191 3182 1449 3274 inquisitionis,
1471 3183 1531 3272 jus
1551 3192 1586 3252 et
1610 3182 1700 3253 ratio
1722 3181 1856 3253 suade·

423 3278 530 3367 bnnt,
566 3302 686 3353 eorum
722 3281 880 3352 absentia
910 3302 979 3351 non
1014 3280 1199 3367 obstante;
1234 3279 1339 3369 hujus
1373 3289 1489 3349 autem
1526 3288 1645 3350 nostre
1675 3279 1856 3351 citationis

423 3376 577 3448 edictum
603 3392 671 3448 tam
696 3379 731 3448 in
760 3377 926 3471 hospiciis
952 3377 1011 3447 ubi
1033 3378 1147 3447 dictus
1169 3377 1209 3446 N.
1233 3376 1441 3464 defunctus,
1463 3377 1587 3463 liberi,
1615 3377 1802 3471 propinqui
1821 3387 1857 3447 et

423 3472 574 3547 heredes
585 3498 625 3547 ac
637 3477 809 3547 bonorum
824 3476 934 3569 ipsius
950 3496 1173 3568 possessores
1189 3496 1252 3544 seu
1269 3475 1472 3546 detentores
1487 3487 1669 3545 morantur
1688 3497 1750 3546 seu
1771 3496 1856 3546 con-

424 3585 618 3644 sueverunt
641 3575 787 3660 morari,
809 3595 913 3666 quam
935 3573 971 3641 in
991 3573 1137 3642 ecclesia
1158 3581 1295 3658 vestra,
1326 3584 1539 3663 congregato
1557 3570 1652 3643 clero
1672 3584 1706 3642 ot
1727 3572 1856 3665 populo

424 3670 469 3738 ad
486 3671 702 3742 audiendum
718 3671 853 3756 divina,
870 3670 996 3741 diebus
1011 3670 1196 3740 dominicis
1212 3678 1247 3738 et
1266 3669 1401 3740 festivis
1420 3669 1481 3762 qui
1503 3670 1674 3761 usquead
1695 3665 1735 3765 [Ι0
1755 3668 1799 3742 ta
1816 3665 1853 3766 d]

425 3768 553 3839 dictam
592 3770 684 3839 diem
724 3768 939 3839 occurrerint
974 3768 1200 3861 proponatis,
1239 3766 1406 3837 facientes
1440 3767 1523 3837 inde
1561 3765 1636 3836 lieri
1674 3767 1855 3859 publicum

425 3865 710 3938 instrumentum.
739 3867 775 3935 ln
801 3866 901 3956 cujus
925 3866 974 3935 rei
1004 3864 1242 3935 testimonium
1265 3864 1419 3954 sigillum
1442 3874 1599 3935 nostrum
1628 3865 1856 3956 presentibus

426 3964 593 4036 duximus
612 3964 860 4058 apponendum
884 3989 891 4030 :
918 3972 952 4032 et
980 3964 1014 4031 in
1041 3963 1181 4054 signum
1208 3981 1248 4030 ao
1273 3961 1512 4032 testimoninm
1540 3962 1668 4053 recepti
1699 3973 1734 4033 et
1761 3984 1855 4032 com·

425 4062 509 4154 pleti
530 4083 592 4156 per
615 4083 680 4133 vos
705 4061 858 4132 mandati
880 4061 1009 4146 nostri,
1034 4060 1187 4151 sigillum
1216 4071 1372 4130 vestrum
1401 4059 1624 4152 presentibus
1650 4061 1853 4154 apponatis.

424 4159 548 4229 Datum
569 4160 738 4249 Tholose‚
758 4171 825 4230 etc.

426 4415 486 4479 25.
511 4414 644 4478 Forma
659 4414 799 4477 citandi
813 4419 926 4476 testes
942 4411 1152 4475 nominatos
1167 4413 1207 4476 in
1226 4427 1339 4476 oense
1362 4410 1587 4475 defunslonis
1614 4412 1771 4490 alictqus
1795 4412 1856 4474 ds-

882 4518 999 4583 functi
1016 4534 1139 4582 curam
1155 4519 1388 4608 lnquisitore.

472 4766 605 4837 Frater.
623 4765 701 4836 Ber.
722 4763 907 4850 Gnidonis,
925 4763 1004 4834 ord.
1025 4762 1144 4847 Pred,
1164 4761 1363 4853 inquisitor,
1383 4774 1468 4849 etc,
1486 4759 1667 4854 capellano
1689 4757 1766 4829 talis
1789 4759 1856 4859 loci

426 4864 483 4935 vel
496 4866 572 4955 ejus
588 4864 702 4934 locum
721 4861 867 4949 tenenti,
885 4858 1106 4933 etc-Cum
1127 4860 1162 4929 in
1180 4879 1284 4929 cansa
1300 4859 1517 4930 defensionis
1543 4855 1622 4928 talis
1637 4856 1682 4927 de
1696 4856 1755 4926 tali
1775 4857 1854 4929 loco

429 4960 582 5031 defuncti
603 4982 672 5052 que
691 4979 807 5030 coram
832 4958 933 5029 nobis
960 4958 1128 5046 vertitur,
1154 4957 1232 5027 talis
1256 4955 1348 5026 lilius
1374 4957 1557 5048 quondam
1579 4965 1614 5025 et
1638 4955 1740 5025 heres
1763 4975 1857 5025 nunc

426 5058 512 5131 dicti
531 5058 685 5129 defuncti
705 5055 939 5128 nominaverit
954 5054 1182 5148 producendo
1202 5055 1237 5125 in
1259 5063 1364 5125 testes
1383 5054 1429 5126 ad
1448 5053 1672 5148 probandum
1692 5051 1729 5121 in
1748 5072 1855 5123 causa
