4612 6404
838 683 974 749 cuturn
998 683 1096 737 vaus.
1617 662 1686 734 itt
1772 720 1776 727 .
1811 702 1814 708 ·

248 862 331 911 rum
350 860 495 912 suorum
517 837 667 911 heredes
687 851 723 910 et
741 854 900 932 posteros
920 863 1032 934 usque
1052 842 1097 910 ad
1115 839 1306 912 secundam
1328 841 1530 932 progeniem
1551 837 1685 910 heneti·

244 938 316 1010 ciis
328 939 465 1009 cunctis
477 936 729 1030 temporalibus
742 938 889 1030 puhlicis
908 933 950 1035 [p
967 937 1035 1007 tua
1046 935 1099 1036 d]‚
1116 936 1241 1010 ciliciis
1256 947 1292 1007 et
1305 934 1500 1007 honoribus
1512 937 1685 1028 imperiali

240 1035 463 1106 auctoritate
482 1034 684 1128 privantes,
722 1046 760 1104 ut
786 1035 821 1104 in
839 1036 973 1129 paterni
997 1036 1165 1107 memoria
1185 1035 1343 1106 criminis
1363 1033 1531 1106 continuo
1547 1054 1686 1106 merore

239 1133 517 1205 contabescant.

297 1232 343 1326 p)
360 1230 469 1301 Sexto
483 1229 634 1313 decimo,
654 1241 803 1322 possunt
819 1227 1073 1329 [inquisitores]
1091 1232 1175 1301 dare
1190 1230 1443 1322 indulgentiam
1463 1229 1527 1300 xxi
1549 1229 1606 1300 vei
1628 1240 1685 1301 xc*

236 1329 394 1400 dierum
415 1328 471 1398 vei
501 1327 605 1396 trium
625 1348 797 1399 annorum
827 1330 861 1398 in
888 1349 970 1399 casu
998 1329 1117 1421 aliquo
1140 1328 1297 1421 speciali.
1320 1326 1369 1398 ile
1389 1326 1456 1398 hoc
1480 1326 1631 1398 hahetur
1649 1332 1687 1398 in

234 1426 380 1497 litteris
399 1424 626 1517 apostolicis:
645 1425 680 1495 in
700 1425 813 1496 littera
831 1426 1019 1498 Clementis
1039 1447 1128 1520 pape
1148 1426 1224 1495 iiiiss
1242 1425 1510 1518 inquisitoribus
1530 1424 1565 1494 in
1585 1424 1687 1496 [οω-

236 1523 377 1594 burdio
398 1550 405 1592 :
423 1520 522 1594 Licet
534 1543 582 1593 em
596 1522 773 1607 emeritum
790 1527 888 1610 item,
906 1524 941 1593 in
958 1523 1024 1593 ulia
1041 1523 1154 1594 littera
1172 1524 1330 1614 ejusdem
1346 1522 1533 1594 Clementis
1548 1543 1638 1615 pape
1651 1533 1689 1594 et

234 1620 417 1713 Gregorii
439 1641 527 1714 pape
546 1620 588 1690 xi
607 1632 642 1691 et
659 1620 840 1716 Nycholey
860 1642 950 1715 pape
969 1620 1044 1689 ΙΙΙΙιί
1062 1620 1255 1692 consimilis
1275 1623 1406 1705 tenpris
1420 1621 1688 1712 inquisitoribus

236 1719 287 1788 in
318 1740 428 1810 regno
453 1718 596 1789 Francis
615 1744 623 1787 :
644 1716 723 1788 Pre
745 1718 887 1790 cunetis.
910 1717 962 1787 Et
983 1717 1083 1812 infre
1101 1741 1114 1790 .·
1135 1718 1276 1788 Necnon
1307 1731 1342 1789 et
1367 1716 1537 1808 largiendi
1560 1717 1685 1808 viginti

236 1816 311 1888 vei
332 1826 393 1887 xe·
413 1817 549 1887 dierum
571 1816 841 1908 indulgentiam,
866 1816 1035 1908 quociens
1058 1827 1295 1909 opportunum
1315 1814 1499 1895 videritis,
1521 1816 1687 1886 omnihus

243 1935 343 1986 vere
370 1913 610 2007 penitentibus
632 1924 669 1985 et
693 1914 863 1985 confessis
886 1914 945 2004 qui
973 1913 1016 1983 ad
1045 1925 1198 1983 vestram
1226 1913 1515 1984 convocationem
1546 1925 1715 2008 propter⁸

240 2011 324 2083 hoc
347 2011 541 2082 laciendum
561 2011 796 2098 accesserint,
818 2011 919 2105 piena
947 2011 991 2080 sit
1016 2011 1117 2081 vohis
1143 2023 1179 2080 et
1197 2011 1346 2102 singuiis
1366 2022 1523 2080 vestrum
1545 2032 1687 2102 presen-

241 2113 343 2180 tium
363 2121 484 2180 tenure
503 2108 662 2179 facultas.
685 2149 733 2161 —
759 2109 863 2190 item,
888 2109 921 2177 in
947 2109 1060 2178 littera
1080 2108 1238 2199 Gregorii
1256 2129 1345 2201 pape
1365 2107 1420 2177 iiii
1441 2119 1476 2189 et
1494 2108 1688 2179 iunocentii

243 2228 348 2302 pape
364 2205 440 2275 iiii¹¹
461 2207 653 2278 consimilis
676 2207 807 2277 tenoris
827 2206 933 2299 priori
957 2206 1164 2298 provinciali
1182 2205 1441 2276 predicatorum
1459 2205 1496 2273 in
1515 2204 1658 2277 Francia
1677 2231 1685 2274 :

240 2303 324 2376 Jtte
344 2303 497 2375 humani
513 2304 693 2398 perm'ceue
718 2303 896 2377 inimicus.
919 2301 974 2373 nt
998 2303 1129 2398 infre:
1156 2304 1210 2373 Ad
1232 2302 1296 2374 hee
1322 2313 1361 2372 ut
1384 2322 1490 2394 super
1508 2303 1689 2395 premissis

241 2402 421 2475 omnihus
438 2400 592 2475 officium
612 2403 680 2473 sibi
700 2403 926 2474 commissum
945 2402 1089 2473 liberius
1109 2400 1245 2495 possint
1260 2411 1295 2471 et
1313 2399 1491 2472 efficacius
1506 2421 1687 2487 exercere,

244 2500 423 2572 omnihus
442 2500 502 2592 qui
522 2500 566 2571 ad
590 2501 865 2593 predicationem
886 2522 1008 2571 eorum
1027 2501 1240 2570 accesserint
1259 2498 1293 2568 iu
1313 2497 1461 2589 singulis
1480 2499 1690 2570 stationibus

250 2598 385 2690 viginti
402 2598 501 2682 dies,
523 2598 592 2668 iliis
611 2619 697 2669 vero
714 2599 775 2690 qui
792 2599 836 2668 ad
858 2598 1134 2690 expugnandum
1156 2596 1350 2681 hereticos,
1372 2596 1549 2681 lautores,
1572 2617 1690 2690 recep·

260 2706 389 2768 tutores
416 2707 452 2766 et
477 2696 681 2767 defensores
706 2717 827 2768 eorum
856 2691 897 2792 [θ’
918 2695 986 2763 tue
1005 2691 1040 2792 a]
1064 2695 1099 2764 in
1120 2694 1374 2764 munitionibus
1401 2705 1436 2763 et
1460 2693 1612 2764 castellis
1631 2694 1690 2764 vel

253 2793 346 2865 elias
372 2805 493 2865 contra
515 2793 704 2887 Ecclesiam
727 2794 936 2865 rebellantes
964 2793 1049 2886 ipsis
1075 2814 1119 2864 ex
1144 2794 1263 2862 auimo
1281 2790 1475 2876 auxilium,
1504 2792 1689 2862 consilium

261 2891 478 2984 prestiterint
503 2902 539 2962 et
564 2892 743 2977 lavorem,
765 2892 810 2961 de
834 2890 1084 2984 omnipotentis
1110 2891 1169 2959 liei
1196 2888 1433 2960 misericordia
1455 2896 1490 2958 et
1507 2888 1688 2960 beatorum

256 2987 351 3061 Petri
365 3001 401 3061 et
416 2989 512 3059 Pauli
532 2989 770 3082 apostolorum
791 2992 868 3079 ejus
879 2989 1086 3059 auctoritate
1103 2985 1241 3074 confisi,
1262 2998 1332 3058 tres
1343 3007 1456 3057 annos
1473 2984 1519 3055 de
1534 2986 1692 3077 injuncta

260 3086 327 3159 sihi
357 3087 550 3180 penitentia
574 3087 794 3172 retexamus,
817 3097 852 3158 et
879 3087 1005 3178 quiex
1031 3085 1099 3156 hiis
1126 3089 1162 3156 in
1191 3087 1433 3179 persecutione
1457 3084 1534 3174 ejus
1554 3085 1691 3177 negocii

258 3183 478 3257 decesserint
505 3188 557 3255 eis
584 3185 740 3257 omnium
772 3196 993 3278 peccaturum
1027 3183 1229 3276 dequibus
1257 3182 1365 3254 corde
1392 3181 1533 3251 contriti
1563 3193 1598 3252 et
1630 3203 1693 3254 ore

261 3283 411 3355 confessi
431 3283 560 3353 inerint
576 3282 713 3375 plenam
731 3283 870 3353 veniam
891 3282 1127 3373 indulgemus.
1139 3282 1295 3361 -item‚
1317 3279 1351 3349 in
1368 3279 1483 3350 littera
1499 3277 1692 3351 Alexandri

263 3379 438 3474 pepeiiiiti
448 3380 554 3474 priori
572 3379 1102 3452 PredicaturumParisiensium.
1117 3379 1270 3463 —item,
1283 3379 1318 3447 iu
1330 3377 1397 3447 alia
1409 3376 1522 3447 littera
1533 3377 1691 3468 ejusdem

263 3477 454 3549 Alexandri
476 3498 565 3570 pepe
583 3478 776 3551 consimilis
802 3478 932 3548 tenoris
952 3476 1219 3569 inquisitoribus
1242 3474 1448 3547 Thulosanis
1471 3499 1478 3542 :
1505 3472 1694 3568 Cupientes

263 3583 300 3646 ut
312 3574 544 3669 inquisitiones
555 3576 751 3668 especiem.
768 3574 821 3645 Et
835 3575 963 3668 infre:
980 3575 1094 3645 Dandi
1109 3595 1250 3667 quoque
1265 3573 1429 3643 omnihus
1443 3572 1693 3644 accedentibus

263 3674 306 3745 ad
332 3675 622 3745 convocationem
653 3674 854 3764 hujusmodi
884 3673 1091 3743 auctoritate
1116 3685 1233 3742 nostra
1257 3683 1313 3741 η·
1336 3670 1473 3741 dierum
1502 3669 1691 3762 induigen-

265 3771 345 3842 tiam
365 3770 572 3841 auctoritate
588 3771 803 3864 presentium
820 3771 921 3842 vohis
934 3770 1161 3842 concedimus
1172 3769 1386 3840 facultatem.
1400 3768 1555 3854 -item,
1574 3768 1609 3839 in
1624 3769 1694 3840 alia

265 3869 376 3940 littera
397 3869 555 3959 ejusdem
577 3867 769 3939 Alexandri
791 3890 880 3961 pape
903 3869 1010 3962 priori
1035 3867 1296 3938 Predicatorum
1317 3864 1563 3936 Parisiensium
1585 3891 1593 3934 :
1615 3863 1695 3936 Pre

264 3966 405 4040 conen.
427 3964 479 4035 Et
496 3966 601 4061 infre
616 3992 627 4035 .·
645 3965 811 4036 Similiter
830 3978 866 4037 et
881 3966 932 4037 eis
954 3970 1016 4059 qni
1033 3966 1076 4036 ad
1097 3964 1371 4058 predicationem
1392 3973 1486 4033 tuam
1505 3964 1691 4035 occasione

265 4064 412 4158 predicti
435 4063 571 4155 negocii
591 4064 784 4134 taciendam
805 4064 1016 4134 accesserint
1036 4063 1105 4134 xxi
1121 4063 1177 4133 vei
1196 4075 1253 4133 un·
1266 4062 1404 4133 dierum
1422 4059 1691 4153 indulgentiam,

266 4174 368 4256 prout
388 4161 451 4231 tibi
468 4161 667 4248 videbitur,
689 4161 905 4232 concedendi
928 4162 988 4232 tibi
1006 4160 1215 4232 auctoritate
1233 4159 1447 4252 presentium
1467 4158 1695 4230 concedimus

267 4258 647 4344 facultatem.'—item,
661 4258 696 4328 in
717 4259 784 4328 alia
803 4259 916 4329 littera
931 4259 1089 4350 ejusdem
1106 4257 1296 4328 Alexandri
1306 4277 1396 4350 pape
1409 4256 1516 4349 priori
1533 4255 1695 4327 Prodico-

267 4368 380 4429 torum
403 4355 650 4428 Parisiensium
671 4381 678 4425 :
700 4356 887 4449 Cupientes
906 4369 944 4426 ut
963 4356 1200 4449 inquisitionis
1218 4354 1403 4445 negocium
1423 4365 1544 4424 contra
1563 4353 1695 4425 hereti·

266 4475 341 4526 cam
360 4455 569 4548 pravitatem
592 4454 819 4525 sollicitudini
840 4466 899 4525 tue
917 4453 1143 4525 commissum
1164 4453 1209 4521 ad
1228 4452 1289 4521 Dei
1310 4450 1457 4542 gloriam
1477 4461 1512 4522 et
1528 4472 1697 4544 augmen-

268 4565 338 4623 tum
355 4551 528 4624 catholice
545 4551 627 4623 iidei
649 4551 795 4623 feliciter
812 4547 853 4647 [i’
875 4551 944 4620 i09
963 4548 999 4649 b]
1020 4551 1138 4622 valeat
1157 4550 1356 4643 promoveri
1382 4569 1445 4643 per
1471 4560 1506 4620 te
1531 4550 1587 4621 vel
1607 4549 1696 4620 alios

267 4671 354 4744 quus
381 4650 425 4719 ad
456 4649 522 4721 hoc
552 4650 711 4745 ydoneos
742 4649 889 4720 duxeris
918 4649 1163 4740 deputandus,
1193 4646 1411 4718 concedendi
1440 4646 1697 4739 indulgentiam

268 4748 371 4818 trium
393 4767 565 4818 annorum
584 4748 748 4819 omnihus
765 4769 851 4818 vere
868 4747 1106 4839 penitentibus
1121 4756 1157 4817 et
1174 4745 1344 4818 coniessis
1367 4745 1426 4837 qui
1445 4744 1490 4815 ad
1512 4765 1696 4837 expugna·

269 4845 397 4916 tionem
429 4844 694 4927 hereticorum,
728 4866 862 4918 necnon
893 4845 1138 4929 credentium,
1169 4845 1344 4915 lautorum
1376 4852 1412 4914 et
1440 4854 1698 4935 receptaturum

267 4963 433 5025 sucrum,
455 4943 488 5019 ,si
518 4944 607 5014 lorte
626 4944 733 5014 iidem
757 4943 801 5013 ad
828 4941 996 5013 unitatem
1017 4942 1171 5013 Ecclesie
1199 4942 1316 5013 redire
1335 4940 1495 5012 nolentes
1516 4961 1556 5010 se
1578 4941 1614 5009 in
1633 4939 1698 5010 aii·

268 5041 398 5133 qnihus
412 5044 549 5128 castris,
571 5041 628 5113 vei
650 5041 904 5112 munitionibus
925 5041 1089 5134 propriis,
1110 5040 1167 5110 vei
1182 5039 1307 5111 alienis
1327 5037 1604 5132 receptaverint,
1622 5058 1700 5131 per·
