4574 6404
429 606 496 674 tit
710 623 872 676 rmorrex
898 622 1135 690 rroursrrrorus
1163 618 1326 676 usnemun
1352 617 1564 670 rmvrrxrrs.

425 781 470 852 de
488 779 569 851 aliis
586 779 758 873 personis,
779 780 945 874 sipiares
962 780 1114 873 suerint,
1136 781 1316 876 dequibus
1334 778 1514 871 offendam
1532 778 1645 871 fucrit
1660 779 1699 849 iu
1717 791 1854 852 sentcn-
1896 777 1900 783 ’

425 881 475 949 tio
492 875 602 970 aan);
630 878 851 971 postmodum
872 900 971 966 vero,
998 881 1113 950 citatis
1138 890 1174 951 et
1193 878 1327 950 vocatis
1352 877 1432 946 filiis
1457 887 1493 947 et
1510 875 1702 948 heredibus
1723 899 1763 948 ac
1789 879 1855 950 bo-

427 997 551 1046 norum
571 975 812 1047 detentoribus
831 975 1067 1068 predictorum
1085 978 1165 1047 talis
1182 977 1223 1046 N.
1247 987 1282 1047 et
1301 976 1378 1045 talis
1392 974 1434 1044 N.
1453 975 1701 1045 defunctorum
1720 976 1754 1046 in
1770 998 1854 1068 pro-

426 1073 511 1167 priis
540 1073 726 1143 domiciliis
757 1068 798 1169 [l0
824 1072 870 1140 68
898 1070 956 1170 ο],
985 1075 1245 1167 propositisque
1274 1072 1522 1144 nichilominus
1550 1073 1674 1143 edictis
1704 1074 1854 1167 puhlicis

426 1171 596 1241 citatoriis
622 1170 656 1239 in
686 1170 843 1242 ecclesiis
871 1171 1146 1262 parrochialibus
1172 1193 1316 1256 eorum,
1346 1172 1450 1241 certis
1475 1168 1530 1264 (l)
1561 1192 1703 1262 quoque
1727 1171 1854 1242 diebus

429 1268 688 1361 perhemptoria
707 1271 894 1359 assignatis
919 1269 1052 1340 eisdem
1074 1271 1117 1341 ad
1140 1269 1378 1341 defensionem
1409 1269 1561 1361 ipsorum
1584 1268 1851 1356 defunctorum,

426 1367 455 1436 si
476 1387 537 1437 eos
556 1365 746 1436 defendere
767 1376 928 1459 poterant
945 1378 981 1438 et
999 1367 1187 1453 volebant,
1210 1367 1379 1458 nulloque
1400 1364 1557 1456 legitimo
1577 1366 1762 1438 defensore
1789 1388 1853 1460 pro

428 1464 530 1535 dictis
557 1463 730 1533 defunctis
758 1475 983 1556 comparente
1010 1466 1070 1556 qui
1097 1466 1191 1558 ipsos
1220 1465 1406 1535 defunctos
1435 1463 1542 1533 vellet
1570 1464 1761 1535 defendere
1783 1465 1856 1556 (vel

333 1590 338 1597 ·
426 1561 502 1633 sic:
524 1561 782 1654 propositisque
805 1572 841 1631 et
857 1561 985 1632 auditis
1006 1583 1226 1655 quecumque
1245 1562 1290 1632 ad
1312 1562 1551 1631 defensionem
1577 1562 1634 1631 vel
1654 1565 1854 1633 excusatio·

428 1681 506 1730 nem
522 1659 675 1751 ipsorum
697 1658 813 1729 dicere
833 1671 1075 1751 etproponere
1095 1661 1313 1751 voluerunt),
1333 1659 1537 1729 renunciate
1559 1664 1698 1729 tandem
1720 1672 1755 1730 et
1772 1682 1854 1730 con·

427 1758 526 1829 eluso
555 1758 589 1825 in
616 1777 721 1826 causa
746 1757 961 1827 defensionis
988 1757 1246 1851 predictorum,
1275 1769 1309 1828 et
1339 1758 1373 1825 in
1403 1756 1481 1826 aliis
1505 1757 1595 1827 sicut
1621 1757 1740 1828 decuit
1759 1759 1852 1848 juris

428 1856 552 1926 ordine
579 1855 786 1939 observato,
814 1855 1071 1926 communicato
1101 1856 1205 1926 ctiam
1231 1868 1266 1926 et
1295 1850 1511 1950 preh[a]hito
1540 1876 1646 1946 snper
1671 1856 1853 1949 premissis

427 1952 594 2024 seriosius
614 1951 796 2043 explicatis
818 1963 953 2024 maturo
971 1953 1117 2024 consilio
1138 1954 1288 2046 plurium
1308 1954 1518 2046 sapientium
1539 1964 1573 2022 et
1593 1953 1784 2044 peritorum
1812 1954 1851 2022 in

426 2052 504 2141 jure
520 2070 560 2120 ao
576 2051 820 2141 religiosorum
839 2051 1017 2137 virorum,
1039 2073 1117 2121 cum
1138 2052 1244 2120 nichil
1264 2052 1469 2121 canonicum
1491 2061 1553 2120 aut
1570 2050 1749 2121 sufficiens
1771 2072 1852 2144 pro·

428 2150 547 2219 batum
575 2149 679 2218 fuerit
703 2149 747 2219 ad
774 2152 1035 2220 excusationem
1070 2149 1305 2242 predictorum
1332 2149 1598 2233 defunctorum,
1628 2148 1686 2218 die
1714 2170 1755 2219 ac
1775 2149 1852 2220 loco

430 2247 650 2339 presentibus
667 2246 712 2315 ad
732 2247 943 2317 audiendam
965 2246 1186 2316 diffinitivam
1206 2249 1416 2318 sententiam
1436 2267 1543 2338 snper
1568 2247 1749 2337 premissis
1769 2268 1850 2339 pre·

428 2346 500 2415 eise
515 2365 555 2413 ac
568 2343 825 2436 perhemptorie
841 2344 1040 2436 assignatis,
1057 2346 1278 2415 attendentes
1294 2345 1388 2436 quod
1403 2344 1536 2413 crimen
1555 2343 1690 2414 heresis
1710 2355 1853 2436 propter

428 2446 484 2514 sui
503 2442 755 2511 immanitatem
776 2453 811 2511 et
829 2441 1071 2512 enormitatem
1092 2463 1161 2513 non
1178 2443 1291 2512 solum
1319 2443 1355 2511 in
1383 2441 1477 2511 vivis
1496 2453 1550 2510 set
1576 2446 1680 2511 etiam
1702 2443 1737 2511 in
1759 2462 1852 2513 mor·

427 2541 495 2610 tuis
520 2542 621 2630 juxta
657 2541 856 2610 sanctiones
887 2550 954 2609 tam
985 2539 1170 2610 canonicas
1197 2560 1301 2631 quam
1334 2540 1456 2609 civiles
1491 2539 1619 2610 debeat
1654 2539 1849 2626 vindicari,

427 2637 597 2709 habentes
626 2658 686 2728 pre
714 2638 844 2710 occulis
861 2637 973 2708 solum
993 2637 1103 2706 Deum
1130 2659 1164 2707 er
1191 2636 1387 2709 orthodoxe
1405 2635 1489 2707 fidei
1513 2638 1714 2729 puritatem,
1735 2656 1852 2708 sacro·

425 2736 554 2806 sanctis
574 2735 633 2805 Dei
650 2734 850 2826 Evangeliis
870 2735 991 2827 positis
1006 2755 1123 2804 coram
1140 2735 1255 2817 nobis,
1274 2747 1312 2805 nt
1328 2735 1372 2805 de
1392 2735 1493 2805 vultu
1515 2736 1576 2805 Dei
1598 2746 1754 2806 nostrum
1771 2756 1852 2826 pro·

425 2832 506 2903 dest
520 2833 686 2923 juditium
712 2844 747 2902 et
765 2833 876 2902 occuli
893 2835 1003 2902 nostri
1022 2832 1167 2902 videant
1182 2833 1386 2924 equitatem,
1404 2832 1569 2903 sedentes
1585 2854 1649 2925 pro
1668 2831 1848 2919 tribunali,

425 2928 550 3000 Christi
572 2931 714 3001 nomine
735 2926 776 3026 [p
791 2929 836 2997 68
857 2927 893 3026 d]
913 2929 1097 3012 invocato,
1119 2931 1155 2999 in
1175 2929 1243 3000 hiis
1263 2930 1484 3023 presentibus
1508 2931 1646 3023 scriptis
1671 2952 1733 3023 per
1758 2926 1849 2999 dilli-

426 3031 570 3096 nitivam
592 3029 801 3097 sententiam
823 3026 971 3098 dicimus
991 3037 1026 3097 et
1045 3026 1263 3097 declaramus
1289 3039 1395 3120 atque
1417 3029 1691 3119 pronunciamus
1710 3027 1851 3120 predic-

426 3135 497 3194 tum
526 3123 627 3194 talem
652 3125 694 3194 N.
723 3124 831 3195 fuisse
856 3125 1046 3195 hereticum
1074 3146 1137 3195 seu
1161 3126 1363 3196 credentem
1388 3126 1622 3198 hereticorum
1648 3125 1850 3212 erroribus,

426 3243 561 3293 necnon
603 3234 680 3314 post
707 3223 856 3294 heresim
885 3222 1017 3292 dudum
1057 3222 1153 3314 prius
1196 3244 1216 3293 a
1259 3245 1298 3293 se
1325 3224 1360 3292 in
1395 3222 1524 3314 juditio
1550 3223 1778 3314 abjuratam,
1814 3222 1851 3291 in

425 3320 571 3391 eandem
600 3321 821 3411 postmodum
847 3323 937 3390 sicut
962 3320 1058 3390 canis
1092 3320 1232 3391 rediens
1261 3321 1307 3392 ad
1334 3321 1505 3392 vomitum
1542 3323 1709 3392 recidisse
1736 3331 1772 3390 et
1802 3341 1853 3389 re·

425 3417 560 3511 lapsum
585 3418 712 3501 fnisse,
738 3430 773 3488 et
796 3429 958 3510 tanquam
975 3417 1239 3510 impenitentem
1266 3418 1311 3489 de
1325 3420 1471 3489 crimine
1486 3420 1621 3491 heresis
1639 3417 1848 3505 decessisse,

425 3515 618 3607 predictum
637 3535 723 3586 vero
741 3516 783 3585 N.
806 3515 1008 3586 defunctum
1028 3516 1125 3608 plura
1142 3516 1177 3584 in
1195 3518 1267 3585 vita
1288 3537 1351 3586 sua
1371 3519 1573 3587 incrimine
1593 3517 1727 3588 heresis
1748 3536 1848 3588 com·

427 3613 582 3698 misisse,
606 3633 740 3683 necnon
763 3613 935 3705 relapsum
953 3614 988 3682 in
1009 3611 1160 3683 heresim
1180 3634 1253 3683 ase
1270 3614 1304 3683 in
1317 3614 1448 3705 juditio
1467 3616 1663 3705 abjuratam
1681 3626 1849 3705 tanquam

427 3710 688 3802 impenitentem
705 3712 750 3780 de
768 3711 914 3779 crimine
932 3710 1067 3782 heresis
1086 3710 1281 3781 decessisse
1302 3709 1371 3805 (ecl
1386 3711 1435 3783 sic
1451 3738 1462 3779 .·
1481 3712 1711 3783 hereticatum
1728 3711 1763 3779 in
1782 3732 1848 3782 sua

426 3807 547 3876 ultima
567 3806 765 3897 egritudine
785 3829 846 3900 per
865 3807 1124 3900 impositionem
1143 3829 1306 3878 manuum
1323 3809 1558 3880 hereticorum
1575 3808 1849 3903 dampnabiliter

425 3901 657 3998 decessisse),
684 3905 849 3998 ipsosque
869 3905 1051 3976 defunctos
1067 3906 1108 3978 N.
1138 3917 1173 3976 et
1196 3906 1237 3976 N.
1265 3917 1429 3998 tanquam
1453 3907 1537 3977 tales
1562 3927 1755 3998 eorumque
1776 3926 1851 3976 me·

424 4002 570 4073 moriam
591 4013 628 4071 ut
647 4002 764 4072 talium
785 4003 1044 4073 sentencialiter
1062 4003 1376 4095 condempnemus,
1397 4005 1628 4096 precipientes
1649 4003 1850 4094 insignum

423 4099 630 4191 perditionis
649 4120 728 4170 ossa
742 4101 911 4193 ipsorum,
931 4100 960 4170 si
980 4101 1025 4169 ab
1044 4101 1181 4171 ossibus
1202 4099 1356 4171 fidelium
1379 4103 1513 4195 possint
1532 4102 1697 4188 discerni,
1724 4100 1769 4170 de
1788 4121 1847 4171 sa-

422 4199 491 4266 cris
510 4196 720 4268 extumulari
739 4219 802 4267 sen
819 4197 1003 4267 exhumari
1023 4198 1223 4284 cimiteriis,
1247 4210 1281 4268 et
1301 4199 1383 4269 inde
1399 4221 1440 4269 ea
1461 4200 1595 4293 prohici
1614 4211 1651 4270 et
1669 4198 1846 4270 comburi.

423 4294 503 4363 Lata
524 4294 588 4362 fuit
606 4293 670 4365 beo
689 4295 862 4365 sententia
878 4294 914 4363 in
934 4294 1080 4366 ecclesia
1094 4296 1209 4366 Sancti
1224 4296 1390 4389 Stephani
1410 4297 1585 4391 Tholose‚
1608 4307 1675 4367 etc.

471 4548 531 4613 28.
554 4549 687 4612 Forma
702 4548 775 4613 alia
790 4555 919 4613 contra
933 4547 1121 4614 defunctos
1136 4551 1395 4630 impenitentes
1410 4551 1454 4614 de
1471 4551 1625 4615 crimine
1641 4551 1792 4615 heresis.

473 4793 509 4861 ln
530 4793 671 4865 nomine
686 4792 838 4881 Domini,
853 4812 969 4863 amen.
987 4791 1105 4863 Pateat
1124 4793 1404 4886 universisquod
1422 4814 1500 4884 nos,
1522 4794 1747 4887 inquisitores
1769 4811 1850 4887 pre-i

461 5020 496 5088 (l)
516 5021 615 5076 Ceteris
629 5020 701 5076 dans
715 5021 741 5076 le
756 5036 810 5076 ms.
