4574 6404
432 660 500 728 tto
714 675 877 728 emortua
903 675 1142 742 mouistrtorus
1169 674 1331 728 usuarios
1356 675 1568 727 anavtrarts.

430 838 585 927 suspecti
610 834 841 906 vehementer
863 835 908 906 de
931 835 1077 907 crimine
1101 836 1235 908 heresis
1254 837 1396 906 fuerunt
1414 836 1508 906 citati
1534 835 1703 906 canonice
1728 854 1769 905 ac
1795 857 1858 927 pu·

430 933 538 1016 blice,
556 943 595 1002 ut
612 933 717 1004 certis
737 933 863 1002 diebus
883 943 918 1003 et
936 933 1026 1020 loco,
1046 934 1137 1005 datis
1154 935 1220 1005 sibi
1239 934 1519 1027 competentibus
1537 933 1694 1003 terminis
1713 943 1748 1004 et
1767 932 1857 1002 dila·

435 1029 590 1101 tionibus
614 1051 656 1101 ac
682 1030 897 1113 intervallis,
920 1032 1148 1123 personaliter
1173 1043 1209 1102 et
1227 1030 1486 1124 perhemptoria
1504 1041 1765 1123 comparerent,
1787 1051 1860 1101 res-

431 1128 578 1221 ponsuri
600 1125 734 1198 deiide
758 1128 857 1198 etde
878 1127 947 1198 hiis
973 1150 1042 1220 que
1061 1141 1180 1201 contra
1205 1129 1310 1201 [idem
1335 1129 1607 1199 inveniebantur
1629 1149 1690 1220 per
1709 1127 1859 1199 eandem

431 1225 694 1318 inquisitionem
724 1237 760 1296 et
785 1226 937 1319 suspecti
968 1227 1091 1298 merito
1117 1228 1337 1299 habebantur
1362 1227 1397 1295 in
1429 1225 1576 1297 crimine
1601 1225 1734 1296 heresis
1760 1245 1859 1297 com·

393 1339 395 1343 ·
432 1323 585 1407 misisse,
609 1323 737 1393 dicturi
754 1335 788 1393 et
807 1325 1010 1417 responsuri
1029 1325 1073 1394 de
1091 1348 1130 1396 se
1149 1337 1183 1396 et
1204 1326 1249 1396 de
1265 1325 1343 1396 aliis
1361 1322 1551 1417 plenariam
1573 1324 1772 1408 veritatem,
1793 1323 1860 1416 ipsi

432 1432 547 1491 tamen
575 1421 721 1491 minime
749 1435 1041 1513 comparuerunt,
1064 1445 1145 1517 ymo
1171 1445 1209 1494 se
1235 1422 1488 1494 contumaciter
1515 1422 1765 1508 absentarunt,
1787 1421 1862 1491 fue
1908 1414 1919 1435 ⁶

431 1530 584 1610 runtque
610 1530 774 1611 tanquam
804 1530 1030 1590 contumaces
1053 1521 1086 1589 in
1112 1542 1215 1591 causa
1237 1519 1318 1591 [idei
1339 1531 1374 1591 et
1398 1541 1461 1613 pro
1485 1519 1600 1590 heresi
1621 1519 1776 1610 legittivi
1797 1540 1862 1589 ex-

430 1616 782 1688 communicationem
804 1616 947 1687 vinculo
967 1618 1139 1701 innodati,
1155 1640 1259 1711 qoam
1281 1617 1680 1690 excommunicationem
1703 1637 1763 1709 per
1785 1615 1861 1711 plu·

430 1736 487 1784 res
508 1735 620 1784 annos
638 1714 883 1783 sustinuerunt
902 1726 936 1784 et
953 1715 1069 1786 adhuc
1087 1718 1263 1787 sustinent
1282 1716 1409 1786 animis
1428 1715 1651 1809 pertinaciter
1671 1714 1857 1796 induratis,

431 1812 573 1883 demum
594 1832 681 1882 vero
701 1812 842 1880 luerunt
861 1813 957 1881 citati
977 1814 1144 1885 canonice
1168 1826 1204 1884 et
1223 1813 1483 1908 prehemptorie
1501 1834 1580 1883 cum
1601 1812 1725 1883 edictis
1745 1810 1859 1905 publi·

429 1913 480 1979 cis
505 1909 693 2002 propositis
713 1919 781 1977 tam
804 1909 837 1976 in
858 1911 1046 1982 domiciliis
1065 1933 1169 2005 quam
1191 1915 1228 1982 in
1247 1912 1405 1982 ecclesiis
1423 1909 1699 2004 parrochialibus
1718 1929 1859 1980 eorum·

430 2008 510 2078 dem
534 2018 573 2077 ut
593 2005 823 2099 personaliter
847 2019 881 2077 et
908 2008 1168 2102 perhemptoria
1190 2020 1433 2103 comparerent
1454 2030 1562 2103 super
1585 2006 1750 2101 predictis
1775 2007 1859 2099 luga

430 2116 464 2175 et
483 2105 701 2176 contumacia
720 2106 755 2172 in
776 2124 880 2174 causa
899 2104 1002 2192 fidei,
1025 2128 1161 2179 necnon
1180 2129 1287 2201 super
1306 2127 1348 2178 eo
1368 2108 1463 2198 qood
1484 2105 1857 2177 excommunicationis

429 2206 638 2273 sententiam
665 2221 729 2294 pro
749 2201 841 2272 dicta
862 2203 943 2294 suga
961 2214 996 2273 et
1014 2206 1233 2276 contumacia
1253 2227 1315 2297 per
1340 2205 1459 2298 plures
1483 2225 1595 2274 annos
1613 2204 1858 2274 sustinuerunt

430 2311 465 2370 et
490 2301 607 2370 adhoc
633 2301 809 2369 sustinent
834 2300 952 2372 animo
977 2304 1166 2393 pertinaci,
1194 2300 1419 2372 diffinitivam
1446 2301 1654 2374 sententiam
1675 2299 1854 2390 audituri3

430 2398 561 2469 idcirco
584 2419 650 2469 uos
669 2398 711 2468 N.
734 2409 768 2467 et
787 2397 828 2466 N.
851 2399 1076 2491 inquisitores
1100 2400 1254 2471 heretice
1279 2400 1480 2492 pravitatis,
1500 2398 1721 2470 attendentes
1745 2418 1855 2471 cano·

430 2517 510 2566 nem
538 2518 609 2588 quo
633 2507 778 2566 cavetur
800 2496 895 2588 quod
920 2500 1137 2568 coutumacia
1161 2499 1195 2566 in
1220 2518 1325 2568 causa
1353 2498 1536 2590 presertim
1562 2496 1644 2567 fidei
1668 2495 1857 2587 suspitioni

432 2588 473 2689 [1⁰
503 2594 544 2662 ot
577 2591 611 2692 a]
637 2594 936 2686 presumptionem
965 2595 1071 2665 adicit
1099 2594 1364 2682 vehementem,
1391 2596 1555 2665 sedentes
1582 2616 1645 2687 pro
1666 2594 1854 2682 tribunali,

429 2692 660 2764 sacrosanctis
679 2691 879 2782 Evangeliis
901 2691 1007 2762 ihesu
1034 2692 1159 2763 Christi
1191 2692 1313 2786 positis
1342 2714 1458 2764 coram
1492 2693 1592 2763 nohis
1620 2704 1658 2761 ut
1683 2691 1728 2762 tle
1754 2691 1856 2761 vultu

427 2790 490 2860 Dei
515 2802 671 2861 nostrum
693 2790 839 2883 prodeat
863 2790 1030 2880 juditium
1055 2801 1090 2861 et
1115 2792 1227 2862 occuli
1253 2794 1365 2860 nostri
1393 2791 1537 2860 rideant
1562 2792 1774 2881 equitatem,
1798 2788 1857 2860 die

430 2900 465 2957 et
492 2889 568 2960 loco
597 2888 840 2983 presentibus,
867 2888 1015 2978 singulis
1045 2890 1280 2982 predictorum
1311 2889 1355 2958 ad
1386 2888 1599 2959 audiendam
1630 2885 1854 2957 diffinitivam

429 2987 637 3058 sententiam
667 2985 800 3082 precise
823 2996 859 3056 et
884 2985 1142 3080 perhemptorie
1163 2986 1369 3078 assignatis,
1393 2986 1568 3078 predictos
1587 2996 1710 3056 omnes
1730 2996 1765 3054 et
1783 2987 1857 3054 sin-

428 3084 530 3174 gulos
557 3085 718 3177 superius
745 3084 963 3166 nominatos,
983 3084 1146 3175 quamvis
1169 3085 1333 3154 absentes
1354 3105 1414 3177 per
1432 3083 1710 3165 contumaciam,
1732 3103 1856 3154 eorum

428 3182 622 3252 absentiam
643 3182 763 3251 divina
783 3181 969 3274 supplente
990 3181 1178 3274 presentia,
1195 3181 1294 3251 velut
1312 3180 1485 3252 hereticos
1505 3202 1568 3274 par
1587 3190 1741 3251 nostram
1761 3178 1855 3251 dilii-

429 3280 575 3350 nitiuam
596 3280 803 3351 sententiam
825 3279 859 3349 iu
880 3278 948 3347 hiis
967 3279 1105 3372 scriptis
1134 3279 1354 3372 presentibus
1382 3279 1655 3371 pronunciamus
1682 3289 1718 3347 et
1738 3277 1855 3349 decla·

431 3399 548 3449 ramus
582 3389 618 3449 et
658 3377 918 3448 sentencialiter
950 3377 1273 3471 condempnemus,
1309 3376 1539 3448 decernentes
1569 3397 1630 3446 eos
1663 3386 1698 3444 et
1732 3395 1855 3447 eornm

429 3476 587 3568 singulos
611 3476 732 3548 haheri
760 3496 825 3569 pro
847 3474 1010 3545 hereticis
1034 3485 1070 3545 et
1102 3476 1202 3545 velut
1234 3472 1408 3545 hereticos
1446 3474 1491 3544 ab
1529 3473 1692 3544 omnibus
1727 3472 1856 3543 Christi

428 3571 592 3646 fidelibus
615 3575 683 3645 sub
708 3573 808 3667 penis
826 3572 1004 3643 canonicis
1027 3572 1166 3645 evitari.
1189 3573 1371 3644 Monemus
1396 3583 1512 3642 autent
1540 3571 1670 3658 semel,
1696 3569 1855 3640 secundo

429 3685 465 3743 et
490 3674 597 3744 tercio
623 3684 658 3743 et
683 3671 852 3742 canonice
875 3691 997 3740 omnes
1023 3684 1057 3740 et
1078 3670 1256 3762 singulos,
1278 3671 1532 3761 cujuscumque
1553 3669 1752 3760 dignitatis,
1774 3687 1855 3759 gra-

429 3770 509 3859 dus,
530 3793 592 3843 sen
613 3780 737 3857 status,
759 3781 820 3838 aut
838 3768 1049 3839 conditionis
1069 3769 1236 3852 existant,
1259 3789 1303 3837 ue
1324 3768 1499 3861 predictos
1518 3778 1577 3836 aut
1597 3766 1750 3858 aliquem
1772 3786 1854 3858 pre-

429 3869 600 3942 dictorum
625 3871 803 3961 recipere,
824 3866 1033 3950 delendere,
1055 3878 1116 3936 aut
1137 3887 1216 3935 cum
1241 3865 1292 3936 eis
1316 3865 1543 3958 participare,
1566 3885 1631 3933 neo
1647 3864 1853 3949 consilium,

427 3968 615 4061 auxillum,
631 3966 688 4038 rel
709 3966 865 4035 levorem
887 3964 937 4033 eis
957 3964 1162 4057 impendere
1180 3963 1331 4034 scienter
1345 3985 1488 4055 quoquo
1505 3962 1611 4032 modo
1626 3971 1851 4054 presumaut3

371 4113 377 4125 ·
427 4066 461 4136 in
483 4066 561 4137 illos
583 4075 699 4136 autem
725 4062 786 4156 qui
813 4062 1025 4133 contrarium
1053 4061 1217 4147 iecerint,
1241 4060 1331 4130 ultra
1352 4081 1460 4153 penas
1479 4060 1566 4130 alias
1585 4069 1705 4129 contra
1726 4058 1812 4129 tales
1832 4077 1853 4129 a

421 4165 503 4255 jure
522 4173 683 4250 statutas,
705 4181 875 4246 exnunc,
898 4159 1052 4253 predicta
1072 4159 1264 4229 monitione
1280 4161 1464 4251 premissa,
1486 4158 1521 4227 iu
1541 4156 1609 4226 hiis
1629 4155 1853 4249 presentibus

425 4262 564 4354 scriptis
600 4258 973 4332 excommunicationis
1013 4256 1222 4328 sententiam
1256 4255 1531 4349 promulgamus.
1572 4255 1653 4324 Lata
1688 4254 1752 4324 luit
1787 4253 1854 4324 hec

424 4359 619 4447 sententia,
641 4369 677 4429 et
694 4367 828 4438 cetera,
851 4366 1027 4448 utsupra.

426 4561 483 4625 te.
509 4561 560 4641 [1⁴⁸⁰
577 4560 610 4620 61
629 4558 661 4638 h]
685 4557 820 4622 Forma
843 4557 1031 4620 sentencie
1051 4554 1443 4619 excommunicationis
1470 4551 1587 4617 bande
1612 4554 1652 4616 lu
1684 4567 1853 4617 sermone

460 4666 723 4748 inquisitorum
740 4665 905 4745 publico,
924 4662 982 4726 rel
996 4663 1035 4725 in
1051 4661 1128 4726 alie
1141 4661 1291 4742 publiea
1310 4663 1492 4738 statione,
1518 4667 1647 4724 contra
1673 4674 1872 4740 personas-

460 4781 609 4839 uotates
623 4773 830 4838 diffamatae
846 4773 890 4835 de
907 4769 1028 4834 heresi
1044 4785 1088 4833 ao
1101 4785 1166 4849 pro
1174 4770 1294 4834 heresi
1308 4769 1515 4846 mgitttvas,
1532 4777 1727 4849 postquam
1739 4767 1851 4831 citato

462 4883 639 4946 canonice
654 4896 782 4961 parere
799 4878 1075 4956 subteriuglunt
1088 4869 1126 4940 et'
1139 4877 1406 4941 contumaciter
1420 4892 1459 4940 se
1474 4876 1683 4939 absentant.

468 5070 607 5142 Dudum
627 5069 705 5140 talis
719 5069 762 5139 N.
789 5070 834 5140 de
854 5068 915 5139 tali
934 5069 1010 5141 loco
1031 5087 1073 5138 ac
1089 5067 1167 5139 talis
1184 5066 1228 5138 N.
1244 5087 1309 5160 per
1326 5087 1367 5137 ea
1390 5085 1460 5159 que
1476 5065 1513 5135 in
1531 5063 1759 5157 inquisitione
1777 5084 1848 5155 que
