4574 6404
867 680 988 733 naaria
1013 679 1110 732 rans.
1574 729 1579 739 .
1661 667 1707 737 93

272 808 437 911 ordinem⁸
459 808 598 880 illorum
619 813 677 904 qui
704 812 861 907 Apostoli
882 814 1109 884 nominantur
1131 805 1171 907 [l0
1193 810 1233 879 5t
1259 808 1311 908 b],
1332 812 1456 902 abjuro
1474 813 1613 906 penitus
1632 836 1705 885 om·

273 927 352 975 nam
374 905 527 978 heresim
554 910 807 1004 cujuscumque
836 921 931 982 secla
958 912 1167 1003 dampnate,
1195 917 1229 979 at
1252 909 1452 1002 specialiter
1477 920 1512 980 et
1537 932 1705 1004 expresse

272 1004 397 1095 abjuro
412 1015 542 1076 sectam
560 1016 595 1076 et
614 1007 774 1079 ordinem
795 1009 932 1081 illorum
953 1007 1013 1102 qui
1034 1007 1199 1077 dicuntur
1225 1017 1260 1076 at
1288 1017 1370 1076 sunt
1394 1007 1703 1102 Pseudo-apostoli

272 1103 390 1194 quoad
424 1124 551 1176 nomeu
587 1116 623 1176 et
646 1104 803 1176 habitum
832 1106 1020 1200 specialem
1054 1115 1089 1175 et
1114 1104 1261 1174 vivendi
1300 1104 1405 1174 ritum
1433 1104 1648 1197 singularem
1684 1130 1703 1178 a

271 1203 449 1273 communi
472 1203 745 1275 conversatione
765 1203 921 1274 fidelium
942 1204 1015 1276 vita
1030 1214 1065 1273 et
1082 1202 1237 1274 muribus
1253 1201 1507 1289 dissidentem,
1525 1214 1560 1274 et
1583 1206 1702 1297 quoad

273 1300 390 1371 omnia
411 1311 444 1372 at
462 1300 601 1391 singula
620 1301 654 1370 in
673 1302 801 1394 quibus
821 1301 865 1373 ab
886 1302 1086 1375 obedientia
1109 1295 1264 1371 Romane
1282 1298 1437 1371 Ecclesia
1456 1313 1492 1371 et
1511 1303 1705 1394 apostolica

272 1396 368 1468 sadis
390 1409 426 1470 et
444 1418 463 1467 a
483 1418 568 1468 sana
596 1399 754 1471 doctrina
776 1421 881 1493 quam
902 1401 1025 1472 eadem
1045 1399 1200 1469 Romana
1222 1409 1341 1469 servat
1364 1407 1400 1468 et
1423 1398 1526 1470 docet
1550 1399 1704 1472 Ecclesia

274 1493 308 1562 in
327 1495 447 1589 aliquo
463 1496 584 1566 deviat
599 1508 660 1566 aut
676 1497 867 1570 discordat.
889 1498 963 1589 Ego
983 1518 1069 1568 vero
1090 1496 1168 1566 talis
1188 1496 1233 1566 de
1253 1496 1312 1566 tali
1329 1495 1406 1567 loco
1426 1505 1461 1566 at
1482 1496 1559 1567 talis
1581 1499 1705 1593 dyoca'

273 1591 343 1679 sis,
371 1594 548 1686 Reguiuus
575 1594 620 1666 de
648 1595 772 1666 ordine
801 1596 1032 1689 penitentium
1060 1593 1256 1688 appellato,
1287 1615 1349 1664 seu
1384 1593 1430 1665 da
1455 1595 1562 1666 tercia
1584 1597 1703 1689 regula

272 1692 382 1761 sancti
407 1690 594 1780 Francisci‚
615 1714 719 1786 quam
745 1695 922 1788 professus
946 1716 1023 1764 sum
1048 1690 1110 1787 (l),
1131 1692 1255 1782 abjuro
1278 1693 1419 1785 penitus
1441 1713 1581 1763 omnam
1605 1692 1705 1765 hera

272 1788 338 1858 sim
366 1802 401 1861 et
423 1789 623 1884 specialiter
651 1801 686 1861 et
719 1813 887 1885 expresse
921 1791 1072 1862 heresim
1101 1801 1136 1860 et
1162 1810 1300 1861 errores
1328 1802 1364 1860 et
1396 1790 1581 1883 opiniones
1608 1811 1703 1863 arro·

274 1907 358 1958 neas
392 1897 460 1958 tam
486 1889 701 1961 scismaticus
725 1911 829 1982 quam
857 1889 1030 1961 hereticas
1060 1888 1200 1962 illorum
1233 1887 1292 1981 qui
1327 1886 1473 1979 beguini
1509 1888 1703 1980 vulgariter

274 1997 537 2080 nuncupantur,
557 2001 593 2058 et
616 1986 682 2081 ipsi
705 1989 858 2058 latentur
883 1997 918 2058 at
943 1986 1065 2059 dicunt
1085 2007 1124 2058 sa
1145 2007 1223 2056 esse
1248 1986 1371 2057 iratres
1393 1988 1438 2057 de
1463 1986 1587 2058 ordina
1607 1988 1704 2080 peni·

274 2083 419 2153 lentium
440 2085 615 2179 appellato
641 2108 703 2157 seu
734 2085 780 2156 de
806 2086 911 2156 tercia
938 2085 1059 2176 regula
1084 2086 1197 2156 sancti
1222 2082 1417 2168 Francisci,
1444 2094 1479 2154 et
1505 2086 1703 2177 sequatium

273 2179 445 2272 ipsorum,
468 2183 679 2254 extollentes
699 2206 738 2255 se
756 2184 928 2254 adversus
947 2196 1103 2253 sanctam
1130 2202 1309 2254 romanam
1334 2193 1369 2252 at
1395 2180 1621 2274 apostolicam
1647 2204 1703 2255 se·

272 2276 352 2349 dem
374 2301 416 2351 ac
439 2281 625 2374 primatum
650 2283 726 2373 ejus
753 2297 788 2352 et
812 2280 1019 2352 catholicam
1041 2280 1251 2375 Ecclesiam,
1276 2289 1337 2349 aut
1358 2292 1478 2351 contra
1497 2291 1704 2371 potestatem

273 2374 405 2447 domini
426 2399 517 2471 pape
533 2379 654 2450 vicarii
675 2379 813 2451 Domini
826 2378 933 2450 Jhesu
951 2378 1091 2462 Christi,
1108 2390 1169 2449 aut
1187 2387 1308 2451 contra
1323 2390 1452 2448 statum
1467 2398 1531 2447 seu
1551 2388 1704 2470 potesla-

274 2483 342 2544 tem
363 2476 576 2568 prelatorum
601 2489 637 2549 et
663 2478 816 2548 clavium
842 2476 997 2549 Ecclesia
1023 2487 1144 2548 sancta
1169 2476 1256 2561 Dei,
1277 2497 1414 2547 necnon
1441 2486 1561 2546 contra
1581 2495 1704 2546 sanam

272 2571 467 2644 doctrinam
487 2574 659 2668 scripture
678 2597 778 2647 sacra
792 2596 897 2669 quam
917 2577 1073 2647 Romana
1088 2585 1208 2645 servat
1220 2584 1256 2646 et
1274 2569 1407 2670 doc[et]
1429 2572 1597 2644 Ecclesia.

275 2825 331 2891 12.
355 2829 490 2894 Forma
504 2836 541 2894 at
554 2831 685 2894 modus
699 2830 944 2895 absolutionis
960 2830 1013 2910 [pa
1026 2830 1059 2891 51
1074 2829 1102 2910 a]
1118 2847 1139 2894 a
1155 2829 1342 2893 sententia
1356 2828 1704 2893 excommunicatlo·

948 2936 1019 3001 nls.

318 3177 417 3250 Dicto
440 3179 573 3273 psalmo
594 3181 836 3274 penitentiali,
858 3181 993 3252 scilicet
1016 3207 1024 3249 :
1052 3179 1226 3251 Miserere
1244 3179 1328 3267 mei,
1350 3177 1466 3264 Dens,
1487 3180 1700 3268 secundnm,

271 3277 350 3347 val:
371 3276 469 3347 Deus
487 3277 701 3351 misereatur
714 3278 845 3372 nostri,
866 3301 944 3350 cum
962 3278 1030 3349 hiis
1050 3278 1212 3372 precibus
1230 3302 1239 3345 ι
1258 3276 1301 3346 K
1295 3276 1378 3370 pria
1395 3275 1537 3364 eleison,
1562 3276 1703 3350 Christe

268 3373 409 3461 elenen,
427 3385 462 3445 et
477 3373 594 3447 Pater
607 3383 773 3462 nostem
797 3375 921 3448 Salvos
934 3376 997 3471 foc
1011 3398 1130 3446 seruos
1144 3382 1218 3445 taos
1236 3382 1267 3445 et
1285 3373 1431 3446 ancillas
1449 3380 1542 3458 inas,
1563 3385 1582 3456 lt
1604 3375 1702 3447 Dens
1751 3460 1753 3466 ¹

268 3494 366 3543 mens
382 3480 565 3566 sperantes
583 3473 621 3544 in
639 3481 684 3558 te,
706 3475 835 3546 deinde
853 3474 1088 3567 subjungatur
1103 3494 1255 3566 sequens
1274 3473 1387 3544 oratio
1409 3496 1417 3543 :

317 3570 450 3659 Prema,
475 3594 682 3665 quesumus,
704 3574 865 3660 Domine,
882 3572 951 3643 biis
972 3571 1110 3643 lamulis
1126 3583 1162 3643 et
1178 3571 1374 3642 famulabus
1389 3570 1459 3642 tuis
1473 3570 1620 3663 dignum
1640 3593 1700 3664 pa·

269 3668 416 3739 nitentia
431 3670 602 3757 tractum,
628 3684 667 3740 ut
691 3670 846 3741 Ecclesia
867 3681 925 3740 tue
952 3680 1072 3740 sancte
1090 3690 1109 3739 a
1130 3670 1230 3760 cujus
1247 3668 1447 3760 integritate
1466 3668 1699 3739 deviaverant

269 3768 468 3856 peccando,
499 3767 731 3839 admissorum
764 3768 902 3840 veniam
932 3766 1182 3859 consequendo
1218 3766 1411 3837 reddantur
1445 3766 1596 3837 innoxii.
1634 3766 1699 3837 Per

265 3861 440 3934 Christum
461 3865 645 3937 Dominum
669 3877 839 3937 nostrum.
862 3866 987 3936 Amen.

316 3959 370 4031 Er
388 3968 472 4034 tunc
487 3963 678 4058 snbp'nnpat
695 3963 883 4057 inquisitor
897 3990 909 4033 :

317 4060 534 4132 Auctoritate
550 4062 611 4132 Dei
628 4074 663 4132 et
676 4063 870 4154 apostolice
884 4062 979 4134 sedis
999 4084 1066 4155 qua
1086 4061 1263 4153 iungimur
1282 4063 1318 4129 in
1335 4060 1402 4130 hac
1418 4070 1535 4152 parta,
1550 4059 1699 4133 absolvo

269 4180 333 4231 vos
353 4171 388 4230 et
408 4172 562 4229 vestrum
586 4160 780 4252 quemlibet
799 4160 843 4230 ah
867 4159 1242 4231 excommnuicationis
1261 4158 1413 4228 vinculis
1437 4157 1569 4248 quibus
1591 4159 1699 4229 aratis

267 4255 364 4347 ligati
386 4268 527 4350 propter
544 4257 602 4327 illa
620 4279 690 4350 qua
714 4258 865 4328 confessi
888 4258 971 4328 estis
991 4259 1026 4328 in
1044 4258 1174 4348 juditio
1199 4277 1263 4327 vos
1281 4259 1318 4324 in
1337 4254 1486 4325 crimina
1509 4254 1699 4348 dampnate

266 4351 403 4424 heresis
420 4356 660 4444 commisisse,
681 4355 710 4425 si
732 4367 848 4426 tamen
869 4356 913 4426 da
935 4356 1042 4426 corda
1060 4354 1154 4426 bono
1174 4364 1210 4424 at
1230 4351 1300 4423 fida
1325 4373 1395 4423 non
1414 4350 1494 4422 ficta
1521 4352 1699 4425 redieritis

266 4450 312 4520 ad
336 4449 491 4523 Ecclesia
514 4453 704 4542 unitatem,
724 4465 761 4526 et
784 4454 814 4524 si
838 4455 1064 4525 servaveritis
1089 4452 1147 4521 illa
1172 4472 1242 4544 qua
1265 4450 1368 4522 vohis
1392 4450 1549 4541 injuncta
1569 4451 1701 4522 luerint

266 4558 302 4618 at
318 4550 496 4621 mandata.
1350 4619 1359 4635 ,

264 4645 360 4815 'mpii
379 4669 463 4717 cero
487 4647 615 4742 uliquis
639 4648 924 4745 archiepiscopus
949 4648 1004 4719 vel
1027 4646 1209 4742 episcopus
1226 4665 1375 4741 presens
1397 4645 1533 4738 fuerit,
1557 4643 1701 4717 dicetur

346 4744 473 4815 mod&

314 4841 384 4913 Nos
407 4843 485 4915 talis
511 4844 554 4915 N.
584 4845 816 4939 permissione
834 4845 955 4918 divina
974 4843 1261 4939 archiepiscopus
1288 4842 1389 4932 talis,
1410 4841 1619 4914 auctoritate
1638 4843 1700 4915 Dei

301 5071 339 5138 (l)
358 5069 428 5126 Sum
442 5070 514 5128 dans
529 5071 556 5128 le
575 5089 630 5130 ms.
648 5074 711 5132 388.
