4574 6404
804 649 956 706 sacuam
981 649 1079 702 vans.
1610 629 1656 700 ll

274 810 424 895 Quando
457 830 543 881 vero
573 809 727 902 predicta
760 810 871 900 gratia
904 810 1010 881 tuerit
1040 830 1103 903 per
1136 807 1379 900 inquisitorem
1413 806 1527 877 solum
1557 817 1659 879 antea

227 907 413 1004 promissa,
434 920 471 980 et
494 906 635 977 demum
662 928 726 1001 per
754 909 992 1002 dyocesannm
1022 928 1086 977 seu
1116 905 1274 997 ejusdem
1306 904 1362 975 vel
1394 905 1480 975 sede
1514 915 1666 976 vacante

227 1005 369 1098 capituli
392 1004 671 1076 commissarium
692 1005 795 1075 luerit
819 1002 1024 1074 ratificanda
1052 1013 1087 1073 et
1111 1001 1359 1096 approbanda,
1377 1001 1551 1072 scribatur
1568 1001 1661 1073 circa

227 1101 334 1175 linem
359 1102 475 1174 littere
498 1102 567 1173 isto
591 1101 725 1174 modo:
751 1100 989 1173 ubidicitur:
1017 1107 1135 1170 teaore
1151 1099 1377 1199 presentium
1395 1097 1604 1171 absolvimus
1629 1107 1663 1171 et
1727 1100 1729 1105 ’

226 1200 439 1296 quittamus,
460 1199 612 1270 addatur
638 1199 689 1271 sic
708 1225 715 1269 :
736 1199 805 1270 Nos
832 1220 918 1269 vero
949 1199 1028 1268 talis
1052 1198 1239 1291 episcopus
1266 1195 1321 1266 vel
1351 1196 1428 1264 talis
1455 1195 1659 1268 commissa-

227 1299 301 1370 rius
329 1297 408 1369 talis
434 1297 589 1392 episcopi
615 1297 671 1367 vel
701 1296 779 1368 talis
804 1296 947 1389 capituli
973 1294 1243 1388 (eupmmautur
1261 1292 1463 1363 uomina-iu
1491 1292 1555 1366 boc
1574 1292 1663 1387 loca)

228 1395 420 1489 predictam
456 1395 603 1485 gratiam
637 1395 842 1486 promissam
873 1405 908 1463 et
933 1394 1057 1463 tactam
1088 1412 1266 1462 excausa
1301 1392 1456 1483 predicta
1489 1385 1529 1486 [l‘
1555 1387 1601 1461 27
1626 1389 1659 1492 c]

227 1492 386 1587 predicto
419 1492 478 1563 tali
509 1492 552 1563 N.
588 1513 650 1585 per
677 1488 921 1584 inquisitorem
956 1490 1126 1583 prelatum
1157 1499 1266 1558 ratam
1299 1499 1334 1557 et
1367 1500 1500 1577 gratam
1530 1487 1660 1560 baben·

228 1600 281 1663 tes
308 1587 545 1674 ratificamus,
580 1589 816 1683 approbamus
844 1600 880 1659 et
910 1587 1055 1658 facimus
1085 1607 1151 1656 una
1180 1607 1260 1655 cum
1290 1585 1497 1677 inquisitore
1528 1587 1664 1679 prelato

228 1698 264 1759 et
294 1699 475 1780 presentes
504 1687 638 1758 litteras
666 1686 771 1778 sigilli
801 1686 910 1757 nostri
941 1683 1134 1754 munimine
1164 1683 1384 1754 roboramus.
1416 1682 1561 1764 Datum,
1591 1690 1666 1754 etc.'

233 1782 296 1855 Vel
318 1782 499 1855 scribatur
524 1783 574 1857 sic
597 1784 693 1854 rubi
721 1784 879 1854 dicitur:
906 1781 1117 1854 auctoritate
1141 1779 1331 1876 apostolica
1358 1801 1428 1874 qua
1451 1780 1659 1872 fungimur,

228 1880 402 1953 scribatur
433 1881 500 1954 boc
533 1882 637 1953 modo
674 1907 681 1949 :
718 1880 788 1952 Nos
822 1880 1007 1972 inquisitor
1042 1879 1197 1972 prelatus
1229 1878 1436 1949 auctoritate
1470 1879 1663 1971 apostolica

230 2000 300 2071 qua
334 1979 533 2070 tangimur,
564 2000 633 2049 uua
668 2000 746 2049 cum
783 1977 978 2050 reverendo
1015 1977 1050 2046 in
1083 1975 1218 2046 Christo
1250 1987 1347 2069 patre
1381 1977 1545 2068 episcopo
1579 1977 1659 2058 tali,

231 2076 289 2147 vel
313 2096 393 2147 cum
420 2076 615 2148 venerabili
646 2097 686 2146 ac
716 2075 868 2147 discreto
896 2075 972 2144 viro
997 2077 1032 2143 in
1060 2073 1126 2144 bac
1153 2085 1250 2168 parte
1280 2073 1520 2143 commissario
1547 2072 1666 2167 depa-

231 2184 303 2244 tato
340 2173 418 2244 talis
451 2173 605 2266 episcopi
640 2174 695 2243 vel
729 2172 807 2243 talis
840 2171 1008 2265 capituli,
1042 2183 1164 2243 tenore
1196 2171 1408 2264 presentium
1445 2171 1662 2242 absolvimus

231 2282 267 2341 et
299 2272 506 2363 quittamus.
541 2271 578 2340 ln
613 2290 763 2362 quorum
796 2270 952 2339 omnium
985 2269 1093 2341 robur
1123 2278 1158 2338 et
1188 2268 1424 2339 testimouium
1451 2289 1515 2338 nos
1538 2271 1662 2360 prelati

231 2368 418 2463 episcopus
447 2381 483 2439 et
517 2368 704 2460 inquisitor
731 2365 810 2461 (ael
838 2387 903 2437 nos
938 2367 1061 2460 prelati
1097 2366 1283 2458 inquisitor
1311 2377 1344 2435 et
1377 2365 1662 2458 commissarius)

196 2476 199 2482 ’
231 2464 346 2556 sigilla
381 2477 499 2538 nostra
534 2466 757 2560 presentibus
790 2465 960 2536 duximus
990 2462 1213 2557 apponenda.
1242 2464 1387 2547 Datum,
1412 2475 1480 2535 etc.
1518 2461 1581 2532 Vct
1593 2486 1663 2557 po·

232 2562 314 2633 unt
336 2562 387 2634 sic
413 2562 575 2635 cautum·
596 2564 696 2635 circa
722 2564 834 2655 fiuem
858 2587 870 2630 :
898 2573 977 2655 post
999 2561 1085 2632 illud
1116 2587 1124 2629 ε
1154 2559 1363 2631 absolvimus
1385 2571 1417 2630 et
1444 2560 1660 2653 quittamus,
1695 2575 1696 2578 ’

231 2660 384 2732 addatur
402 2660 453 2730 sic
476 2684 484 2730 :
512 2660 582 2732 Nos
604 2680 691 2731 vero
713 2661 800 2731 tales
823 2670 860 2730 et
882 2660 969 2731 tales
989 2658 1174 2752 episcopus
1194 2660 1251 2730 vel
1276 2658 1505 2731 commissarii
1534 2658 1568 2728 in
1598 2659 1668 2730 bac

231 2767 332 2851 parte
348 2759 509 2829 eamdem
530 2759 677 2849 gratiam
698 2757 955 2829 absolutionem
976 2768 1012 2827 et
1031 2757 1276 2849 quittatiouem
1298 2757 1405 2826 lactas
1425 2755 1583 2848 predicto
1602 2757 1661 2828 tali

231 2854 291 2942 tt,
312 2875 483 2926 excausa
508 2855 666 2948 predicta
686 2877 749 2949 per
768 2855 1011 2947 inquisitorem
1038 2855 1232 2946 prelatum,
1253 2853 1459 2924 auctoritate
1479 2867 1596 2924 nostra
1617 2876 1664 2926 ex

231 2963 326 3024 certa
357 2952 502 3023 scientia
531 2952 789 3047 approbamus,
819 2963 854 3022 et
882 2950 1095 3023 ratificamus
1118 2963 1152 3022 et
1181 2952 1327 3021 tacimus
1354 2971 1433 3020 cum
1463 2950 1602 3022 eodem.
1625 2953 1663 3021 ln

232 3069 380 3142 quorum
402 3051 559 3121 omnium
586 3051 694 3122 robur
717 3060 753 3121 et
776 3049 1014 3121 testimoniam
1037 3069 1102 3120 non
1122 3049 1247 3142 prelati
1271 3049 1458 3141 episcopus
1481 3048 1540 3118 vel
1564 3071 1659 3120 com·

231 3147 383 3218 missarii
403 3147 517 3239 sigilla
537 3160 655 3219 nostra
671 3147 894 3241 presentibus
908 3147 1076 3218 duximus
1090 3146 1313 3240 apponenda.
1334 3145 1458 3215 Datum
1479 3155 1514 3216 et
1528 3160 1660 3233 actum,

233 3265 324 3317 anno
344 3255 381 3316 et
397 3244 456 3316 die
475 3255 511 3316 et
529 3245 619 3332 loco,
641 3256 709 3317 etc.

238 3524 293 3590 ta.
317 3527 368 3604 [1³⁰
384 3495 422 3588 a
438 3526 465 3606 c]
488 3525 624 3591 Forma
645 3526 769 3591 littere
791 3527 837 3590 ad
863 3527 1125 3608 imponendum
1150 3527 1393 3608 penitentiam
1425 3528 1666 3593 arbitrariam.

273 3640 376 3697 extra
389 3647 594 3697 sermonem
612 3633 843 3712 aliouljudeo
867 3651 933 3715 pro
957 3635 1030 3698 hiis
1055 3651 1124 3715 que
1148 3635 1335 3699 commisit
1353 3635 1574 3715 receptando
1595 3635 1662 3699 ali·

272 3755 378 3819 quem
404 3740 463 3803 vel
490 3741 633 3822 aliquos
659 3742 863 3822 baptizatos
885 3750 1090 3823 apostatas,
1116 3742 1176 3805 vol
1199 3741 1294 3806 alias
1315 3740 1478 3806 laveram
1501 3742 1660 3822 aliquem

272 3847 527 3929 impendendo.

279 4116 350 4188 Nos
372 4116 449 4188 talis
471 4117 657 4209 inquisitor
677 4117 830 4188 heretice
852 4117 1033 4211 pravitatis
1052 4138 1093 4188 ac
1114 4116 1260 4211 perfidie
1279 4116 1469 4188 iudeorum
1491 4117 1525 4185 in
1549 4137 1661 4209 reguo

233 4212 377 4285 Francia
403 4236 466 4308 per
494 4215 615 4286 sedem
646 4215 871 4309 apostolicam
906 4215 1114 4308 deputatus,
1146 4223 1267 4286 tenore
1293 4214 1508 4307 presentium
1538 4228 1659 4285 notum

235 4311 380 4382 iacimus
399 4311 573 4382 universis
597 4313 692 4405 quod
710 4370 718 4394 ,
739 4333 818 4382 cum
836 4313 953 4383 nullus
972 4312 1100 4383 debeat
1121 4333 1311 4383 conversos
1331 4311 1376 4382 ad
1396 4310 1500 4381 fidem
1520 4324 1555 4381 ot
1575 4312 1661 4405 bap·

236 4407 375 4480 tismum
399 4409 537 4480 Domini
561 4408 667 4481 Jbesu
690 4409 816 4481 Christi
845 4410 1033 4482 sollicitare
1063 4410 1167 4481 modo
1193 4410 1311 4502 aliquo
1341 4420 1379 4477 ut
1411 4409 1455 4478 ad
1487 4410 1657 4479 vomitum

235 4505 381 4577 redeant
395 4505 578 4597 judaismi,
600 4518 648 4595 et,
671 4507 790 4579 relicta
812 4528 897 4579 vera
920 4508 996 4578 luce
1020 4529 1089 4600 que
1107 4506 1264 4577 Christus
1284 4516 1350 4592 est,
1374 4517 1596 4577 revertantur
1614 4506 1660 4575 ad

236 4602 397 4675 tenebras
417 4605 571 4699 judayce
589 4605 760 4692 cecitatis,
782 4627 844 4675 nec
863 4606 949 4675 tales
968 4604 1119 4675 scienter
1138 4616 1329 4697 receptare,
1350 4604 1406 4675 vel
1427 4603 1560 4673 eisdem
1583 4624 1661 4695 pre·

234 4699 317 4772 bere
347 4701 382 4771 in
418 4700 620 4792 hujusmodi
647 4701 854 4786 consilium,
877 4701 1070 4790 auxilium,
1092 4701 1148 4772 vel
1178 4702 1352 4785 savorem,
1375 4701 1410 4771 in
1430 4698 1659 4792 opprobrium

235 4794 315 4869 fidei
334 4796 555 4885 Christiane3
577 4809 612 4869 et
640 4820 701 4891 per
725 4798 986 4891 inquisitionem
1008 4799 1132 4870 tactam
1155 4797 1415 4885 invenerimus,
1440 4819 1576 4870 necnon
1599 4820 1661 4891 per

236 4894 492 4967 contessionem
517 4896 596 4965 talis
621 4896 721 4987 judei
751 4896 795 4966 de
821 4896 881 4966 tali
907 4896 982 4967 loco
1009 4896 1133 4966 laetam
1158 4895 1194 4964 in
1221 4895 1351 4986 juditio
1376 4895 1531 4987 legitime
1557 4895 1661 4967 nobis
1715 4917 1719 4925 ·

236 5002 389 5080 constat,
411 4992 506 5084 quod
526 4992 703 5087 predictus
721 4994 851 5085 judeus
871 4992 1065 5087 receptavit
1082 4992 1234 5065 scienter
1253 4992 1357 5064 talem
1378 4993 1420 5063 N.
1443 4994 1526 5065 olim
1547 4993 1661 5087 bapti·

1483 5116 1501 5175 7
