4574 6404
432 633 504 704 296
721 648 885 702 ruacrrca
911 649 1152 716 ruansrrrours
1179 649 1342 704 axnnrrcu
1367 650 1580 704 aurursus.

432 812 482 880 sis
501 809 653 902 quedam
672 807 837 902 specialia
857 811 1024 880 convenit
1050 811 1250 902 exprimere
1273 809 1340 880 sub
1366 808 1548 880 vocabulis
1568 831 1632 880 seu
1659 811 1866 884 nominibus

433 905 729 978 convenientibus
756 916 791 976 et
810 906 959 999 propriis
987 906 1022 976 in
1048 906 1154 979 modo
1181 907 1370 999 loquendi3
1392 918 1428 976 et
1451 907 1532 978 ideo
1556 907 1652 979 modi
1678 910 1871 1000 abjurandi

433 1004 469 1074 io
488 1004 630 1097 speciali
651 1014 781 1074 sectam
803 1014 838 1073 et
857 1003 1009 1074 heresim
1035 1004 1190 1096 aliquam
1215 1005 1402 1098 specialem
1425 1004 1571 1075 inferius
1590 1005 1869 1078 subnectuntur.

431 1261 465 1321 5.
490 1258 816 1338 Modusproprins
838 1259 1035 1340 abjurandi
1057 1266 1199 1323 sectam
1223 1267 1260 1323 et
1285 1260 1447 1324 heresim
1469 1260 1712 1325 valdensinm
1734 1263 1873 1342 poterit

1051 1381 1133 1431 assa
1147 1367 1247 1432 talis.

482 1601 536 1703 [1⁴¹⁰
556 1606 625 1675 l57
646 1603 681 1705 b]
702 1606 775 1698 Ego
793 1606 872 1678 talis
891 1607 935 1679 N.
957 1608 1003 1678 de
1029 1607 1088 1678 tali
1109 1608 1205 1696 loco,
1230 1608 1308 1679 talis
1327 1609 1510 1703 dyocesis,
1532 1610 1567 1678 in
1582 1610 1714 1701 juditio
1733 1611 1869 1682 consti-

433 1716 529 1774 tutus
548 1725 665 1775 coram
685 1704 788 1776 vobis
808 1705 867 1774 tali
886 1704 929 1775 N.
951 1705 1175 1797 inquisitore,
1197 1706 1429 1778 sacrosanctis
1446 1707 1509 1775 llei
1525 1706 1727 1799 Evangeliis
1746 1728 1869 1779 coram

427 1823 487 1872 me
500 1802 636 1894 positis,
650 1802 775 1892 abjuro
788 1803 928 1896 penitus
942 1824 1081 1874 omnem
1100 1804 1252 1875 heresim
1268 1804 1500 1875 extollentem
1515 1825 1554 1874 se
1569 1805 1744 1876 adversus
1759 1803 1868 1876 fidem

431 1898 570 1970 Domini
589 1899 695 1970 lhesu
715 1899 840 1970 Christi
861 1911 897 1970 et
912 1911 1032 1971 sancte
1050 1903 1206 1974 Romane
1229 1901 1384 1972 Ecclesie
1405 1913 1440 1972 et
1458 1902 1657 1994 specialiter
1676 1913 1809 1974 sectam
1830 1915 1870 1974 et

432 1996 583 2068 heresim
604 1997 744 2069 illorum
760 1998 822 2090 qui
840 1998 1006 2068 dicuntur
1018 1999 1212 2070 Valdeuses
1226 2021 1289 2070 seu
1309 1999 1483 2093 Pauperes
1499 1999 1544 2069 de
1561 2000 1755 2090 Lugduno,
1776 2022 1869 2093 qoo-

429 2116 507 2164 rom
526 2094 663 2186 aliquos
680 2094 754 2164 vidi
771 2109 899 2166 etcum
919 2096 971 2167 eis
990 2097 1216 2190 participavi,
1237 2110 1272 2166 et
1290 2116 1412 2167 eorum
1430 2098 1609 2169 erroribus
1623 2098 1779 2186 credidi,
1799 2120 1867 2169 seo

431 2191 490 2262 illa
507 2212 577 2283 que
596 2192 760 2262 dicebant
780 2193 915 2264 credidi
935 2215 1014 2264 esse
1032 2215 1138 2278 vera,
1160 2205 1195 2264 et
1213 2194 1413 2288 specialiter
1431 2195 1534 2264 talem
1555 2195 1612 2265 vel
1639 2197 1743 2266 talem
1762 2217 1868 2268 erro·

429 2311 503 2360 rem
524 2288 809 2386 (caeprimctur);
831 2302 867 2362 et
885 2291 1010 2382 abjuro
1030 2312 1170 2362 omnem
1192 2292 1422 2380 credentiam,
1443 2303 1476 2362 el
1495 2294 1666 2381 favorem,
1687 2304 1723 2364 et
1743 2313 1870 2386 recep·

431 2387 622 2470 tationem,
645 2399 679 2458 et
701 2388 942 2459 defensionem
963 2401 1071 2480 atque
1097 2390 1400 2483 participationem
1422 2411 1566 2477 eorum,
1588 2392 1654 2460 sub
1683 2410 1772 2484 pena
1793 2411 1868 2484 que

432 2484 476 2554 de
491 2487 572 2577 jure
591 2485 741 2555 debetur
759 2485 906 2579 relapsis
921 2487 956 2555 in
975 2486 1127 2558 heresim
1148 2490 1184 2557 in
1201 2486 1331 2578 juditio
1350 2489 1559 2578 abjuratam.
1581 2489 1666 2558 llam
1681 2541 1693 2580 ,
1710 2489 1793 2579 juro
1813 2498 1869 2559 at·

343 2624 346 2628 -
430 2602 500 2674 que
520 2585 686 2676 promitto
706 2605 762 2653 me
782 2605 967 2676 proposse
987 2605 1067 2656 meo
1086 2585 1250 2679 persequi
1266 2596 1302 2654 et
1318 2585 1483 2676 detegere
1500 2607 1563 2656 seu
1585 2587 1744 2656 revelare
1764 2597 1801 2657 et
1820 2587 1871 2655 la·

429 2701 509 2750 cere
523 2681 600 2774 capi
611 2692 647 2750 et
661 2681 762 2751 reddi
781 2680 1049 2773 inquisitoribus
1063 2682 1236 2754 hereticos
1255 2692 1290 2752 et
1303 2680 1507 2775 ‘specialiter
1520 2684 1715 2754 Valdeuses
1733 2695 1768 2753 et
1785 2705 1868 2754 cre·

430 2776 572 2866 dentes,
592 2788 676 2866 etc,
700 2789 883 2872 utsupra,
906 2779 942 2849 in
968 2779 1079 2850 forma
1098 2778 1277 2852 communi
1296 2780 1496 2870 abjurandi.
1522 2800 1524 2802 ·

430 3033 464 3094 6.
488 3032 620 3097 Modus
634 3034 805 3113 proprius
824 3034 1021 3115 abjurandi
1041 3043 1180 3099 sectam
1202 3042 1239 3098 et
1257 3036 1417 3100 heresim
1440 3036 1867 3116 Pseudo-apostolorum.

477 3275 549 3366 Ego
571 3276 648 3347 talis
666 3276 708 3346 N.
729 3276 774 3346 de
797 3277 856 3348 tali
876 3277 975 3364 loco,
1000 3278 1078 3348 talis
1103 3278 1286 3372 dyocesis,
1309 3279 1345 3347 io
1360 3277 1490 3368 juditio
1510 3278 1722 3348 constitutus
1742 3299 1866 3350 coram

430 3373 531 3444 vobis
552 3373 612 3444 tali
630 3374 689 3459 N.‚
709 3376 942 3447 sacrosanctis
961 3376 1024 3445 Dei
1039 3375 1241 3468 Evangeliis
1266 3396 1384 3447 coram
1412 3396 1468 3446 me
1489 3375 1633 3468 positis,
1655 3376 1780 3465 abjuro
1801 3397 1865 3468 pe-

428 3471 523 3541 nitus
542 3493 683 3543 omnem
699 3471 851 3543 heresim
870 3474 1124 3566 cujuscumque
1139 3485 1235 3546 secte
1252 3474 1481 3544 extollentem
1501 3494 1540 3543 se
1564 3474 1737 3543 adversus
1757 3494 1866 3544 sano-

425 3579 495 3640 tam
524 3572 715 3641 Romanam
742 3569 932 3642 Ecclesiam
962 3581 997 3641 et
1020 3571 1248 3666 apostolicam
1278 3570 1425 3654 sedem,
1455 3582 1491 3641 et
1518 3568 1622 3639 fidem
1652 3571 1866 3642 catholicam

426 3666 566 3739 Domini
583 3667 690 3739 lhesu
705 3667 845 3755 Christi,
864 3668 1062 3762 specialiter
1078 3680 1114 3738 et
1130 3689 1299 3761 expresse
1314 3668 1440 3758 abjuro
1455 3679 1586 3739 sectam
1603 3669 1697 3737 illam
1715 3679 1750 3739 et
1767 3670 1869 3740 ordi-

425 3786 506 3836 nem
528 3766 666 3838 illorum
687 3765 748 3858 qui
773 3788 812 3836 se
834 3760 875 3862 [1⁰
896 3765 964 3835 157
984 3761 1017 3862 c]
1043 3777 1172 3839 vocant
1196 3763 1384 3859 Apostolos
1407 3777 1442 3836 et
1461 3767 1511 3837 sic
1536 3766 1641 3836 etiam
1666 3766 1868 3858 vulgariter

426 3863 654 3934 nominantur
673 3875 709 3934 et
727 3863 945 3956 apellantur;
964 3884 1069 3956 quam
1089 3876 1221 3935 sectam
1241 3875 1277 3934 et
1295 3886 1400 3956 quem
1420 3864 1581 3934 ordinem
1600 3863 1779 3934 Gerardus
1797 3865 1865 3936 Se·

425 3961 549 4052 garelli
568 3961 613 4032 de
632 3962 754 4031 Parma
773 3961 902 4032 dicitur
918 3961 1147 4033 adinvenisse
1161 3972 1197 4032 et
1212 3963 1345 4055 primus
1361 3961 1523 4032 iniciator
1542 3960 1670 4048 luisse,
1688 3972 1723 4032 et
1741 3961 1864 4032 Dulci-

423 4079 492 4128 nus
516 4059 744 4130 Novariensis
769 4069 848 4153 post
871 4060 1003 4130 dictum
1023 4059 1217 4131 Gerardum
1245 4081 1323 4130 cum
1351 4059 1470 4129 multis
1493 4059 1707 4150 sequacibus
1731 4058 1866 4130 dicitur

423 4158 582 4227 tenuisse
603 4168 638 4227 et
659 4157 882 4246 defendisse,
904 4179 994 4250 quos
1011 4157 1205 4228 Gerardum
1224 4168 1260 4228 et
1285 4157 1470 4227 Dulciuum
1491 4156 1613 4226 audivi
1633 4157 1864 4249 postmodum

424 4253 535 4325 luisse
549 4255 827 4348 condempnatos
843 4265 1009 4347 tanquam
1028 4255 1204 4326 hereticos
1217 4265 1253 4326 et
1267 4254 1396 4326 multos
1413 4254 1517 4324 etiam
1533 4254 1723 4347 complices
1736 4275 1863 4326 eorum

426 4350 519 4423 dicte
538 4362 633 4423 secte
653 4363 688 4422 et
706 4353 841 4423 ordinis
859 4362 1050 4424 sectatores
1067 4365 1103 4424 et
1118 4372 1208 4445 quos
1224 4352 1331 4423 credo
1348 4362 1384 4423 et
1402 4362 1526 4445 reputo
1545 4353 1653 4421 luisse
1667 4351 1765 4445 juste
1784 4362 1863 4422 tao·

424 4469 529 4541 quam
551 4449 724 4520 hereticos
746 4450 1023 4543 condempnatos
1037 4447 1095 4545 (l)
1111 4474 1120 4539 5
1138 4470 1243 4543 quam
1260 4460 1392 4521 sectam
1408 4461 1442 4519 et
1461 4450 1620 4520 ordinem
1640 4470 1703 4542 per
1721 4449 1862 4542 aliquos

423 4566 536 4618 annos
563 4548 660 4618 tenui
686 4558 722 4618 et
747 4548 889 4618 servavi
916 4548 1041 4638 abjuro
1065 4549 1227 4642 penitus,
1255 4559 1291 4618 et
1309 4547 1474 4640 promitto
1495 4569 1550 4617 me
1576 4546 1621 4616 de
1646 4560 1764 4619 cetero
1788 4569 1862 4618 noo

425 4654 545 4714 tenere
566 4648 680 4738 ipsum
700 4646 860 4717 ordinem
882 4646 960 4717 sive
976 4657 1106 4716 sectam
1131 4645 1248 4738 quoad
1263 4667 1392 4716 nomen
1414 4657 1449 4716 et
1468 4644 1625 4714 habitum
1646 4644 1860 4738 specialem,

458 4927 496 4993 (1)
515 4927 572 4980 Ista
585 4927 713 4982 clausula
727 4928 758 4981 de
773 4927 895 4984 Gerardo
913 4933 939 4982 at
956 4929 1074 4982 Dulcino
1093 4929 1194 4997 poterit
1216 4926 1338 4995 dimitti,
1355 4931 1380 4982 si
1394 4927 1530 4996 abjurans
1545 4927 1658 4980 nescivit
1677 4927 1788 4980 acinon
1804 4942 1863 4981 cu-

422 5023 495 5077 divit
509 5039 550 5078 eor
564 5025 649 5091 scisse
665 5027 741 5079 talos.
756 5023 799 5079 Eu
815 5042 924 5096 merge·

1109 5753 1340 5992 Α
