4574 6404
1018 672 1145 739 curura
1171 670 1268 724 raas.
1788 652 1859 725 275

390 885 393 893 -
424 847 574 922 tactim.
604 833 719 916 ltem,
748 831 985 923 dogmatizant
1011 833 1106 922 quod
1138 831 1247 915 sicut,
1277 831 1404 920 rejecta
1436 849 1614 921 synagoga
1645 828 1856 915 Judeorum,

427 955 448 1006 a
484 930 622 1003 Christo
660 930 802 1000 fuerunt
840 929 938 1021 pauci
978 929 1044 997 viri
1082 929 1182 999 electi
1226 950 1270 998 ex
1309 947 1348 997 ea
1388 947 1450 1019 per
1485 947 1573 1016 qnos
1614 926 1679 996 fnit
1715 927 1858 998 fundata

427 1029 552 1102 Christi
579 1027 732 1099 Ecclesia
759 1027 956 1118 primitiva,
985 1039 1156 1117 quantum
1182 1025 1226 1095 ad
1255 1025 1404 1114 primum
1430 1034 1559 1093 statum
1587 1023 1764 1111 Ecclesie,
1792 1026 1856 1109 ita,

429 1127 555 1218 rejecta
571 1137 607 1197 et
621 1126 797 1195 destructa
813 1124 943 1194 carnali
956 1123 1109 1194 Ecclesia
1129 1124 1282 1195 Romana
1297 1123 1330 1191 in
1347 1133 1450 1192 sexto
1465 1132 1556 1191 statu
1567 1120 1735 1209 Ecclesie,
1752 1144 1857 1215 quem

429 1225 549 1296 dicunt
579 1244 671 1293 nunc
702 1243 810 1308 esse,
839 1222 1071 1292 remanebunt
1097 1225 1200 1314 pauci
1228 1221 1293 1290 viri
1322 1220 1422 1290 electi
1450 1220 1652 1312 spirituales
1686 1240 1858 1312 pauperes

428 1320 643 1414 evangelici,
665 1341 815 1413 quorum
833 1320 943 1409 major
966 1338 1065 1411 pars,
1091 1330 1128 1388 ut
1147 1321 1260 1403 aiunt,
1282 1320 1349 1388 erit
1368 1317 1413 1386 de
1432 1328 1582 1409 utroque
1598 1316 1723 1389 ordine
1742 1317 1857 1387 Sancti

428 1419 619 1504 Francisci,
642 1418 806 1488 videlicet
826 1418 871 1487 de
892 1419 1003 1511 primo
1026 1419 1124 1488 etde
1149 1416 1274 1501 tercie,
1300 1438 1361 1509 per
1377 1437 1467 1508 quos
1488 1414 1691 1485 fundabitur
1710 1414 1857 1485 ecclesia

428 1516 619 1610 spiritualis
642 1538 711 1608 quc
730 1516 796 1586 erit
815 1514 959 1584 humilis
979 1527 1013 1585 et
1031 1515 1182 1605 benigna
1201 1514 1236 1583 in
1257 1515 1407 1607 septimo
1427 1526 1462 1583 et
1482 1513 1603 1583 ultimo
1626 1523 1717 1582 statu
1738 1511 1855 1583 Eccle-

428 1615 501 1695 sia,
533 1614 593 1706 qui
618 1614 761 1706 incipiet
789 1625 927 1696 mortno
946 1611 1195 1683 Anti-Christo.
1217 1613 1325 1696 ltem,
1352 1611 1590 1702 dogmatizant
1613 1610 1707 1701 quod
1735 1630 1858 1681 omnes

430 1712 616 1804 religiones
634 1733 697 1781 seu
715 1712 858 1783 ordines
876 1711 1102 1780 destruantur
1124 1711 1157 1778 in
1178 1710 1422 1803 persecutione
1440 1707 1691 1793 Anti-Christi,
1710 1720 1859 1801 excepto

429 1809 552 1881 ordine
570 1809 684 1880 Sancti
710 1809 904 1892 Francisci,
931 1830 1035 1899 quem
1057 1809 1254 1898 distingunt
1283 1809 1316 1876 in
1341 1819 1410 1877 tres
1432 1817 1560 1899 partes
1578 1827 1725 1897 quarum
1753 1827 1857 1875 unam

433 1900 472 2004 [f⁰
494 1903 562 1976 ll'l
582 1903 615 2004 c]
637 1906 759 1976 dicunt
784 1928 861 1977 esse
881 1906 1165 1976 communitatem
1194 1904 1352 1992 ordinis,
1374 1916 1410 1974 et
1428 1906 1618 1976 secundam
1639 1904 1761 1974 dicunt
1780 1926 1858 1975 esse

406 2020 409 2026 “
430 2003 505 2076 illos
524 2005 584 2096 qui
604 2004 770 2098 appellati
789 2014 871 2073 sunt
890 2003 1078 2075 Fratisselli
1106 2007 1142 2073 in
1162 2002 1297 2088 Ytalia‚
1320 2016 1355 2074 et
1380 2002 1523 2072 terciam
1545 2002 1667 2072 dicunt
1689 2023 1767 2071 esse
1788 2014 1856 2071 tam

430 2102 463 2171 in
493 2101 658 2173 fratribus
680 2124 767 2192 quos
796 2113 924 2173 vocant
949 2101 1148 2195 spirituales
1175 2102 1398 2171 servantibus
1423 2101 1640 2193 spiritualem
1671 2102 1856 2192 puritatem

430 2201 549 2291 regule
567 2199 683 2269 Sancti
704 2199 890 2285 Francisci,
909 2221 1014 2291 quam
1035 2199 1068 2267 iu
1091 2199 1254 2269 fratribus
1272 2201 1317 2269 de
1335 2199 1443 2269 tercio
1458 2199 1583 2269 urdine
1601 2197 1733 2268 eisdem
1750 2197 1857 2268 adhe·

430 2297 607 2385 rentibus;
637 2309 672 2368 et
697 2299 807 2390 prime
834 2297 904 2368 due
933 2308 1070 2390 parteS,
1094 2309 1131 2367 ut
1159 2301 1281 2380 aiunt,
1312 2296 1539 2366 destruentur
1563 2306 1597 2365 et
1617 2298 1722 2365 tercia
1748 2317 1858 2367 rema·

431 2394 526 2465 nebit
545 2416 657 2487 usqne
676 2394 719 2464 ad
739 2396 842 2466 finem
864 2395 985 2465 mundi
1004 2395 1196 2481 duratura,
1219 2395 1322 2487 quia,
1349 2407 1387 2464 ut
1405 2397 1525 2478 aiunt,
1548 2392 1651 2464 heato
1676 2392 1858 2467 Francisco

430 2491 478 2562 sic
496 2491 598 2562 fulta
617 2492 689 2564 Deo
710 2495 894 2586 promissa.
915 2493 1021 2577 Item,
1048 2492 1157 2585 aliqui
1185 2514 1229 2562 ex
1251 2495 1303 2562 eis
1331 2491 1569 2584 dogmatizant
1595 2491 1690 2581 qnod
1710 2490 1859 2584 Spiritus

430 2586 576 2660 Sanctus
590 2590 791 2661 effundetur
808 2595 844 2660 in
861 2590 983 2681 majori
999 2588 1246 2660 habundancia
1263 2590 1321 2662 vel
1336 2591 1460 2661 saltem
1482 2589 1516 2657 in
1532 2588 1647 2679 equali
1660 2611 1767 2682 super
1782 2590 1859 2661 illos

431 2686 525 2758 riros
543 2687 674 2759 electos
694 2689 894 2781 spirituales
915 2701 950 2759 et
969 2690 1195 2780 evangelicos
1213 2709 1276 2781 per
1295 2709 1384 2782 quos
1400 2686 1602 2758 fundabitur
1622 2686 1769 2757 ecclesia
1788 2689 1860 2780 spi·

431 2783 567 2855 ritualis
582 2796 617 2855 et
635 2785 788 2878 benigna
811 2787 844 2855 in
865 2787 1017 2879 septimo
1037 2797 1072 2856 et
1091 2786 1215 2858 ultimo
1233 2799 1345 2872 statu,
1368 2808 1472 2880 quam
1490 2785 1591 2854 fuerit
1610 2785 1860 2878 effusussuper

431 2882 608 2974 apostolos
629 2882 825 2976 discipulos
842 2884 948 2955 lhesu
968 2881 1093 2954 Christi
1114 2888 1149 2954 in
1170 2885 1227 2954 die
1250 2884 1497 2955 Penthecostes
1516 2883 1551 2950 in
1575 2883 1720 2953 ecclesia
1741 2883 1860 2976 primi·

431 2976 523 3067 tiva;
545 2991 581 3050 et
605 2981 727 3050 dicunt
746 2982 840 3075 quod
862 2982 1054 3052 descendet
1072 3004 1179 3076 super
1197 3003 1259 3052 eos
1279 2992 1445 3073 tanquam
1464 2981 1601 3050 flamma
1623 2979 1713 3072 ignis
1734 2981 1769 3049 in
1789 2983 1858 3052 f'or-

431 3095 529 3164 nace,
550 3087 586 3147 et
604 3077 671 3149 hoc
689 3091 872 3173 exponunt
884 3079 993 3171 quod,
1013 3102 1082 3150 non
1101 3080 1214 3161 solum
1231 3081 1347 3150 anima
1364 3080 1554 3172 replebitur
1572 3077 1702 3170 Spiritu
1716 3079 1857 3163 Sancto,

429 3185 481 3260 set
495 3175 779 3269 etiamSpiritum
793 3177 955 3247 Sanctum
974 3177 1007 3245 iu
1021 3199 1085 3248 suo
1100 3176 1591 3271 corporeseutienthabitare.
1607 3174 1706 3257 ltem,
1721 3178 1862 3268 dogma·

430 3270 536 3342 tizant
553 3293 631 3343 esse
648 3274 822 3367 duplicem
842 3273 1129 3359 Anti-Christum,
1147 3274 1314 3346 videlicet
1335 3297 1442 3344 unum
1462 3274 1680 3368 spiritualem
1697 3297 1759 3346 seu
1777 3276 1858 3346 mis·

430 3369 558 3455 ticum,
579 3380 614 3441 et
633 3372 739 3440 alium
760 3373 889 3442 realem
916 3373 1081 3462 majorem
1103 3372 1399 3457 Anti-Christum
1418 3383 1453 3442 et
1472 3373 1621 3466 primum
1641 3374 1763 3443 dicunt
1781 3396 1859 3446 esse

429 3480 690 3562 preparatorem
712 3471 776 3540 vie·
791 3471 960 3556 secundi;
982 3482 1017 3540 et
1039 3471 1161 3540 dicunt
1186 3492 1263 3541 esse
1290 3472 1439 3565 primum
1464 3468 1739 3542 Anti-Christum
1761 3471 1858 3542 illum

429 3584 552 3659 papam
568 3567 635 3636 suh
654 3588 724 3658 quo
743 3566 815 3649 fiet,
836 3567 903 3637 sub
925 3589 995 3660 quo
1010 3566 1144 3658 jamfrt,
1157 3580 1194 3636 ut
1211 3570 1323 3653 aiunt,
1346 3569 1541 3662 persecutio
1561 3580 1596 3636 et
1610 3568 1859 3661 condempatio

430 3663 1859 3759 eorumdem.hem,determinanttempusinfraquodmajorveneritAntiEhristus

429 3761 815 3852 etincipietpredicare‚
828 3761 1118 3833 etfinietcursum
1130 3784 1247 3855 suum,
1261 3785 1363 3856 quem
1376 3762 1645 3834 Anti-Christum
1656 3764 1860 3854 jamdicunt

428 3872 505 3930 esse
520 3870 664 3945 natum,
686 3871 721 3929 et
740 3859 883 3944 finierit,
903 3862 1095 3931 secundum
1119 3862 1288 3952 quosdam
1317 3883 1362 3931 ex
1383 3861 1455 3946 eis,
1475 3883 1614 3931 cursum
1638 3882 1742 3931 suum
1764 3862 1853 3930 infra

430 3945 1856 4053 [attrdpmumquocompuumturinearnauonomint,annona.eccaxxv03

430 4054 489 4124 alii
512 4074 599 4125 vero
621 4054 742 4124 dicunt
766 4056 853 4125 infra
874 4078 1005 4126 annum
1030 4078 1101 4149 quo
1125 4057 1384 4148 computabitur
1409 4055 1470 4126 ΜΟ.
1495 4054 1595 4126 oce.
1626 4057 1774 4141 XXX⁰.;
1799 4058 1859 4127 alii

429 4173 515 4224 vero
526 4152 647 4222 dicunt
661 4153 755 4244 quod
772 4155 838 4223 erit
855 4154 899 4223 ad
921 4154 1053 4224 tardius
1070 4155 1157 4223 infra
1171 4175 1304 4224 annum
1317 4174 1387 4245 quo
1400 4155 1659 4246 computabitur
1673 4154 1734 4224 lll⁰.
1755 4154 1855 4226 CCC0.

429 4246 583 4320 XXXV0.
607 4249 704 4332 item,
728 4250 965 4343 dogmatizant
984 4252 1078 4344 quod
1099 4252 1149 4320 illi
1170 4253 1236 4321 viri
1257 4252 1459 4345 spirituales
1483 4273 1573 4343 qnos
1595 4264 1723 4322 vocant
1746 4275 1857 4324 evan·

423 4346 559 4439 galicos
580 4348 614 4417 in
635 4348 763 4441 quihus
783 4359 817 4419 ct
838 4370 897 4441 per
919 4370 1007 4441 quos
1026 4349 1230 4419 fundabitur
1251 4349 1412 4433 ecclesia,
1433 4351 1623 4441 dequibus
1643 4353 1678 4418 in
1699 4353 1858 4443 superio-

430 4444 528 4516 ribus
539 4455 593 4517 est
611 4456 817 4538 pretactum,
836 4446 1226 4532 mortqunti-Christo‚
1248 4446 1480 4540 predicahnn't
1494 4448 1680 4518 duodecim
1698 4449 1860 4520 tribubus

429 4540 537 4613 lsrael
554 4554 589 4614 et
599 4554 850 4614 convertentur
867 4544 911 4614 de
927 4543 1187 4635 qualibettribu
1204 4545 1391 4614 duodecim
1413 4545 1522 4627 milia,
1539 4549 1601 4637 qui
1615 4545 1717 4615 simul
1737 4568 1860 4618 omnes

430 4642 630 4732 congregati
652 4651 755 4711 erunt
781 4652 920 4711 centum
948 4641 1180 4733 quadraginta
1201 4654 1351 4733 quatuor
1372 4642 1487 4726 milia;
1509 4654 1545 4713 et
1563 4642 1628 4713 hec
1646 4645 1713 4714 erit
1731 4644 1859 4715 milicia

427 4736 563 4831 signata
578 4758 639 4831 per
651 4738 814 4830 angelum
831 4738 1016 4809 habentem
1036 4741 1176 4830 signum
1192 4739 1252 4809 Dei
1272 4740 1360 4824 vivi,
1374 4751 1409 4808 et
1424 4752 1607 4832 exponunt
1626 4762 1687 4834 per
1707 4742 1854 4812 beatum

428 4832 649 4908 Franciscum
674 4837 734 4929 qui
756 4835 879 4906 hahuit
902 4837 1063 4927 stigmata
1087 4836 1272 4907 vulnerum
1295 4835 1442 4920 Christi,
1471 4860 1540 4929 qne
1568 4838 1695 4908 milicia
1722 4840 1859 4931 signata

429 4933 543 5027 primo
564 4934 734 5027 pugnabit
751 4956 830 5004 cnm
851 4933 1107 5018 Anti-Christo,
1128 4946 1164 5003 et
1182 4956 1244 5026 per
1266 4956 1346 5004 eum
1366 4934 1546 5006 occidetur
1564 4946 1645 5006 ante
1666 4937 1858 5007 adventum

427 5029 539 5126 Halys
551 5041 586 5102 et
599 5031 731 5103 Enoch.
753 5031 853 5119 Item,
876 5032 1072 5103 fabulantes
1089 5032 1325 5123 dogmatizant
1343 5032 1453 5125 quod,
1470 5034 1613 5126 qnando
1631 5034 1780 5105 carnalis
1801 5056 1858 5106 ec·
