4612 6404
446 707 519 789 208
731 720 893 775 emortua
918 720 1160 787 moutstrrottts
1186 719 1349 773 amantor
1374 717 1586 772 antvtrnrts.

447 881 568 953 vitatis
593 901 662 952 non
681 879 872 951 velentium
892 879 970 950 sine
990 874 1031 975 [4ο
1052 879 1121 948 445
1139 875 1174 976 0]
1202 899 1299 950 more
1325 877 1512 971 dispendio
1535 877 1593 947 rel
1618 874 1756 967 negocii
1783 877 1881 970 peri-

449 979 529 1050 culo
547 999 725 1049 recursum
745 976 876 1047 habere
900 977 946 1046 ad
972 977 1173 1070 superiores
1193 979 1255 1070 qui
1281 976 1435 1068 legitime
1461 975 1497 1044 in
1518 974 1603 1045 locis
1631 974 1718 1066 ipsis
1740 974 1883 1067 possint

444 1075 619 1167 justiciam
639 1075 788 1166 exequi,
812 1085 957 1168 possunt
976 1085 1011 1145 et
1025 1074 1156 1145 debent
1173 1084 1295 1145 contra
1314 1073 1508 1166 hereticos,
1528 1072 1735 1157 credentes,
1757 1072 1878 1144 lanto-

449 1194 521 1261 res,
542 1182 775 1266 receptatores
798 1183 833 1243 et
852 1171 1056 1244 defensores
1075 1193 1196 1243 eorum
1213 1171 1383 1263 justitiam
1403 1180 1440 1240 et
1465 1191 1568 1240 sunm
1589 1166 1745 1241 officium
1766 1191 1878 1240 exer·
1918 1229 1923 1237 .

447 1291 543 1358 cere;
559 1291 622 1341 nec
638 1271 856 1362 requirentes
872 1269 1072 1360 hujusmodi
1086 1269 1407 1341 excommunicatos
1420 1278 1562 1360 propter
1579 1266 1646 1338 hoc
1659 1269 1877 1338 sententiam

447 1367 819 1438 excommunicationis
847 1370 1055 1454 incurrunt3
1079 1379 1284 1437 nontamen
1316 1364 1576 1459 presidentibus
1604 1364 1786 1458 prelibatis
1820 1365 1880 1437 vel

447 1463 654 1536 officialibus
673 1465 877 1536 eorumdem
904 1478 1088 1560 propterea
1109 1465 1144 1534 in
1164 1465 1242 1535 aliis
1264 1463 1404 1534 casibus
1433 1462 1640 1554 intelligitur
1666 1482 1879 1535 concessum

446 1562 579 1654 aliquid
599 1562 656 1633 004
678 1565 899 1656 permissum.

493 1659 521 1751 l)
547 1661 630 1731 ltem
652 1659 880 1745 duodecimo,
904 1671 1051 1754 possunt
1070 1660 1183 1729 lacere
1202 1659 1294 1728 dirui
1316 1659 1457 1729 domum
1485 1678 1547 1727 seu
1568 1658 1692 1729 domos
1709 1679 1792 1727 cum
1813 1678 1879 1752 ap-

447 1757 618 1850 pendiciis
643 1757 772 1829 suiset
797 1758 960 1829 domibus
987 1757 1090 1828 etiam
1117 1757 1184 1827 sibi
1212 1755 1481 1842 adherentibus,
1508 1756 1569 1825 ubi
1594 1755 1650 1825 vel
1679 1755 1714 1824 in
1744 1755 1879 1848 quibus

444 1853 633 1941 hereticus,
654 1856 709 1925 vel
728 1854 895 1943 heretica,
912 1877 973 1926 seu
990 1854 1134 1925 heretici
1151 1856 1244 1947 eapti
1259 1875 1321 1924 seu
1338 1856 1469 1946 reperti
1483 1853 1627 1944 luerint,
1642 1855 1699 1923 004
1711 1873 1731 1923 0
1743 1853 1878 1946 quibus

446 1951 611 2044 prohibiti
632 1953 762 2023 inerint
780 1953 1098 2045 investigantesne
1124 1962 1333 2045 caperentur
1353 1951 1503 2038 ibidem,
1524 1952 1581 2021 vel
1602 1951 1637 2020 in
1658 1951 1789 2041 quibus
1809 1950 1875 2022 do·

446 2050 583 2120 cuerint
601 2051 656 2121 vel
673 2072 798 2121 manus
816 2051 1046 2144 imposuerint
1061 2049 1289 2133 consolando,
1307 2070 1370 2119 sen
1385 2051 1505 2118 verius
1522 2048 1731 2133 desolando,
1744 2069 1876 2119 secun·

446 2145 528 2216 dum
550 2147 735 2240 pessimam
755 2148 1045 2219 consuetudinem
1065 2147 1284 2218 eorumdem.
1307 2147 1357 2217 lle
1379 2145 1544 2239 predictis
1563 2145 1713 2217 habetur
1733 2146 1768 2214 in
1788 2167 1876 2217 con·

445 2244 685 2318 stitutionibus
705 2246 896 2316 innocentii
919 2266 1007 2338 pepe
1027 2245 1102 2314 4444ιί
1130 2255 1165 2314 04
1190 2242 1383 2315 Alexandri
1406 2264 1495 2336 pepe
1521 2243 1598 2311 llllti
1622 2256 1658 2314 et
1683 2242 1877 2314 Clementis

444 2362 532 2434 pape
552 2342 651 2412 ttttl:
675 2343 737 2412 Ad
751 2342 968 2436 eectirpcndo
984 2341 1156 2412 demedio
1171 2340 1297 2436 populi
1312 2340 1501 2413 christiani
1513 2340 1664 2412 heretice
1677 2340 1878 2435 pravitate

442 2439 605 2512 04004440.
626 2439 678 2510 Et
696 2439 798 2534 infra
818 2467 830 2509 :
851 2442 981 2511 Domus
1001 2451 1117 2510 autem
1141 2441 1175 2508 in
1201 2460 1270 2532 qua
1293 2449 1453 2532 repertus
1480 2439 1584 2509 luerit
1608 2439 1787 2510 hereticus
1815 2440 1874 2510 vel

445 2536 596 2608 heretice
624 2539 702 2609 sine
730 2538 798 2608 ulla
825 2561 888 2632 spe
916 2535 1141 2609 reedificandi
1172 2537 1328 2607 lunditus
1357 2537 1577 2622 destruatur,
1607 2537 1673 2606 nisi
1704 2537 1875 2608 dominus

442 2634 569 2706 domus
589 2656 649 2707 eos
670 2637 799 2706 ibidem
823 2638 1063 2729 procuraverit
1083 2636 1240 2728 reperiri.
1258 2634 1346 2704 Etsi
1369 2634 1533 2705 dominus
1553 2634 1678 2707 domus
1696 2634 1792 2705 illius
1813 2635 1877 2705 ha·

444 2729 560 2802 buerit
575 2755 654 2803 cum
673 2754 713 2805 ea
731 2736 855 2805 domos
869 2734 955 2804 alias
969 2733 1209 2826 appendentes
1226 2754 1305 2802 cum
1322 2753 1392 2801 una
1408 2733 1530 2802 eadem
1550 2732 1676 2804 domus
1691 2733 1873 2803 interdum

444 2828 594 2901 diversis
613 2845 649 2901 et
672 2831 921 2903 coherentibus
943 2830 1184 2901 mansionibus
1208 2825 1249 2926 [p
1270 2830 1338 2899 445
1357 2826 1394 2927 b]
1417 2822 1646 2920 distingntui‚
1668 2851 1793 2900 omnes
1814 2831 1876 2901 ille

443 2925 568 2998 domus
587 2929 847 3021 appendentes,
869 2928 996 2999 sivein
1017 2929 1122 2998 domo
1140 2928 1197 2996 illa
1219 2949 1281 2998 seu
1303 2927 1337 2995 in
1356 2929 1433 3017 ejus
1451 2928 1669 3020 appendiciis
1692 2926 1876 2999 hereticus

444 3022 499 3094 vel
525 3023 678 3096 heretice
699 3026 939 3119 deprehensus
957 3025 1079 3108 fuerit,
1100 3025 1259 3094 similiter
1279 3026 1529 3112 destruantur3
1551 3037 1587 3096 04
1605 3026 1696 3096 bona
1718 3047 1790 3117 que
1817 3027 1873 3097 in·

443 3131 548 3192 venta
569 3123 698 3193 luerint
717 3125 751 3193 in
779 3123 884 3195 domo
913 3123 971 3194 illa
1000 3123 1180 3215 ipsiusque
1204 3123 1477 3214 appendicibus,
1502 3124 1567 3193 nisi
1595 3124 1685 3193 lorte
1704 3115 1876 3214 'legitimo

443 3238 506 3310 per
523 3230 629 3290 testes
649 3219 718 3292 fide
738 3222 863 3313 dignos
878 3232 913 3291 et
928 3223 1024 3291 omni
1039 3219 1246 3312 exceptione
1264 3221 1413 3310 majores
1427 3222 1502 3311 ipsa
1521 3222 1611 3291 hona
1628 3241 1705 3290 esse
1720 3221 1874 3292 aliarum

442 3335 669 3408 personarum
689 3339 793 3411 quam
821 3319 952 3391 domini
977 3319 1160 3388 domorum
1181 3319 1383 3388 earumdem
1404 3319 1620 3402 constiterit,
1646 3319 1875 3410 publicentur

441 3424 477 3484 et
504 3412 590 3485 fient
616 3417 863 3489 adferentium.
889 3416 930 3486 Et
959 3416 1101 3507 insuper
1132 3416 1296 3485 dominus
1321 3416 1447 3486 domus
1476 3416 1590 3501 illius,
1613 3427 1729 3509 preter
1749 3427 1874 3487 nolam

441 3512 584 3585 inlamie
607 3525 775 3608 perpetue
800 3536 904 3608 quem
931 3514 1096 3583 incurrat.
1118 3511 1170 3582 Et
1193 3512 1299 3606 infre
1327 3540 1338 3582 .·
1366 3513 1441 3596 000
1467 3524 1583 3583 autem
1610 3515 1655 3583 de
1680 3513 1874 3584 domorum

438 3620 473 3680 et
491 3612 724 3703 appendicum
748 3612 1001 3698 destructione,
1024 3611 1195 3680 bonorum
1222 3611 1456 3703 publicatione
1471 3632 1512 3680 ac
1533 3631 1699 3704 penarum
1720 3612 1873 3704 imposi-

437 3709 533 3779 tione
552 3710 709 3780 facienda
721 3710 871 3781 dominis
892 3710 1075 3781 domorum
1096 3707 1299 3778 earumdem
1318 3708 1486 3801 premisse
1502 3719 1598 3795 sunt,
1622 3709 1788 3779 volumus
1809 3710 1873 3781 ob·

437 3807 588 3893 servari,
611 3807 678 3877 nisi
698 3807 785 3877 forte
801 3808 999 3901 dyocesano
1016 3806 1071 3876 vel
1094 3805 1129 3874 in
1149 3807 1224 3896 ejus
1244 3805 1404 3876 absentia
1420 3805 1529 3899 ipsius
1548 3806 1680 3876 vicario
1699 3827 1768 3876 una
1787 3829 1874 3878 cum

437 3904 703 3995 inquisitoribus
729 3926 791 3976 seu
813 3905 1019 3997 inquisitore
1046 3902 1279 3974 hereticorum
1305 3904 1362 3974 vel
1388 3904 1452 3973 soli
1479 3904 1696 3997 dyoceseno,
1717 3906 1872 3996 qnando

437 4002 682 4093 inquisitorum
704 4003 759 4072 004
781 4003 996 4094 inquisitoris
1023 4002 1198 4094 presentia
1218 4002 1262 4071 de
1281 4001 1370 4071 lacili
1392 4000 1512 4071 haberi
1534 4021 1603 4070 non
1627 4002 1755 4096 possit,
1779 4002 1871 4095 legi·

437 4097 520 4169 time
538 4101 732 4171 constiterit
753 4101 963 4193 prelatorum
984 4100 1168 4169 domorum
1188 4097 1351 4169 dominos
1373 4100 1407 4168 in
1423 4097 1489 4169 hoo
1508 4120 1589 4169 casn
1610 4099 1748 4194 penitus
1765 4099 1870 4170 inno·

436 4207 555 4267 centes
566 4209 602 4267 et
622 4219 765 4291 prorsus
782 4196 1012 4290 inculpabiles
1029 4196 1220 4278 exstitisse,
1234 4218 1274 4266 ac
1289 4197 1393 4267 etiam
1411 4217 1472 4267 eos
1488 4218 1557 4267 non
1573 4219 1651 4267 esse
1662 4197 1869 4284 credentes,

437 4294 493 4362 004
516 4307 770 4388 receptatores,
793 4306 855 4365 eut
874 4295 1091 4375 defensores,
1115 4293 1191 4363 siva
1218 4294 1373 4364 lautores
1391 4293 1647 4378 hereticorum,
1671 4315 1733 4364 seu
1758 4293 1867 4366 here·

437 4391 503 4461 tica
534 4393 611 4463 labe
637 4406 841 4486 suspectos,
862 4413 952 4486 0000
972 4413 1036 4462 000
1059 4394 1094 4459 40
1121 4391 1284 4460 domibus
1311 4412 1375 4462 neo
1396 4392 1431 4459 in
1457 4392 1709 4484 appendicibus
1736 4412 1803 4462 nec
1833 4393 1871 4462 in

437 4488 540 4560 bonis
556 4491 689 4560 eisdem
708 4512 770 4561 000
791 4493 919 4582 000040
939 4489 1045 4559 modo
1063 4490 1177 4582 puniri
1201 4489 1376 4570 volumus,
1396 4489 1441 4576 si,
1462 4498 1501 4558 ut
1519 4489 1649 4559 dictum
1670 4498 1736 4575 est,
1753 4509 1870 4582 appa·

437 4587 572 4657 ruerint
590 4588 808 4659 innocentes.
820 4589 977 4673 -ltem,
1000 4587 1035 4656 in
1055 4588 1187 4658 eisdem
1200 4588 1509 4658 constitutionibus
1528 4589 1578 4657 sic
1597 4586 1764 4657 hebetur:
1779 4585 1870 4670 Qui-

434 4704 587 4776 cumque
618 4697 734 4757 autem
763 4685 955 4757 hereticum
985 4686 1042 4755 vel
1069 4685 1258 4756 hereticam
1287 4696 1426 4778 ceptum
1458 4684 1513 4754 vel
1546 4694 1682 4776 ceptam
1713 4684 1872 4754 aufferre

437 4773 477 4875 [p
499 4782 568 4851 tt5
584 4779 617 4880 c]
639 4784 683 4853 de
704 4785 866 4854 menibus
885 4784 1096 4877 capientium
1121 4805 1229 4853 ausus
1250 4783 1373 4867 luerit,
1395 4782 1453 4852 004
1471 4782 1661 4852 defendere
1680 4801 1724 4850 ne
1747 4782 1869 4874 capin-

434 4889 512 4963 tur‚
540 4901 602 4951 seu
634 4880 819 4973 prohibere
846 4881 998 4973 aliquem
1032 4880 1163 4950 intrare
1195 4880 1339 4950 domurn
1366 4879 1519 4972 aliquam
1550 4879 1607 4949 vel
1633 4889 1766 4949 curtem
1801 4899 1869 4948 sen

431 4975 545 5047 locum
562 4978 730 5069 aliquem,
754 4999 798 5048 na
813 4980 971 5071 capiatur
990 4990 1025 5047 et
1044 4977 1240 5068 inquiratur
1261 4976 1406 5047 ibidem.
1424 4975 1480 5053 Et
1502 4975 1632 5069 infra:
1654 4976 1785 5047 Domus
1805 4976 1869 5046 ille

430 5093 532 5165 aqua
542 5074 708 5169 prohibiti
727 5075 858 5145 luerint
874 5075 1025 5168 sinespe
1036 5072 1263 5144 reedificandi
1284 5072 1442 5144 funditus
1462 5076 1679 5146 destruatur.
1702 5073 1865 5161 —ltem,
