4574 6404
426 680 493 748 tor
709 694 873 748 rnacrrcs
899 694 1141 761 moursrrroms
1168 694 1330 748 nunerrcn
1356 694 1569 747 rusurrsrrs.

423 876 486 925 nos
506 873 738 947 opponemus.
763 853 1000 924 Promittimus
1018 853 1122 923 etiam
1142 865 1177 924 et
1198 854 1360 943 juramus
1385 848 1425 949 [l⁰
1447 852 1493 921 89
1516 849 1553 949 d]
1581 851 1676 944 quod
1703 853 1857 944 inquisi-

424 963 517 1024 tores
536 950 690 1022 heretice
710 950 891 1043 pravitatis
902 952 1122 1041 juvabimus,
1137 961 1242 1044 prout
1258 953 1465 1044 poterimus,
1478 950 1777 1042 quandocumque
1795 970 1862 1043 per

424 1070 485 1121 eos
506 1048 563 1119 vel
584 1049 628 1119 de
645 1048 811 1120 mandato
825 1051 980 1141 ipsorum
1003 1049 1172 1119 fuerimus
1192 1048 1349 1140 requisiti
1367 1048 1412 1118 ad
1432 1069 1534 1118 suom
1551 1045 1718 1130 cilicium,
1734 1058 1770 1118 et
1784 1068 1863 1140 per·

424 1167 615 1239 sequemur
642 1145 836 1226 hereticos,
868 1146 1075 1232 credentes,
1102 1147 1274 1239 fautores,
1313 1156 1548 1239 receptatores
1585 1155 1620 1215 et
1655 1145 1863 1216 defensores

424 1247 602 1337 ipsorum,
625 1265 760 1314 necnon
782 1242 1045 1336 impugnatores
1064 1255 1099 1314 et
1118 1245 1346 1338 impeditores
1370 1241 1477 1314 ollicii
1496 1243 1735 1335 inquisitionis
1754 1241 1861 1314 here·

425 1343 491 1413 tice
512 1342 696 1434 pravitatis
717 1363 779 1433 pro
801 1363 903 1435 posse
923 1355 1057 1429 nostro,
1078 1344 1146 1413 sub
1164 1362 1253 1435 pena
1278 1362 1349 1433 que
1368 1341 1518 1411 debetur
1537 1353 1572 1411 et
1592 1350 1706 1433 potest
1726 1340 1862 1433 imponi

423 1438 574 1533 perjuris
594 1449 630 1509 et
657 1438 933 1509 recidivantibus
948 1450 984 1510 et
999 1439 1208 1510 iacientibus
1227 1439 1441 1511 contrariom
1465 1449 1543 1533 post
1563 1439 1745 1531 prestitum
1761 1440 1865 1530 jura·

424 1549 604 1624 mentum,
632 1536 661 1605 si
692 1536 925 1607 delecerimus
949 1547 1070 1608 contra
1099 1537 1256 1630 predicta
1284 1537 1319 1606 in
1341 1547 1414 1608 toto
1433 1537 1490 1607 vel
1519 1535 1553 1605 in
1582 1546 1681 1629 parte
1707 1558 1769 1630 per
1797 1557 1864 1607 nos

425 1636 594 1727 premissa
615 1645 652 1703 et
674 1634 807 1723 jurata,
828 1635 885 1705 vel
907 1635 942 1704 iu
962 1635 1041 1705 aliis
1060 1635 1280 1707 eorumdem.
1302 1635 1358 1705 Sic
1377 1655 1440 1705 nos
1465 1635 1558 1705 [leus
1577 1633 1722 1724 adjuvet
1740 1644 1776 1705 et
1796 1634 1864 1706 hec

423 1742 545 1802 sancta
565 1732 627 1802 Dei
646 1731 851 1822 Evangelia.

424 1933 527 1989 lodus
546 1947 600 1989 sau
618 1933 712 1990 torma
730 1934 905 1992 absolvendi
922 1934 1093 2005 hujusmodi
1119 1935 1388 1992 excommunicatos
1411 1948 1429 1990 a
1452 1932 1602 1990 sententia
1620 1933 1863 1990 excommnnica-

851 2033 946 2090 oiontr
964 2047 982 2089 a
1000 2047 1113 2091 oanorm
1131 2032 1244 2102 poterit
1262 2046 1330 2089 asso
1350 2032 1432 2089 talis.

475 2210 611 2281 Deinde
627 2222 705 2303 post
725 2223 902 2305 receptum
911 2213 1151 2303 juramentum
1162 2223 1198 2282 et
1213 2222 1292 2306 post
1309 2211 1434 2282 iactam
1454 2211 1710 2301 abjurationem
1726 2209 1865 2282 heresis

425 2309 517 2378 sicut
528 2309 753 2400 premittitur,
767 2310 997 2380 absolvantur
1011 2331 1031 2380 a
1047 2313 1221 2381 sententia
1235 2309 1610 2380 excommunicationis
1622 2329 1728 2400 quam
1743 2311 1866 2379 incur-

429 2418 548 2475 rerunt
564 2427 643 2475 curri
665 2406 799 2499 psalmo
818 2407 1034 2500 penitentiati
1046 2407 1220 2478 Miserere
1238 2406 1320 2492 mci,
1342 2405 1451 2491 Deus,
1464 2407 1520 2477 vel
1536 2405 1632 2476 Deus
1645 2407 1867 2478 nrisereotur

426 2503 553 2587 rostri,
573 2503 796 2576 verberando
811 2526 874 2576 seu
891 2506 1150 2600 disciplinando
1163 2527 1241 2577 cum
1259 2505 1369 2596 virgis
1384 2503 1481 2574 illum
1498 2505 1555 2574 vel
1571 2504 1723 2597 itlosqui
1734 2503 1868 2574 luerint

425 2600 649 2672 absolvendi.
671 2601 784 2672 Finito
803 2624 889 2673 vero
910 2606 1043 2695 psalmo
1064 2617 1098 2674 et
1115 2605 1209 2674 dicto
1228 2602 1360 2695 Kyric,
1382 2600 1529 2688 eleison,
1550 2599 1704 2690 Christe,
1719 2601 1864 2689 cleison,

427 2697 560 2791 Kyrio,
573 2697 711 2786 cleison,
735 2699 851 2770 Potor
865 2708 998 2788 noster,
1019 2702 1253 2792 subjungatur
1276 2726 1284 2769 :
1306 2705 1340 2772 et
1362 2721 1406 2770 rto
1424 2722 1498 2771 ros.

480 2807 499 2879 l
524 2796 648 2866 Solous
664 2801 722 2888 foc
736 2821 854 2869 servos
872 2805 959 2874 tuos.
983 2799 1039 2870 vel
1057 2799 1205 2870 ancillor
1224 2805 1316 2869 tuos.

353 2890 356 2896 ’
476 2907 496 2978 tt
516 2893 613 2965 Deos
632 2918 729 2966 meos
746 2903 926 2990 sperantes
943 2898 983 2967 ira
1002 2904 1047 2968 te.

477 2990 651 3063 Dominus
670 2993 854 3065 vobiscum.

478 3088 611 3163 Oratio.

476 3185 609 3277 Presta,
627 3210 833 3280 quesumus,
856 3191 1016 3274 Domine,
1039 3192 1106 3262 hiis
1126 3193 1265 3263 famulis
1282 3194 1363 3279 tuis,
1380 3193 1436 3262 vel
1453 3193 1588 3262 aucillis
1610 3193 1692 3278 tuis,
1712 3193 1863 3283 dignum

431 3282 473 3382 [ll
491 3284 535 3355 90
552 3282 586 3382 a]
610 3288 801 3379 penitentie
820 3291 969 3359 fructum
997 3300 1034 3359 ut
1056 3289 1209 3360 Ecclesie
1230 3301 1326 3360 tuea
1347 3291 1447 3380 cujus
1467 3290 1667 3381 integritate
1690 3289 1869 3361 deviare·

430 3394 508 3453 rant
528 3385 727 3474 peccando,
751 3388 1018 3457 commissorum
1048 3389 1187 3458 veniam
1209 3387 1461 3479 consequendo
1486 3388 1682 3458 reddentur
1711 3389 1867 3459 innoxii.

428 3480 495 3552 Per
511 3480 684 3552 Christum
707 3484 891 3554 Dominum
914 3496 1089 3555 nostrum.

478 3579 559 3648 Post
580 3579 643 3650 hec
664 3582 858 3674 subjungat
878 3583 1064 3673 inquisitor
1087 3609 1095 3652 :
1118 3583 1204 3675 Ego,
1225 3586 1435 3654 alletoritate
1452 3583 1513 3653 Ilei
1536 3593 1571 3652 et
1591 3582 1698 3655 officii
1719 3584 1870 3676 inquisi-

433 3677 538 3746 tionis
559 3675 714 3749 hereticc
736 3681 918 3771 pravitatis
937 3701 1006 3772 qua
1028 3681 1167 3772 longor,
1184 3702 1248 3751 vos
1259 3681 1408 3752 absolvo
1424 3702 1444 3750 a
1461 3682 1646 3751 sententiis
1662 3702 1873 3752 excommu-

435 3774 619 3846 uicationis
639 3797 727 3867 quas
747 3778 943 3847 incurristis
964 3790 1106 3871 propter
1126 3778 1184 3849 illa
1213 3799 1283 3870 que
1309 3779 1534 3849 commisistis
1559 3790 1681 3850 contra
1708 3777 1868 3850 officinm

431 3872 671 3964 inquisitionis
693 3875 738 3946 de
762 3876 891 3967 quibus
912 3877 997 3946 estis
1016 3877 1166 3947 confessi
1193 3877 1228 3944 in
1251 3876 1384 3966 juditio
1403 3898 1520 3947 coram
1544 3877 1669 3960 uobis,
1690 3878 1720 3947 si
1749 3888 1869 3950 tamen

431 3970 476 4040 de
495 3972 602 4042 corde
621 3972 714 4043 bono
734 3983 769 4043 et
788 3972 858 4044 fide
879 3994 948 4043 nou
969 3972 1047 4044 ficta
1062 3974 1108 4044 ad
1127 3973 1282 4046 Ecclesie
1301 3975 1477 4044 redieritis
1498 3975 1667 4045 unitatem
1687 3986 1722 4045 et
1739 3975 1769 4046 si
1791 3976 1869 4069 ple·

434 4089 513 4138 narn
533 4080 569 4139 et
589 4090 718 4140 meram
739 4073 892 4142 confessi
906 4071 991 4142 estis
1011 4072 1056 4143 de
1075 4071 1178 4143 vohis
1198 4072 1297 4143 etde
1315 4072 1396 4142 aliis
1417 4072 1452 4141 in
1466 4072 1596 4162 juditio
1616 4075 1818 4145 veritatem.

480 4164 639 4236 Predicta
660 4165 745 4239 liant
760 4191 839 4239 cum
858 4168 1118 4262 sollempnitate
1135 4191 1205 4261 qua
1221 4168 1408 4240 consuevit
1424 4170 1459 4239 in
1479 4170 1622 4263 publico
1638 4171 1873 4241 sermoncin-

432 4263 661 4354 quisitorum,
682 4277 877 4338 convocato
906 4267 1037 4360 populo
1064 4267 1099 4336 in
1126 4267 1245 4359 aliqua
1276 4267 1335 4338 die
1360 4267 1546 4361 sollempni
1577 4268 1612 4336 in
1637 4269 1785 4339 ecclesia
1810 4268 1872 4340 vel

432 4361 539 4447 alibi,
560 4375 665 4455 prout
689 4365 893 4435 discretioni
918 4363 1136 4457 inquisitoris
1158 4365 1285 4436 melius
1309 4366 1426 4436 visum
1454 4367 1560 4436 luerit
1590 4366 1870 4457 disponendum.

432 4457 466 4528 Si
485 4471 602 4531 eutem
628 4483 674 4531 ex
697 4462 813 4554 aliqua
839 4483 945 4532 causa
965 4463 1161 4533 rationabili
1187 4463 1302 4534 visum
1323 4463 1428 4534 luerit
1453 4464 1647 4557 expediens
1667 4474 1768 4534 entra
1788 4486 1873 4536 ser·

434 4577 573 4629 monem
603 4560 849 4650 inquisitorum
870 4572 906 4630 et
932 4581 1001 4631 non
1026 4581 1144 4631 coram
1174 4561 1400 4631 multitudine
1418 4572 1611 4632 convocata
1640 4561 1779 4654 publice
1800 4560 1875 4635 hoc

435 4675 513 4726 esse
533 4656 754 4742 laciendum,
775 4655 836 4728 fiat
858 4670 973 4727 tamen
994 4679 1134 4752 semper
1153 4658 1188 4727 in
1214 4660 1391 4752 presentia
1417 4672 1452 4730 et
1477 4659 1679 4730 testimonio
1697 4659 1875 4751 spectabi-

436 4751 519 4822 lium
538 4775 766 4846 personarum
781 4756 826 4825 ad
842 4754 909 4826 hoc
922 4767 1194 4827 convocaturum
1211 4767 1246 4827 et
1260 4754 1346 4826 fiant
1359 4758 1444 4827 iude
1461 4756 1600 4850 publica
1615 4757 1872 4848 instrumenta,

435 4849 563 4941 quibus
583 4853 687 4923 etiam
707 4852 753 4922 ad
774 4851 878 4924 fidem
899 4854 1066 4945 majorem
1086 4855 1314 4925 astruendam
1335 4854 1572 4926 adhibeantur
1589 4854 1705 4947 sigilla
1724 4875 1873 4947 presen-

436 4945 523 5017 tium
545 4969 772 5040 personarum
794 4962 829 5021 et
851 4950 1099 5022 nichilominus
1120 4963 1213 5023 totus
1234 4973 1420 5045 processus
1441 4953 1616 5024 scribatur
1636 4953 1670 5021 in
1692 4952 1791 5024 libris
1816 4954 1873 5024 in·

435 5045 636 5135 quisitionis
664 5047 710 5117 ad
728 5047 900 5119 cautelam
920 5059 956 5119 et
983 5050 1186 5121 memoriam
1216 5050 1429 5122 futurorum.
1450 5048 1587 5133 Quibus
1607 5049 1673 5122 rite
1693 5051 1870 5142 peractis,
