4612 6404
436 657 508 724 ato
727 672 889 725 saturica
915 672 1156 738 innursrrrorus
1183 673 1346 727 aenerves
1370 674 1582 726 ruavrrarrs.

439 843 548 922 parte.
565 832 695 902 Debeo
713 829 863 900 babetur
886 831 920 899 in
941 830 1054 902 littera
1072 831 1265 902 Alexandri
1283 852 1372 924 pape
1387 831 1464 900 llll‘i
1482 844 1517 900 et
1535 831 1667 901 Urbani
1689 853 1781 926 pape
1797 835 1876 904 llll²i

436 930 629 999 consimilis
649 930 778 999 tenoris
800 927 1068 1020 inquisitoribus
1090 940 1158 999 tam
1176 929 1437 1000 predicatorum
1457 950 1563 1021 quam
1584 929 1760 1001 Minorum
1782 934 1878 1002 ordi-

438 1048 519 1095 num
540 1049 601 1119 per
619 1026 769 1095 Ytaliam
789 1026 1008 1112 constitutis;
1027 1028 1125 1106 item,
1148 1027 1182 1095 in
1203 1026 1316 1097 littera
1336 1026 1524 1097 Clementis
1545 1048 1633 1121 pape
1653 1029 1732 1097 llll‘i
1752 1033 1875 1100 consi-

438 1125 528 1194 milis
548 1124 679 1195 tenoris
698 1122 967 1216 inquisitoribus
999 1135 1066 1193 lam
1088 1124 1348 1194 predicatorum
1375 1145 1480 1217 quam
1506 1125 1681 1194 Minorem
1705 1127 1876 1198 ordinum

437 1223 470 1291 in
492 1221 691 1314 Burgundio
711 1233 747 1290 et
766 1220 990 1312 Lotboringia
1014 1247 1022 1289 :
1044 1221 1221 1292 Catholice
1239 1220 1320 1292 fidei
1344 1224 1529 1313 negocium
1551 1243 1656 1313 quam
1680 1224 1875 1317 plurimum

436 1320 564 1390 insidet
582 1320 677 1389 cordi
706 1328 825 1390 nostro
846 1319 879 1386 in
902 1320 1029 1390 vestris
1051 1323 1249 1413 prosperari
1271 1321 1431 1390 manibus
1450 1340 1491 1389 ac
1508 1321 1553 1389 de
1572 1321 1668 1392 bono
1687 1322 1723 1391 in
1747 1323 1876 1393 melios

434 1418 626 1509 procedere
654 1418 838 1509 cupientes
863 1438 903 1487 ac
932 1418 1092 1487 volentes
1118 1439 1224 1488 omne
1244 1418 1289 1487 ab
1315 1438 1358 1488 eo
1377 1418 1669 1511 impedimentum
1694 1441 1877 1514 omneque

434 1515 652 1585 obstaculum
678 1515 856 1600 amoveri,
879 1516 1094 1608 presentium
1119 1516 1223 1585 vobis
1245 1515 1453 1585 auctoritate
1473 1516 1683 1585 mandamus
1701 1518 1876 1609 quatinus

435 1613 468 1681 in
490 1615 614 1684 eodem
635 1613 781 1703 negocio
801 1613 846 1682 de
865 1613 989 1683 divino
1017 1627 1052 1682 et
1072 1613 1265 1706 apostolico
1285 1614 1406 1683 lavore
1426 1613 1570 1693 confisi,
1591 1616 1687 1683 omni
1715 1615 1877 1688 hnmano

435 1711 559 1788 timore
577 1712 752 1802 deposito,
771 1720 1022 1780 constanterac
1041 1711 1217 1804 intrepide
1228 1712 1476 1804 procedentes,
1488 1711 1874 1805 contraextirpandam

436 1808 623 1878 hereticam
649 1810 856 1901 pravitatem
877 1809 1067 1879 cumomni
1091 1809 1271 1899 vigilantia
1292 1811 1460 1900 omnique
1485 1809 1604 1878 studio
1630 1810 1814 1882 laboretis.
1834 1811 1877 1881 Et

431 1907 463 1976 si
483 1908 599 1977 forsan
619 1905 784 1996 magister
803 1918 838 1975 et
858 1905 1016 1976 minister
1034 1906 1230 1997 generalis,
1249 1907 1381 1998 aliique
1397 1907 1531 1999 priores
1546 1920 1581 1975 et
1603 1902 1644 2002 [l0
1661 1906 1730 1975 llb
1748 1903 1784 2005 b]
1811 1911 1877 1978 mi·

434 2004 532 2074 nistri
559 2003 810 2097 provinciales,
828 2025 869 2074 ac
888 2005 1054 2074 custodes
1073 2026 1137 2073 seu
1158 2004 1320 2094 gardiani
1340 2005 1539 2095 aliquorum
1560 2017 1758 2074 vestrorum
1781 2007 1879 2078 loco·

434 2125 511 2172 rum
527 2103 706 2179 ordinum,
727 2112 1203 2193 pretextuquorumcumque
1214 2101 1480 2194 privilegiorum
1496 2124 1557 2171 seu
1570 2102 1876 2193 indulgentiarum

436 2201 593 2289 ejusdem
611 2199 706 2269 sedis
724 2198 826 2268 dictis
849 2199 1034 2269 ordinibus
1055 2219 1302 2270 concessorum
1326 2210 1386 2270 aut
1408 2201 1714 2271 concedendnrum
1736 2203 1771 2271 iu
1800 2224 1880 2293 poe

435 2311 569 2381 terum,
593 2299 695 2367 vobis
714 2317 776 2366 seu
798 2309 954 2367 vestrum
972 2298 1097 2380 alicui,
1126 2318 1189 2366 seu
1215 2299 1392 2389 aliquibus
1417 2299 1655 2387 injunxerint,
1687 2320 1751 2368 seu
1780 2322 1877 2392 quo·

436 2416 506 2487 quo
526 2397 632 2466 inodo
653 2393 872 2487 preceperint
888 2408 924 2462 ot
943 2395 986 2463 ad
1009 2406 1146 2486 tempus
1164 2396 1216 2464 vel
1243 2397 1360 2487 quoad
1385 2408 1501 2465 certos
1522 2395 1688 2467 articulos
1708 2408 1879 2470 cartasve

436 2515 604 2586 personas
626 2493 773 2582 negocio
792 2492 1054 2584 supersedeatis
1074 2493 1232 2578 eisdem,
1258 2515 1321 2564 nos
1347 2494 1449 2564 vobis
1469 2494 1646 2564 universis
1666 2507 1701 2564 et
1719 2495 1880 2585 singulis

431 2593 638 2662 auctoritate
654 2589 846 2680 apostolica
866 2589 1059 2660 districtius
1080 2590 1281 2661 inhibemus
1303 2613 1346 2660 ne
1363 2592 1448 2684 ipsis
1466 2592 1612 2677 obedire
1633 2592 1667 2660 in
1690 2591 1755 2661 bac
1771 2606 1879 2685 parte

432 2691 487 2758 vel
511 2689 695 2759 intendere
714 2687 985 2778 quomodolibet
1005 2689 1227 2781 presumatis.
1253 2690 1322 2760 Nos
1348 2693 1441 2759 euim
1463 2689 1729 2782 privilegiasse
1752 2690 1877 2761 indul·

430 2791 568 2878 geritias
589 2786 790 2875 hujusmodi
813 2795 983 2876 quantum
1005 2787 1047 2854 ad
1069 2785 1162 2855 bunc
1182 2789 1367 2857 articulum
1391 2800 1514 2857 tenore
1534 2788 1748 2878 presentium
1771 2811 1880 2861 revo-

430 2898 564 2967 cantes
587 2904 710 2955 omues
729 2884 1109 2954 excommunicationis
1137 2885 1314 2954 interdicti
1335 2897 1371 2956 et
1386 2887 1629 2977 suspensionis
1649 2889 1876 2974 sententias,

431 2985 460 3052 si
482 2985 624 3073 quasin
648 3002 711 3051 vos
731 2982 786 3050 vel
808 2993 964 3050 vestrum
985 2981 1122 3073 aliquos
1143 2980 1208 3051 bac
1226 2985 1271 3051 de
1294 3004 1398 3053 causa
1421 2983 1505 3052 lcrri
1526 2983 1729 3072 contigerit,
1753 2983 1880 3057 irritas

432 3102 576 3172 prorsus
596 3079 819 3149 decernimus
845 3092 880 3149 et
899 3081 1034 3148 inanes.
1058 3080 1157 3164 Nam,
1180 3083 1211 3148 si
1231 3081 1387 3173 predicta
1408 3081 1512 3151 sedes
1530 3081 1704 3150 interdum
1727 3082 1879 3173 prelatis

430 3178 609 3270 aliquibus
630 3190 828 3247 vestrorum
849 3177 1012 3246 ordinum
1034 3199 1197 3269 persnas
1218 3177 1352 3249 litteras
1372 3178 1439 3246 sub
1457 3189 1552 3248 certa
1574 3179 1684 3246 forma
1706 3182 1878 3250 commit·

433 3288 482 3346 tat
498 3289 534 3344 ut
551 3276 595 3344 ad
612 3276 852 3345 exercendum
870 3275 1106 3365 inquisitionis
1125 3273 1279 3346 officium
1300 3287 1420 3347 contra
1442 3274 1634 3344 hereticam
1658 3278 1877 3367 pravitatem

432 3373 569 3466 aliquos
587 3394 730 3443 suorum
752 3374 918 3444 ordinum
938 3373 1061 3442 iratres
1080 3394 1262 3444 assumere
1286 3375 1427 3444 valeant
1444 3374 1632 3465 ipsosque,
1653 3396 1732 3442 crim
1755 3396 1877 3468 expe·

432 3473 510 3565 d'qe
531 3472 697 3555 viderint,
718 3492 888 3541 amovere
905 3491 946 3539 ac
965 3470 1052 3540 alios
1069 3471 1276 3562 subrogare,
1298 3484 1494 3542 nontamen
1513 3493 1574 3564 per
1594 3472 1659 3541 boc
1674 3472 1771 3562 quod
1785 3472 1880 3565 ipsis

433 3592 473 3640 ea
495 3572 679 3640 dumtaxat
694 3568 738 3638 de
757 3588 862 3638 causa
881 3569 915 3635 iu
934 3567 998 3636 bac
1017 3579 1116 3659 parte
1130 3571 1383 3654 committitur,
1401 3573 1483 3659 quia
1499 3570 1542 3638 de
1560 3570 1702 3638 lratrum
1722 3591 1879 3642 suorum

433 3669 597 3740 ordinum
622 3667 831 3760 ydoneitate
852 3664 1046 3757 pleniorem
1067 3665 1197 3736 babere
1217 3667 1375 3737 notitiam
1397 3679 1660 3759 presumuntur,
1680 3667 1798 3758 aliqua
1823 3673 1881 3741 eis

434 3787 540 3859 super
561 3764 766 3856 hujusmodi
798 3763 1036 3854 inquisitionis
1058 3765 1205 3854 negocio
1227 3765 1326 3835 vobis
1346 3766 1548 3834 immediate
1570 3786 1588 3832 a
1611 3765 1765 3856 predicta
1785 3769 1881 3840 sede

433 3864 622 3935 commisso
638 3876 672 3933 et
692 3861 946 3932 committendo
963 3861 1108 3930 facultas
1124 3862 1179 3931 vel
1195 3862 1394 3951 jurisdictio
1410 3863 1597 3932 atribuitur
1617 3857 1656 3957 [l0
1674 3861 1742 3930 llb
1755 3859 1789 3960 c]
1808 3886 1880 3936 seu

436 3973 602 4054 potestas.

483 4060 603 4150 Neque
634 4059 738 4129 etiarn
772 4058 1116 4127 excommunicando
1136 4058 1362 4148 inquisitores
1389 4058 1444 4127 vel
1466 4079 1586 4128 eorum
1616 4058 1771 4129 notarios
1792 4084 1880 4153 pre·

434 4158 491 4227 lati
528 4168 675 4249 possunt
710 4154 905 4248 impedire.
933 4155 1015 4246 quia
1040 4156 1297 4247 exemptisunt
1328 4176 1346 4224 a
1382 4166 1554 4248 potestate
1589 4156 1802 4249 prelatorum
1841 4173 1881 4230 et

427 4255 606 4344 judicum,
623 4256 713 4324 sicut
729 4265 823 4345 patet
840 4252 873 4320 in
891 4252 1003 4321 littera
1020 4251 1210 4322 Alexandri
1226 4274 1313 4345 pape
1326 4253 1681 4344 lllltinquisnoribns
1695 4257 1730 4322 in
1753 4276 1875 4346 reguo

434 4353 578 4421 Francic
615 4365 650 4421 et
672 4352 805 4421 Urbani
835 4372 924 4444 pape
946 4350 1020 4418 ΙΙΙΙῑί
1048 4351 1241 4420 consimilis
1266 4352 1396 4421 tenoris
1423 4352 1690 4442 inquisitoribus
1711 4353 1745 4419 io
1768 4353 1878 4425 Lom-

434 4450 556 4519 bardia
578 4475 584 4516 :
605 4449 653 4518 Ne
675 4450 916 4541 inquisitionis
932 4449 1115 4539 negocium
1132 4461 1251 4519 contra
1267 4449 1490 4542 dampnatum
1511 4449 1660 4518 heresim
1681 4450 1879 4541 prudentie

435 4563 551 4617 vestre
572 4550 797 4617 commissum
819 4558 853 4616 et
873 4547 907 4614 in
931 4562 1109 4639 posterum
1131 4546 1419 4616 committendum
1445 4547 1625 4640 impediri,
1646 4550 1740 4638 quod
1762 4549 1875 4636 absit,

435 4666 496 4737 per
516 4645 714 4736 aliquorum
735 4645 904 4714 astuciam
934 4646 991 4714 vel
1023 4645 1192 4714 retardari
1213 4644 1412 4735 contingat,
1442 4645 1543 4714 vobis
1562 4646 1771 4715 auctoritate
1793 4670 1878 4738 pre-

432 4744 585 4812 sentium
610 4743 837 4833 indulgemus
860 4753 899 4810 ut
919 4742 1037 4812 nullus
1056 4743 1151 4812 sedis
1170 4744 1360 4835 apostolice
1382 4742 1563 4833 delegatus
1587 4743 1639 4811 vel
1659 4742 1877 4836 subdelega-

435 4851 490 4910 tus
509 4842 554 4908 ab
569 4862 631 4922 co,
654 4851 884 4911 conservator
901 4850 962 4910 aot
982 4840 1087 4908 etiam
1113 4852 1320 4910 executura
1345 4841 1430 4910 sede
1450 4840 1638 4931 deputatus
1658 4844 1782 4910 eadem
1803 4864 1874 4914 seu

435 4939 539 5006 etiam
560 4938 804 5030 deputandus,
828 4938 861 5005 in
884 4959 947 5007 vos
970 4948 1006 5007 et
1025 4937 1180 5007 notarios
1200 4938 1278 5007 sive
1300 4937 1488 5030 scriptores
1517 4950 1654 5007 vestros
1674 4939 1874 5030 superbiis

436 5031 585 5104 fideliter
611 5036 864 5126 obsequentes,
891 5034 1060 5125 quamdiu
1086 5034 1121 5102 in
1150 5036 1395 5126 prosecutione
1426 5033 1629 5125 hujusmodi
1661 5057 1724 5105 vos
1744 5048 1781 5106 et
1800 5039 1871 5129 ipsi
