4612 6404
840 647 967 714 ouium
992 647 1089 700 rans.
1611 633 1681 702 547

249 814 282 880 et
299 805 422 878 modus
441 805 716 878 commendandi
732 812 764 875 el
782 805 1001 897 inducendi).
1017 806 1115 891 Item,
1139 805 1229 875 dixit
1248 816 1283 875 et
1302 807 1485 876 contessus
1508 807 1572 877 luit
1586 809 1683 898 quod

249 916 328 1001 post
346 905 517 998 predicta,
537 904 596 973 tali
619 915 789 996 tempore,
810 903 845 972 in
866 904 925 974 tali
944 904 1027 973 villa
1047 914 1082 973 et
1101 903 1136 971 in
1158 904 1217 971 tali
1237 904 1327 988 loco,
1347 905 1421 996 ipse
1441 905 1502 996 qui
1524 905 1682 997 loquitur

249 1003 314 1074 luit
334 1004 446 1073 lactus
465 1002 511 1073 de
528 1001 620 1071 dicta
639 1012 732 1072 secta
751 1023 814 1072 seu
836 1002 960 1072 ordine
978 1012 1012 1072 et
1028 1010 1188 1093 receptus
1203 1001 1248 1070 ad
1268 1022 1344 1070 eam
1361 1022 1424 1094 per
1442 1002 1545 1072 talem
1562 1003 1605 1073 N.
1622 1005 1682 1095 qui

249 1112 324 1173 erat
343 1100 495 1170 dedicta
513 1110 609 1170 secta
630 1098 754 1170 sende
773 1100 913 1184 ordine,
933 1122 995 1192 per
1012 1099 1114 1169 talem
1138 1099 1295 1183 modum,
1314 1099 1535 1191 presentibus
1556 1101 1684 1171 talibus

250 1197 524 1294 (conprimuntur
543 1194 715 1292 mapuln);
736 1208 770 1267 et
797 1218 842 1267 ex
868 1207 949 1267 tunc
976 1200 1053 1290 ipse
1077 1197 1136 1288 qui
1161 1196 1314 1287 loquitur
1339 1198 1451 1266 tenuit
1474 1209 1509 1266 et
1528 1201 1684 1268 servavit

249 1297 377 1366 dictam
397 1305 526 1365 sectam
548 1316 611 1364 seu
634 1291 675 1391 [l⁰
696 1290 778 1392 lat]
801 1295 975 1384 ordinem,
996 1294 1170 1388 portando
1188 1294 1290 1364 talem
1311 1294 1468 1363 habitum
1489 1292 1682 1388 (describa-

248 1394 323 1484 ίαν)
343 1406 378 1462 et
407 1393 564 1462 vivendo
588 1393 782 1462 secundum
813 1393 955 1463 modum
983 1404 1017 1461 et
1043 1395 1148 1461 ritum
1178 1391 1263 1461 dicti
1290 1392 1445 1479 ordinis,
1472 1393 1592 1463 eundo
1618 1415 1681 1464 seu

248 1490 479 1561 discurrendo
498 1491 543 1560 de
562 1490 645 1559 villa
665 1490 710 1560 ad
731 1490 864 1572 villam,
888 1489 1135 1575 mendicando,
1154 1501 1188 1560 et
1207 1490 1372 1575 dicendo,
1394 1501 1429 1559 et
1447 1491 1627 1574 faciendo,
1647 1503 1682 1561 et

249 1588 409 1658 docendo
427 1609 470 1657 co
490 1588 595 1657 modo
614 1611 685 1680 qno
704 1588 764 1658 alii
782 1588 874 1658 dicte
892 1599 987 1658 secte
1007 1588 1148 1674 dIcunt,
1171 1588 1302 1657 faciunt
1321 1599 1356 1657 ct
1375 1588 1517 1673 docent,
1541 1600 1575 1657 et
1597 1608 1682 1659 con·

247 1686 424 1757 versando
442 1706 521 1756 cum
541 1686 674 1755 eIsdem
695 1687 788 1756 sicut
810 1708 900 1756 unus
920 1707 966 1755 ex
983 1685 1048 1754 eis.
1070 1686 1308 1777 Interrogatus
1329 1685 1374 1755 do
1397 1685 1483 1756 Iocis
1500 1707 1562 1755 seu
1586 1685 1680 1755 viIIIs

249 1784 283 1854 in
303 1783 434 1876 quibus
454 1784 517 1852 luit
539 1806 584 1852 ex
607 1797 688 1853 tunc
707 1784 823 1853 taliter
844 1794 1095 1869 conversatus,
1118 1784 1298 1876 respondit
1321 1784 1415 1874 quod
1440 1784 1475 1852 in
1500 1782 1559 1853 tali
1585 1795 1621 1853 et
1646 1783 1680 1852 in

250 1880 307 1950 tali
327 1878 630 1974 (reprimantur).
653 1881 889 1973 Interrogatus
908 1902 987 1950 cum
1011 1881 1139 1972 quibus
1159 1882 1263 1952 sociis
1282 1881 1326 1950 de
1350 1880 1441 1951 dicta
1466 1892 1581 1965 secta,
1605 1902 1678 1951 res·

249 1978 371 2071 pondit
387 1979 481 2071 quod
500 2001 579 2048 cum
597 1979 724 2048 talibus
741 1992 776 2049 et
793 1979 922 2048 talibus
933 1975 1237 2072 (exprimantur).
1249 1980 1487 2069 Interrogatus
1499 1979 1528 2049 si
1545 1979 1682 2070 aliquos

249 2077 388 2147 induxit
401 2099 464 2147 seu
476 2077 620 2146 attraxit
631 2075 812 2147 addictam
828 2088 957 2146 sectam
969 2098 1031 2146 seu
1044 2078 1218 2161 ordinem,
1231 2075 1411 2167 respondit
1421 2077 1517 2167 quod
1527 2076 1579 2146 sic
1591 2077 1679 2147 tales

249 2187 283 2244 et
302 2175 401 2255 tales,
414 2174 471 2243 tali
494 2186 663 2266 tempore,
682 2175 717 2242 in
740 2174 798 2244 tali
819 2175 915 2262 villa,
932 2196 994 2267 per
1015 2175 1117 2244 talem
1136 2176 1292 2257 modum,
1309 2174 1532 2266 presentibus
1553 2174 1682 2244 talibus

249 2269 523 2366 (cmprimanlur
539 2271 710 2364 sr'upula).
729 2272 967 2363 Interrogatus
985 2272 1286 2356 decredentibus,
1303 2283 1338 2341 et
1357 2272 1491 2357 amicis,
1510 2284 1545 2341 et
1561 2292 1682 2364 recep·

248 2371 421 2440 tatoribus
443 2371 597 2463 ipsorum
621 2370 681 2461 qui
702 2369 861 2440 sciebant
886 2371 999 2461 ipsum
1020 2372 1082 2462 qui
1101 2369 1255 2462 loquitur
1273 2380 1307 2439 et
1325 2368 1412 2440 alios
1432 2391 1510 2440 esse
1536 2371 1623 2440 tales
1648 2381 1684 2440 et

248 2467 518 2538 consentiebant
547 2468 580 2536 in
608 2470 699 2537 Iacto
728 2469 907 2563 ipsorum,
927 2468 1107 2560 respondit
1129 2468 1223 2559 quod
1250 2468 1284 2536 in
1311 2466 1369 2536 l'ali
1394 2467 1476 2537 villa
1500 2477 1583 2537 sunt
1606 2488 1682 2536 cre·

249 2565 392 2651 dentes,
411 2577 646 2659 receptatores
672 2576 706 2635 et
734 2567 994 2637 consentientes
1013 2568 1049 2635 iu
1078 2567 1168 2636 lacto
1188 2565 1343 2658 ipsorum
1365 2564 1451 2635 tales
1470 2575 1505 2634 et
1525 2565 1629 2650 tales,
1648 2576 1684 2635 et

248 2661 281 2731 in
305 2663 366 2732 tali
387 2663 468 2732 villa
493 2676 575 2733 sunt
596 2664 681 2733 tales
702 2674 738 2733 et
757 2664 844 2734 tales
863 2661 1135 2756 (exprimantur
1157 2662 1298 2754 stapulo
1320 2667 1354 2732 et
1377 2661 1452 2733 loca
1478 2668 1510 2732 et
1537 2661 1685 2733 nomina

242 2763 512 2852 personarum).
536 2762 772 2851 Interrogatus
796 2762 976 2852 quomodo
1001 2764 1077 2854 ipse
1101 2760 1166 2829 scit
1189 2761 1284 2852 quod
1311 2772 1430 2830 essent
1445 2759 1630 2830 credentes
1648 2772 1684 2831 et

247 2859 510 2929 consentientes
530 2860 564 2927 in
587 2860 677 2929 lacto
697 2859 874 2950 ipsorum,
897 2859 1078 2950 respondit
1097 2858 1191 2949 quod
1217 2858 1292 2951 ipse
1318 2856 1375 2928 vel
1401 2857 1487 2928 tales
1512 2858 1599 2927 socii
1627 2859 1683 2927 sui

249 2955 326 3046 ipso
346 2967 510 3048 presente
532 2967 774 3049 exposuerunt
799 2957 851 3026 eis
876 2958 1003 3026 lactum
1033 2956 1211 3049 ipsorum,
1231 2969 1266 3026 et
1291 2955 1356 3048 ipsi
1383 2955 1597 3025 videbantur
1620 2976 1681 3048 ap·

247 3052 398 3144 probare
417 3066 454 3124 et
472 3057 523 3124 eis
545 3054 757 3124 videbantur
777 3056 933 3146 placere,
956 3066 991 3124 et
1010 3054 1224 3124 audiverunt
1246 3054 1377 3139 verba,
1401 3064 1435 3123 et
1456 3052 1681 3140 monitiones,

246 3160 281 3219 et
300 3153 540 3221 exortationes
561 3151 671 3243 ipsius
690 3154 752 3242 qui
777 3152 932 3244 loquitur
950 3162 985 3222 et
1004 3151 1178 3222 socIorum
1203 3173 1347 3221 suorum
1371 3151 1502 3230 semel,
1525 3150 1580 3220 vel
1607 3152 1683 3243 plu·

245 3247 337 3332 ries,
360 3249 394 3317 in
422 3261 558 3319 secreto
583 3270 661 3318 cum
689 3249 767 3318 aliis
793 3250 972 3342 personIs,
994 3249 1219 3319 credentibus
1246 3259 1281 3320 et
1305 3249 1626 3335 consentientibus,
1649 3260 1685 3318 et

244 3343 460 3415 videbamur
486 3347 537 3416 eis
564 3345 701 3438 placere
721 3358 756 3415 et
776 3346 1044 3417 benelaciebaut
1064 3348 1115 3416 cis
1135 3358 1170 3416 et
1192 3347 1407 3439 recipiebant
1427 3367 1488 3416 eos
1508 3349 1543 3413 in
1564 3345 1683 3437 hospi·

245 3441 309 3511 ciis
335 3444 410 3513 suis
438 3439 478 3539 pp
505 3443 572 3511 l87
597 3439 629 3542 c]
657 3443 929 3536 (conprimuntur
953 3443 1125 3539 singula).
1146 3445 1383 3535 Interrogatus
1408 3443 1452 3513 de
1477 3442 1581 3512 sociis
1609 3443 1683 3513 suis

247 3540 306 3630 qui
334 3552 416 3611 sunt
445 3542 608 3611 sImiliter
637 3553 795 3611 tenentes
824 3553 859 3611 et
884 3553 1068 3612 servantes
1097 3542 1224 3611 dictam
1252 3553 1380 3611 sectam
1410 3562 1472 3609 seu
1498 3539 1680 3625 ordinem,

246 3658 336 3728 quos
353 3639 428 3731 ipse
449 3640 538 3708 vidit
558 3651 592 3709 et
611 3660 690 3708 cum
709 3640 838 3731 quibus
859 3641 937 3724 luit,
958 3638 1141 3731 respondit
1160 3638 1253 3730 quod
1276 3639 1362 3708 tales
1382 3650 1417 3706 et
1437 3637 1522 3707 tales
1539 3634 1682 3730 (ampri-

245 3742 394 3805 martur
417 3738 563 3806 nominc
586 3736 744 3806 omnium
768 3736 978 3829 singillatim
1000 3746 1033 3804 et
1055 3736 1148 3805 unde
1168 3742 1251 3805 suut
1275 3732 1625 3828 retrocesserunt)
1648 3745 1684 3804 et

247 3832 423 3923 predIctos
448 3835 538 3904 uidit
562 3845 744 3904 servantes
767 3845 803 3904 et
828 3846 987 3905 tenentes
1012 3835 1140 3903 dictam
1165 3846 1295 3902 sectam
1320 3844 1355 3903 et
1374 3833 1532 3903 ordinem
1554 3845 1589 3902 et
1609 3852 1682 3902 mo-

246 3927 383 4000 dumet
405 3932 508 4001 ritum
530 3933 640 4024 ipsIus
660 3932 695 4000 in
716 3932 962 4003 conversando
987 3942 1021 4001 et
1046 3931 1261 4023 predicando
1283 3931 1469 4023 sicutipse
1494 3929 1609 4000 etalii
1630 3932 1679 3999 la·

246 4025 385 4098 ciebant
405 4029 651 4121 (declarentur
669 4029 732 4099 illc
751 4029 934 4122 quocirca
956 4029 1017 4099 hec
1039 4035 1073 4098 et
1096 4029 1146 4098 ad
1172 4027 1234 4099 bec
1255 4027 1509 4123 pertinebant).
1531 4028 1681 4098 Interro-

246 4135 347 4214 gatus
370 4129 399 4196 si
423 4127 473 4195 illi
497 4131 663 4219 quisunt
687 4126 731 4197 de
756 4128 851 4199 dicto
876 4129 1000 4198 ordine
1027 4129 1235 4219 promittunt
1260 4128 1411 4217 aliquam
1439 4125 1678 4195 obedientiam

245 4221 368 4310 alloni,
398 4226 580 4318 respoudit
609 4224 856 4318 (exprimatur
887 4226 928 4294 id
959 4224 1051 4319 quod
1081 4224 1289 4316 respondit).
1324 4223 1560 4312 Interrogatus
1593 4223 1679 4313 quid

246 4323 452 4409 promittuut
473 4323 529 4392 vel
550 4322 593 4391 ad
614 4324 699 4414 quid
719 4344 758 4392 se
776 4324 933 4415 obIIgant
954 4324 1003 4392 illi
1023 4324 1083 4414 qui
1104 4323 1149 4391 ad
1170 4323 1300 4391 dictum
1321 4320 1481 4390 ordinem
1501 4320 1678 4411 rccipiun-

246 4425 316 4503 tnr,
335 4421 516 4512 respondit
534 4422 628 4513 quod
651 4422 730 4490 talia
752 4431 788 4490 et
806 4421 886 4490 talia
905 4418 1181 4515 (exprimatur).
1196 4419 1432 4510 Interrogatus
1451 4418 1480 4488 si
1500 4417 1603 4486 scivit
1622 4417 1678 4486 vel

245 4515 383 4586 audivit
402 4519 469 4586 dici
492 4519 546 4588 vel
564 4518 714 4587 credidit
734 4519 829 4608 quod
850 4519 965 4588 dictus
984 4519 1072 4588 ordo
1093 4517 1195 4586 luerit
1215 4539 1277 4608 per
1290 4514 1678 4587 RomanamEcclesiam

245 4616 479 4706 approbatus,
503 4616 684 4707 respondit
702 4616 798 4706 quod
820 4637 902 4685 non.
925 4617 1162 4706 Interrogatus
1181 4613 1210 4682 si
1236 4635 1388 4706 unquam
1409 4612 1546 4683 audiuit
1566 4612 1635 4681 dici
1658 4633 1677 4682 a

244 4711 348 4781 sociis
369 4714 443 4782 suis
464 4712 520 4783 vel
540 4714 585 4782 ab
603 4713 780 4803 aliquibus
804 4713 902 4798 aliis,
926 4713 982 4783 vel
999 4714 1085 4782 alias
1106 4715 1180 4805 ipse
1200 4713 1304 4781 scivit
1323 4711 1417 4803 quod
1436 4709 1589 4780 Ecclesia
1612 4710 1678 4780 Ro-

244 4827 344 4879 mana
375 4811 466 4880 sicut
491 4811 615 4903 prelati
643 4822 678 4880 et
709 4810 935 4902 inquisitores
961 4810 1193 4880 hereticorum
1219 4817 1516 4902 persequerentur
1540 4808 1674 4878 dictum

243 4905 401 4977 ordinem
423 4921 457 4977 et
477 4908 554 4978 illos
574 4908 633 4999 qui
656 4918 776 4977 tenent
795 4908 929 4999 ipsum,
951 4906 1131 4999 respondit
1150 4906 1245 4997 quod
1270 4905 1335 4975 boc
1353 4905 1490 4974 audivit
1510 4916 1545 4975 et
1570 4905 1677 4975 scivit

244 5012 278 5070 et
298 5003 344 5073 ita
362 5006 527 5076 credebat
546 5017 580 5075 et
602 5005 753 5075 tenebat.
775 5006 1010 5096 Interrogatus
1028 5003 1057 5073 si
1078 5023 1231 5094 unquam
1250 5002 1354 5072 scivit
1373 5002 1430 5073 vel
1452 5003 1591 5074 audivit
1608 5004 1675 5073 dici
