4612 6404
461 643 534 712 220
752 657 915 710 ammon
941 657 1183 723 uocrsrriosrs
1208 660 1375 714 anunm
1399 661 1613 714 rmrrrnrrs.

459 827 688 897 censeantur,
705 815 920 907 ubicumque
932 818 1192 909 perimperium
1204 818 1386 911 dampnati
1399 819 1581 889 luetiutah
1590 818 1789 890 Mastia
1799 840 1908 890 secu·

461 916 527 986 lari
531 916 663 1005 juditio
673 913 1176 1004 assignati,auimadrersioue
1195 916 1315 986 dehita
1327 917 1576 1009 puniantur3si
1587 917 1808 1008 quiverode
1821 939 1908 1010 pre-

461 1014 580 1097 dictis,
596 1025 781 1105 postquam
798 1012 929 1080 luerint
946 1011 1174 1104 deprehensi,
1198 1015 1309 1083 territi
1329 1027 1424 1084 metu
1445 1011 1488 1108 [l’
1504 1012 1568 1082 tit
1588 1014 1626 1182 lp}
1645 1017 1769 1085 mortis
1783 1016 1909 1086 redire

461 1113 642 1184 volueriut
655 1112 701 1178 ad
721 1107 804 1178 hdei
827 1110 996 1178 unitatem
1012 1112 1117 1199 juxta
1135 1113 1323 1181 canonicas
1340 1112 1556 1195 sanctiones,
1576 1133 1597 1182 a
1641 1114 1820 1202 agendum
1842 1134 1909 1205 pe·

462 1211 914 1299 nitentiamiuperpetuum
926 1228 1104 1277 carcerem
1114 1210 1363 1279 detrudantur.
1383 1210 1543 1290 —ltem,
1559 1211 1594 1279 in
1613 1210 1765 1280 concilio
1773 1209 1908 1281 Tholo-

460 1329 550 1378 sauo
569 1307 705 1376 domiui
720 1305 882 1384 Romani,
901 1306 1094 1397 apostolice
1107 1307 1205 1376 sedis
1219 1307 1346 1397 legati:
1364 1305 1464 1378 Licet
1476 1332 1501 1377 n
1516 1308 1679 1378 diuersis.
1695 1305 1750 1377 Ει
1767 1308 1878 1401 infru
1892 1334 1906 1376 .·

460 1406 613 1475 lleretici
635 1417 754 1472 autem
773 1403 835 1495 qui
857 1405 983 1472 timore
1008 1407 1131 1474 mortis
1157 1404 1213 1474 vel
1232 1426 1456 1497 quacumque
1477 1408 1684 1497 occasione,
1705 1406 1907 1478 dummodo

460 1525 549 1575 vero
569 1503 738 1572 redierint
756 1513 884 1591 sponte
901 1502 946 1570 ad
961 1503 1169 1572 catholicam
1191 1504 1379 1585 unitatem,
1399 1504 1445 1571 ad
1463 1504 1640 1593 agendum
1664 1505 1904 1594 penitentiam

462 1623 525 1694 per
538 1603 743 1694 episcopum
761 1600 826 1669 loci
847 1601 882 1668 in
903 1621 1004 1669 muro
1016 1621 1096 1668 cnm
1114 1600 1174 1669 tali
1189 1601 1413 1670 includantur
1426 1603 1563 1670 cautela
1578 1600 1674 1693 quod
1693 1602 1905 1673 facultatem

462 1723 532 1770 non
554 1700 709 1768 habeant
724 1698 814 1767 alios
829 1700 1093 1789 corrumpendi.
1114 1698 1313 1768 Notandum
1334 1711 1452 1768 antem
1472 1713 1528 1769 est
1544 1703 1591 1767 ad
1610 1699 1785 1768 cautelam
1804 1701 1907 1793 quod

462 1822 525 1892 per
551 1797 808 1888 experientiam
831 1799 953 1886 sepius
971 1808 1025 1865 est
1052 1797 1237 1888 probatum
1260 1796 1357 1888 qnod
1381 1798 1576 1867 conversio
1602 1797 1838 1867 hereticorum
1859 1799 1908 1869 de

461 1911 557 1968 secta
579 1895 841 1964 hlanicheorum
860 1896 990 1964 oertior
1008 1906 1061 1964 est
1080 1907 1115 1964 et
1134 1896 1338 1964 contriciter
1352 1907 1413 1964 aut
1440 1896 1611 1964 veraciter
1629 1908 1905 1981 convertuntur,

461 2007 522 2066 aut
543 2015 607 2087 pro
630 1993 719 2076 lide,
748 2015 811 2062 seu
840 1993 951 2081 magis
977 1990 1122 2084 perfidia
1151 2014 1237 2075 sua,
1267 1994 1354 2062 mori
1385 1997 1509 2085 pocius
1535 1993 1671 2083 eligunt
1690 2012 1797 2083 quam
1815 2002 1910 2064 onu-

465 2094 569 2163 verti.
591 2091 832 2162 llereticorum
858 2103 977 2158 autem
1002 2092 1048 2158 de
1069 2103 1166 2159 secta
1185 2090 1411 2159 l'aldensium
1438 2112 1501 2159 seu
1526 2090 1722 2182 Pauperom
1740 2090 1788 2161 de
1811 2091 1910 2184 Lug·

461 2192 561 2262 duno
579 2193 768 2259 conversio
796 2190 944 2256 multum
972 2189 1080 2256 dubia
1104 2199 1157 2257 est
1183 2201 1219 2256 et
1244 2202 1431 2279 suspecta,
1457 2201 1493 2257 et
1520 2189 1720 2280 lrequeuter
1737 2186 1821 2260 hcte
1850 2211 1911 2260 re·

461 2291 588 2370 deuot,
618 2301 654 2357 ot
682 2288 837 2357 evadant
866 2307 990 2355 manus
1009 2286 1256 2377 inquisiturum
1272 2298 1308 2355 et
1326 2287 1371 2355 ad
1391 2287 1563 2356 vomitum
1587 2299 1840 2374 revertantur3
1870 2300 1912 2358 et

464 2390 545 2458 ideo
568 2387 732 2457 sollerter
757 2397 793 2454 et
818 2397 922 2454 caute
941 2384 1199 2476 providendum
1219 2395 1273 2454 est
1297 2406 1340 2452 oe
1362 2382 1442 2454 licta
1467 2387 1700 2454 conversione
1722 2384 1912 2477 decipiant

463 2485 618 2556 Ecclesia
630 2484 819 2574 juditium,
841 2494 903 2552 aut
928 2483 1050 2574 pocius
1067 2483 1289 2573 semetipsos.

512 2586 547 2673 c)
565 2582 663 2653 Circa
687 2579 863 2650 hereticos
888 2592 1006 2649 autem
1034 2579 1271 2650 recidivaotes
1298 2591 1358 2648 aut
1378 2578 1591 2663 relabentes,
1611 2580 1912 2670 distinguendum

463 2695 517 2753 est
539 2707 546 2747 :
568 2694 629 2749 aut
648 2679 816 2748 dicuntur
836 2678 1033 2748 recidivare
1053 2678 1214 2770 proprie,
1235 2678 1400 2747 videlicet
1420 2678 1455 2746 in
1476 2679 1659 2769 pristinum
1681 2679 1815 2748 crimen
1841 2678 1912 2750 he·

465 2781 553 2851 rosis
573 2779 732 2869 ejusdem
758 2799 822 2846 seu
842 2777 988 2846 alterius
1006 2777 1137 2867 speciei
1160 2788 1220 2844 aut
1240 2788 1336 2844 secte
1355 2776 1572 2847 relabendo.
1596 2798 1660 2844 seu
1682 2776 1793 2854 alias,
1824 2790 1914 2869 post

463 2879 698 2968 abjuratama
718 2898 758 2945 se
778 2875 953 2945 heresim.
973 2874 1148 2944 hereticos
1166 2874 1399 2953 associando,
1421 2874 1652 2949 deducendo,
1674 2895 1738 2942 seu
1754 2895 1914 2947 munera

464 2977 602 3055 dando,
630 2987 691 3043 aut
720 2973 909 3052 mittendo,
939 2985 1001 3044 aut
1035 2975 1192 3043 lavorem
1223 2972 1284 3062 qui
1309 2973 1470 3041 excusari
1498 2992 1568 3040 uon
1600 2973 1708 3064 possit
1735 2970 1913 3046 hereticis

465 3072 724 3165 impendendo:
746 3084 807 3139 aut
826 3070 994 3141 dicuntur
1013 3071 1209 3141 recidivare
1230 3071 1434 3161 improprie,
1453 3070 1619 3139 videlicet
1633 3083 1709 3160 post
1724 3071 1915 3157 jurameu-

466 3185 538 3240 tum
559 3171 604 3240 de
625 3171 728 3263 plena
746 3170 896 3239 veritate
914 3169 1066 3239 dicenda
1085 3169 1294 3260 prestitum,
1313 3167 1463 3237 celando
1482 3162 1525 3263 [ι’
1543 3166 1604 3235 tit
1626 3163 1659 3264 c]
1679 3179 1738 3236 aut
1758 3172 1913 3260 suppri-

465 3269 595 3338 mendo
618 3272 772 3337 scienter
790 3268 836 3336 de
859 3290 899 3336 se
917 3280 952 3337 et
979 3269 1026 3337 de
1044 3266 1124 3335 aliis
1151 3268 1186 3335 in
1205 3264 1336 3356 juditio
1354 3265 1563 3348 veritatem,
1592 3278 1652 3335 aut
1672 3265 1913 3358 penitentiam

463 3367 532 3437 sihi
559 3369 751 3457 injunctam
781 3367 870 3434 muri
900 3366 954 3435 vel
981 3366 1152 3447 carceris,
1179 3364 1237 3433 vel
1267 3365 1431 3433 mandata
1454 3365 1522 3432 sihi
1546 3364 1705 3455 imposita
1731 3384 1802 3432 uon
1830 3385 1915 3436 ser·

465 3466 597 3548 vando,
619 3477 672 3533 set
693 3463 863 3534 violando
881 3477 917 3532 et
938 3463 1245 3554 transgrediendo.
1265 3460 1362 3530 Circa
1384 3459 1581 3531 relabentes
1596 3463 1712 3552 itaque
1730 3472 1793 3530 aut
1814 3468 1915 3534 reci·

464 3564 629 3632 divautes
666 3565 807 3655 proprie
842 3562 876 3628 iu
914 3563 1100 3652 pristinum
1133 3561 1267 3630 crimen
1307 3560 1461 3643 heresis,
1494 3572 1555 3629 aut
1593 3572 1669 3651 post
1705 3558 1913 3647 abjuratam

466 3661 618 3730 heresim
640 3662 675 3727 iu
689 3660 834 3747 juditio,
856 3672 916 3725 aut
937 3670 1015 3748 post
1037 3659 1281 3748 purgationem
1299 3660 1424 3726 laetam
1445 3657 1598 3727 latendo
1617 3657 1780 3726 hereticis
1800 3657 1914 3730 inex·

465 3758 669 3828 cusahiliter
684 3776 829 3844 quoquo
849 3755 967 3838 mod0,
991 3756 1068 3823 talis
1084 3756 1174 3825 ordo
1193 3755 1392 3826 servandus
1413 3768 1466 3825 nst
1486 3756 1596 3847 quod,
1615 3768 1798 3846 postquam
1817 3754 1914 3849 legi·

468 3858 551 3924 time
562 3853 759 3923 constiterit
775 3853 820 3918 de
838 3853 1005 3941 predictis
1019 3853 1159 3921 taudem
1174 3866 1338 3944 presente
1355 3866 1526 3946 potestate
1539 3853 1703 3935 seculari,
1715 3853 1913 3942 judicandi

465 3965 547 4022 suut
569 3950 695 4040 relapsi
718 3949 752 4015 in
775 3946 946 4028 heresim,
967 3960 1003 4017 et
1024 3962 1189 4039 tauquam
1212 3951 1299 4019 tales
1316 3953 1452 4042 absque
1472 3951 1541 4019 ulla
1562 3953 1701 4044 penitus
1718 3951 1912 4025 audientia

467 4047 689 4137 relinquendi
709 4055 791 4112 suut
812 4043 957 4113 brachio
975 4057 1010 4113 et
1026 4046 1155 4133 juditio
1174 4047 1338 4116 seculari.
1361 4049 1411 4118 De
1433 4049 1498 4119 hoc
1517 4062 1663 4118 cavetur
1682 4049 1717 4115 iu
1737 4049 1815 4140 lege
1839 4054 1911 4121 im·

468 4145 590 4238 periali
610 4140 789 4231 quondam
808 4139 982 4208 Frederici
1004 4169 1012 4207 ;
1037 4140 1227 4212 Commissi
1241 4143 1350 4216 nobis.
1366 4146 1418 4215 Et
1428 4147 1530 4239 infru
1547 4174 1559 4214 :
1576 4146 1675 4230 ltem,
1687 4147 1808 4215 mortis
1822 4168 1911 4219 sen·

469 4242 578 4310 tentio
604 4240 766 4306 ducimus
788 4235 994 4306 adiciendos
1021 4240 1163 4329 siquos
1188 4241 1421 4313 hereticorum
1446 4245 1493 4314 ad
1513 4246 1679 4334 juditium
1705 4255 1836 4315 tractos
1869 4251 1909 4317 in

466 4351 627 4408 extremo
646 4334 719 4401 vite
738 4332 894 4424 periculo
911 4333 1063 4404 heresim
1079 4337 1281 4427 abjurantes
1296 4343 1519 4431 postmodum
1535 4343 1580 4412 de
1598 4343 1685 4412 lalso
1699 4344 1909 4432 juramento

465 4433 662 4504 constiterit
682 4443 717 4498 et
731 4428 801 4499 fide
818 4433 964 4500 mentita
979 4434 1142 4505 convinci
1160 4456 1201 4505 ac
1215 4458 1278 4506 eos
1293 4441 1479 4528 contigerit
1494 4440 1651 4530 ejusdem
1669 4439 1781 4511 morbi
1796 4463 1908 4532 spou-

467 4546 605 4601 taueam
628 4528 806 4597 incurrere
827 4530 1040 4618 recidivam,
1064 4546 1101 4610 υι
1125 4534 1193 4603 sihi
1214 4535 1475 4629 dampnabilius
1496 4539 1664 4630 iniquitas
1688 4538 1732 4607 sit
1754 4542 1905 4610 mentita

466 4642 500 4699 et
512 4645 636 4720 penam
652 4625 806 4694 debitam
822 4621 994 4728 [propter]
1011 4633 1231 4702 mendacium
1255 4656 1323 4704 oon
1337 4637 1479 4705 evadat.
1492 4677 1541 4687 —
1553 4637 1650 4715 ltem,
1674 4639 1708 4704 iu
1719 4637 1905 4706 consulta·

468 4723 622 4796 tionibus
643 4721 834 4794 Alexandri
853 4747 942 4819 pape
959 4727 1034 4797 llllli
1051 4755 1060 4797 ε
1077 4728 1180 4806 Quod
1194 4753 1303 4824 super
1321 4733 1512 4804 nonnrtllis.
1536 4732 1588 4802 Ει
1608 4735 1709 4828 infru
1730 4758 1742 4800 .·
1763 4732 1904 4805 Primus

467 4824 574 4915 igitur
598 4822 866 4894 consultationis
889 4840 1008 4896 vestre
1034 4828 1202 4898 articulus
1227 4831 1429 4901 continebat
1455 4844 1569 4901 utrum
1595 4833 1663 4901 dici
1692 4831 1819 4901 debeat
1844 4854 1900 4902 re-

467 4924 586 5014 lapsus
605 4919 639 4988 iu
661 4919 813 4992 heresim
828 4924 891 5014 qui
911 4923 1029 5016 lapsus
1047 4938 1101 4995 est
1121 4929 1157 4994 iu
1177 4947 1254 4997 eam
1271 4940 1350 5020 post
1367 4929 1624 5019 abjurationem
1645 4929 1756 5022 ipsius
1774 4930 1809 4997 iu
1827 4951 1903 5022 qua

467 5041 537 5092 uon
557 5019 737 5088 iuvenitur
759 5032 863 5090 antea
882 5023 1121 5116 commisisse,
1142 5045 1221 5094 cum
1247 5026 1442 5096 secuudum
1467 5032 1714 5120 proprietatem
1737 5025 1903 5098 vocabuli
