4574 6404
424 610 492 679 {58
707 624 870 678 emerim
895 625 1136 690 rnouisrrtoms
1162 626 1325 679 anserice
1351 625 1563 678 enavimus.

423 786 631 878 dampnate,
660 783 920 876 promittentem
947 786 1091 877 insuper
1110 796 1145 855 et
1164 786 1341 875 yurantem
1367 782 1411 854 ad
1438 794 1556 854 sancta
1576 783 1639 854 Dei
1657 783 1850 876 Evangelia

423 882 598 955 mandatis
617 885 746 953 nostris
773 891 807 949 et
829 879 984 951 Ecclesie
1008 881 1214 973 simpliciter
1243 882 1410 967 obedire,
1436 881 1650 952 absolvimus
1678 881 1713 951 in
1738 884 1852 955 forma

423 981 541 1053 debita
558 978 750 1050 Ecclesiea
777 979 950 1048 sententia
978 979 1353 1050 excommunicationis
1371 989 1490 1049 contra
1525 979 1610 1048 tales
1637 979 1853 1069 generaliter

422 1077 642 1173 promulgata
662 1096 766 1168 quam
795 1075 841 1145 ob
871 1075 1026 1169 predicta
1054 1080 1211 1148 nuscitur
1237 1077 1444 1163 incurrisse,
1460 1079 1506 1146 'si
1538 1085 1654 1146 tamen
1679 1078 1725 1147 de
1744 1078 1855 1149 corde

421 1176 517 1246 bono
535 1189 570 1246 et
589 1172 659 1245 fide
688 1195 758 1244 nun
786 1170 865 1242 ficta
898 1171 943 1242 ad
969 1172 1125 1244 Ecclesie
1155 1175 1299 1246 redierit
1320 1174 1512 1260 unitatem,
1544 1185 1579 1243 et
1603 1174 1758 1265 inj'uncta
1783 1175 1854 1245 sibi

423 1273 587 1344 mandata
604 1270 815 1342 servaverit.
837 1269 879 1340 Et
897 1271 980 1362 quia
998 1270 1033 1339 in
1052 1271 1163 1342 Deum
1190 1282 1225 1343 et
1250 1282 1407 1341 sanctam
1438 1280 1581 1341 matrem
1603 1270 1792 1342 Ecclesiam
1819 1283 1856 1344 et

423 1382 544 1441 contra
572 1368 677 1439 fidem
706 1367 911 1438 catholicam
936 1379 1004 1437 tam
1028 1369 1183 1460 graviter
1209 1368 1359 1460 deliquit
1379 1369 1414 1437 in
1434 1368 1625 1460 dampnato
1644 1369 1712 1438 ritu
1733 1379 1768 1439 et
1786 1370 1855 1439 cri·

401 1476 404 1480 “
423 1469 518 1538 mine
537 1469 722 1560 ymagines
739 1464 962 1558 baptizandi,
982 1466 1073 1536 sicut
1089 1487 1195 1560 supra
1214 1467 1397 1537 recitatum
1415 1477 1469 1536 est
1488 1476 1523 1535 et
1543 1465 1610 1535 sibi
1631 1467 1853 1559 expositum,

384 1611 386 1615 >
423 1587 481 1652 ne,
503 1568 595 1635 siout
610 1585 675 1634 nec
694 1564 797 1634 decet
816 1583 881 1634 nec
900 1563 1058 1655 expedit,
1076 1565 1198 1634 eadem
1214 1564 1361 1634 crimina
1378 1573 1583 1634 remaneant
1598 1563 1789 1656 impunita,
1808 1564 1856 1636 de

422 1664 594 1734 bonorum
616 1661 772 1731 uirorum
793 1671 861 1729 tam
879 1661 1123 1752 religiosorum
1143 1680 1249 1753 quam
1268 1661 1477 1732 secularium
1496 1661 1685 1754 peritorum
1704 1662 1738 1730 in
1756 1673 1856 1734 utro·

422 1781 491 1852 que
512 1756 553 1856 pp
572 1759 618 1827 87
637 1755 674 1855 d]
692 1759 773 1848 jure
792 1768 929 1829 maturo
948 1758 1117 1845 consilio,
1148 1779 1233 1844 nos,
1263 1758 1388 1829 Christi
1416 1758 1559 1829 nomine
1579 1758 1768 1845 invocato,
1789 1759 1854 1830 ha·

422 1857 547 1928 hentes
569 1878 631 1949 pre
651 1856 781 1927 occulis
797 1856 910 1927 solum
925 1856 1036 1926 Deum
1056 1867 1090 1926 et
1106 1855 1307 1927 orthodoxe
1326 1856 1408 1926 iidei
1423 1857 1609 1948 puritatem
1624 1913 1634 1941 ,
1651 1856 1710 1926 die
1727 1868 1762 1927 et
1775 1857 1854 1928 loco

423 1954 646 2049 presentibus
666 1953 817 2023 adhunc
836 1964 988 2024 nostram
1009 1951 1191 2025 terendam
1211 1954 1420 2024 sententiam
1438 1965 1474 2023 et
1493 1953 1721 2045 penitentiam
1741 1954 1856 2045 injun-

423 2053 573 2144 gendam
589 2051 705 2121 eidem
726 2049 785 2119 tali
806 2050 1001 2143 presbitero
1022 2050 1280 2143 perhemptoria
1298 2050 1502 2142 assignatis,
1525 2050 1771 2123 assistentibus
1788 2073 1854 2124 no-

422 2149 477 2220 his
497 2149 761 2220 venerabilibus
781 2158 816 2218 et
835 2148 996 2218 discretis
1016 2147 1103 2218 viris
1123 2148 1326 2235 abbatibus,
1349 2148 1522 2239 religiosis
1540 2158 1573 2218 et
1594 2149 1742 2234 clericis,
1762 2160 1851 2237 etc„

424 2256 461 2316 ut
480 2267 600 2340 supra,
618 2247 657 2315 in
680 2248 802 2339 (mnne
820 2244 965 2316 alterins
982 2246 1154 2316 sentencie
1169 2244 1404 2338 precedentis,
1423 2267 1529 2339 nsque
1545 2244 1594 2314 ihi
1614 2271 1625 2313 :
1646 2256 1852 2339 perpetuam

422 2357 501 2435 agat
523 2344 748 2437 penitentiam
778 2343 823 2414 de
848 2343 1068 2431 commissis;
1096 2342 1154 2412 nbi
1183 2342 1341 2413 addetur
1372 2369 1379 2411 :
1409 2352 1594 2436 portetque
1619 2354 1787 2436 perpetuo
1815 2345 1853 2415 in

423 2443 520 2513 omni
540 2453 639 2512 veste
656 2461 719 2511 sua
738 2441 911 2534 superiori
931 2440 1019 2511 duas
1046 2439 1176 2533 figuras
1203 2443 1407 2535 ymaginum
1436 2462 1516 2511 cum
1549 2463 1620 2513 uno
1645 2441 1786 2513 urceolo
1807 2442 1854 2513 de

424 2537 516 2610 filtro
533 2541 647 2610 crocei
665 2539 792 2610 coloris
812 2550 893 2609 ante
912 2550 1032 2632 peetus
1051 2549 1087 2608 et
1103 2538 1190 2608 duas
1219 2549 1313 2609 retro
1340 2539 1432 2609 inter
1456 2538 1612 2630 spatulas
1642 2560 1720 2608 cnm
1741 2540 1855 2611 altero

424 2656 530 2707 urceo
549 2636 808 2729 dependentem
830 2636 908 2706 sine
927 2635 1058 2727 quibus
1077 2635 1328 2728 apparentibus
1348 2635 1438 2705 intra
1466 2635 1523 2706 vel
1552 2647 1651 2706 extra
1674 2656 1853 2707 carcerem

424 2733 592 2826 deinceps
612 2755 681 2804 non
702 2733 842 2803 incedat
866 2736 902 2803 in
933 2733 1202 2804 detestationem
1230 2733 1474 2826 baptizationis
1503 2733 1730 2826 ymaginum,
1760 2743 1796 2803 et
1815 2744 1855 2804 ut

424 2834 495 2901 sint
510 2831 558 2902 ihi
579 2831 614 2900 in
635 2831 797 2902 velamen
816 2841 851 2901 et
870 2830 1114 2902 confusionem
1135 2831 1337 2901 occulorum
1356 2840 1390 2900 et
1413 2831 1539 2900 ceteris
1567 2831 1603 2900 in
1632 2830 1852 2923 exemplum.

424 2928 608 3000 Monemus
627 2941 743 3000 autem
764 2927 958 3021 predictum
976 2927 1035 3014 Ν.,
1057 2938 1093 2997 et
1110 2937 1241 3015 cetera,
1264 2936 1301 2998 ut
1320 2948 1439 3021 supra,
1461 2927 1499 2996 in
1514 2926 1637 3021 fornic
1645 2927 1856 3021 precedenti

425 3048 530 3119 usqne
548 3032 585 3096 in
601 3026 726 3117 finem.

425 3280 486 3346 4³.
510 3282 644 3345 Forma
665 3281 847 3344 sententie
869 3280 1134 3344 inmuretionis
1153 3295 1237 3344 cum
1266 3280 1374 3356 signo
1400 3279 1519 3342 hostie
1541 3280 1698 3343 rotunde
1724 3287 1857 3345 contre

465 3403 660 3468 personam
673 3387 837 3467 aliquem
853 3403 922 3467 que
935 3387 978 3450 de
994 3394 1030 3449 et
1044 3402 1127 3450 cum
1137 3386 1292 3466 corpore
1307 3386 1444 3450 christi
1461 3386 1691 3462 sortilegium
1704 3393 1770 3449 eut
1780 3402 1857 3451 me

465 3493 625 3559 leiicium
643 3495 791 3575 aliquod
807 3494 1045 3575 perpetravit.

475 3712 513 3780 ln
532 3711 676 3808 nomine
692 3710 857 3802 Domini,
878 3730 994 3781 amen.
1016 3709 1100 3781 Cum
1122 3730 1185 3780 nos
1204 3709 1390 3803 episcopus
1412 3709 1489 3779 talis
1505 3730 1567 3802 per
1586 3708 1853 3800 inquisitionem

426 3829 496 3900 qne
516 3830 578 3902 per
604 3829 669 3879 nos
698 3809 786 3878 iacta
812 3818 865 3878 est
885 3807 1095 3899 generaliter
1113 3817 1233 3878 contra
1253 3827 1376 3878 omnes
1397 3805 1590 3890 maleficos,
1612 3806 1798 3897 sortilegos
1816 3816 1853 3877 et

362 3970 366 3978 .
426 3905 566 3977 divinos
585 3916 620 3976 et
641 3906 827 3977 abutentes
844 3926 943 3976 sacre
965 3904 1183 3976 Eucharistie
1210 3914 1245 3974 et
1271 3899 1310 4000 [l0
1329 3902 1374 3971 88
1398 3900 1432 4001 a]
1463 3904 1541 3973 aliis
1561 3903 1715 3974 Ecclesie
1733 3923 1852 3973 sacra-

426 4005 566 4089 mentis,
586 4005 788 4076 invenimus
809 4013 844 4073 et
864 4023 924 4094 per
943 4002 1198 4074 confessionem
1220 4001 1297 4072 talis
1314 4002 1356 4070 N.
1376 4001 1421 4071 de
1437 4000 1495 4069 tali
1511 4000 1588 4071 loco
1605 4001 1731 4070 iactam
1746 4003 1783 4070 in
1797 4001 1854 4090 ju·

425 4100 511 4170 ditio
534 4100 690 4192 legitime
711 4100 813 4172 nobis
832 4110 986 4184 constat,
1013 4100 1106 4193 quod
1136 4102 1212 4193 ipse
1234 4099 1311 4169 talis
1340 4098 1381 4166 N.
1403 4096 1534 4191 Corpus
1562 4097 1688 4168 Christi
1716 4096 1853 4190 accepit

424 4197 595 4269 clamculo
612 4200 657 4270 de
676 4198 836 4283 ecclesia,
859 4207 942 4285 eto,
964 4195 1018 4292 (in
1038 4196 1100 4268 isto
1118 4196 1188 4268 loco
1203 4195 1398 4289 explicetur
1413 4194 1620 4288 singillatim
1635 4194 1742 4289 culpo
1757 4216 1854 4266 com·

424 4294 532 4366 mesa
556 4295 655 4367 circa
672 4293 882 4368 eucharistie
905 4302 1166 4366 sacramentnm
1186 4300 1219 4364 et
1233 4292 1448 4384 maleficium
1467 4293 1750 4387 perpetratum).
1780 4293 1852 4364 Nos

424 4394 544 4486 itaque
561 4396 716 4486 prelatus
736 4394 924 4487 episcopus
942 4414 1050 4486 super
1069 4393 1225 4486 predicto
1244 4391 1414 4482 sortilegii
1434 4391 1581 4462 crimine
1603 4400 1638 4460 et
1656 4390 1770 4459 abusu
1790 4410 1851 4460 sa·

423 4491 593 4562 crementi
620 4491 832 4562 eucharistie
857 4491 1057 4562 aborrendo
1083 4489 1301 4582 corrigendis
1327 4500 1361 4559 et
1390 4488 1489 4581 penis
1515 4508 1555 4557 ac
1579 4487 1692 4559 modis
1720 4486 1853 4558 debitis

423 4589 612 4683 puniendis
631 4588 819 4659 habuimus
834 4588 1020 4660 consilium
1040 4609 1119 4658 cum
1140 4587 1300 4681 pluribus
1319 4586 1405 4657 viris
1424 4585 1599 4677 religiosis
1618 4586 1654 4654 in
1673 4604 1772 4654 sacra
1792 4605 1854 4677 pa·

422 4687 503 4778 gina
522 4686 670 4757 eruditis
685 4707 726 4757 sc
748 4689 852 4758 etiam
869 4707 949 4756 cum
972 4685 1051 4756 aliis
1070 4684 1289 4778 sapientibus
1316 4694 1352 4755 et
1377 4683 1499 4778 peritis
1520 4684 1554 4753 in
1579 4684 1659 4773 jure
1680 4682 1853 4753 canonico

424 4793 459 4853 et
477 4783 593 4872 civili,
621 4785 749 4877 quibus
776 4784 812 4854 in
838 4805 946 4853 unum
967 4782 1189 4874 congregetis
1209 4781 1395 4854 collatione
1414 4803 1521 4874 super
1540 4779 1607 4850 boc
1627 4778 1746 4849 habita
1768 4778 1853 4848 dili·

423 4881 540 4971 genti,
558 4882 825 4975 quampluribus
843 4884 960 4952 visum
978 4890 1034 4952 est
1052 4879 1271 4971 sortilegium
1288 4889 1349 4950 aui
1369 4877 1579 4950 maleficium
1602 4877 1731 4948 iactum
1750 4875 1795 4946 de
1816 4886 1852 4947 et

422 4997 503 5047 cum
518 4976 671 5072 Corpore
689 4977 816 5049 Christi
831 4998 909 5049 esse
924 4979 1053 5049 lactum
1073 4977 1262 5049 hereticule
1279 4987 1315 5048 et
1333 4998 1457 5071 sapere
1475 4974 1629 5047 heresim
1648 4973 1848 5063 manifeste,
