4612 6404
441 635 511 704 528
725 652 887 705 11111111
913 653 1156 720 1111111111111
1183 651 1583 705 111111111111111111.

445 809 531 878 mite
552 811 694 899 antique
714 811 859 879 tutiores
878 820 959 879 sunt
979 821 1014 880 et
1033 810 1192 880 salubres
1215 835 1224 880 :
1247 809 1342 879 unde
1367 829 1451 879 suos
1471 809 1664 902 discipulos
1687 806 1729 907 [10
1753 809 1876 910 1771]

446 916 482 976 et
500 926 668 997 sequaces
683 904 872 998 Apostolos
889 908 1084 978 nominavit
1104 920 1139 979 et
1157 908 1208 977 sic
1222 928 1283 978 eos
1297 906 1410 977 voluit
1426 907 1610 999 appellari,
1630 909 1690 999 qui
1711 910 1881 981 vIvereut

447 1004 515 1074 sub
535 1002 663 1073 nullius
680 1004 880 1074 obedientia
899 1005 964 1074 nisi
991 1006 1101 1076 solius
1116 1005 1192 1092 Dei,
1211 1006 1301 1075 sicut
1321 1003 1423 1096 primi
1436 1007 1588 1096 apostoli
1608 1007 1746 1077 Domini
1768 1007 1880 1078 Ihesu

443 1099 592 1187 Christi3
614 1112 814 1191 sectamque
834 1103 927 1172 illam
945 1104 1176 1195 perniciosam
1196 1123 1258 1172 sua
1275 1124 1342 1173 non
1357 1113 1426 1171 tam
1443 1104 1665 1187 auctoritate,
1687 1126 1760 1196 que
1781 1105 1879 1176 nulla

445 1211 533 1284 erat,
555 1220 657 1290 quam
681 1179 875 1269 temeritate
891 1222 995 1292 quam
1011 1222 1173 1292 magnam
1190 1199 1330 1304 babuit,
1347 1199 1497 1269 instituit
1514 1199 1766 1292 Apostolorum
1784 1202 1880 1273 ordi·

444 1317 524 1366 nem
543 1297 714 1367 nominari
735 1300 797 1388 qui
809 1319 869 1389 per
891 1298 1058 1367 mundum
1078 1298 1315 1368 discurrerent
1334 1297 1424 1366 sicut
1440 1318 1612 1390 pauperes
1633 1301 1881 1372 mendicantes

446 1404 481 1463 et
500 1395 544 1463 de
564 1394 764 1463 elemosinis
782 1398 963 1478 viventeS,
985 1407 1020 1465 et
1040 1397 1260 1487 predicarent
1285 1396 1422 1487 populis
1448 1396 1583 1486 ubique
1605 1423 1611 1465 ;
1630 1396 1880 1469 Penitcntiam

443 1490 562 1583 cpite,
585 1491 884 1585 appropinquabit
908 1495 1003 1564 enim
1021 1515 1174 1584 capuam
1201 1493 1380 1578 celorum,
1406 1503 1442 1562 et
1467 1493 1618 1584 quedam
1639 1496 1707 1565 alia
1728 1496 1876 1584 similia,

443 1611 511 1680 que
533 1589 643 1681 prima
660 1591 747 1659 lacie
767 1591 857 1660 bona
875 1592 1097 1661 auditoribus
1113 1591 1266 1661 maxime
1286 1590 1505 1682 simplicibus
1523 1591 1752 1664 videbantur.
1774 1592 1880 1664 Erro·

443 1708 501 1756 res
520 1699 635 1757 antem
658 1689 883 1780 quamplures
902 1689 1086 1758 adinvenit
1105 1691 1149 1759 de
1167 1689 1273 1758 eorde
1288 1709 1353 1758 suo
1371 1710 1460 1780 quos
1482 1691 1556 1758 suis
1572 1692 1787 1780 sequacibus
1802 1713 1878 1763 non
1930 1728 1932 1732 ·

442 1785 612 1877 palamst
636 1786 788 1877 publice,
812 1798 865 1856 set
891 1787 1026 1857 occulte
1047 1786 1218 1857 tenendos
1249 1786 1391 1855 tradidit
1420 1798 1456 1855 et
1474 1787 1668 1857 docendos.
1697 1787 1738 1857 m
1758 1790 1811 1858 sic
1830 1791 1878 1861 ab

443 1882 544 1952 initio
564 1905 642 1953 cum
664 1884 830 1954 mantello
857 1885 936 1955 albo
965 1884 1009 1953 ad
1036 1885 1164 1954 collum
1194 1907 1255 1976 per
1280 1883 1421 1954 mudum
1453 1885 1594 1975 peralba
1620 1886 1761 1957 elevato
1793 1909 1877 1957 cum

445 1981 562 2051 tunica
584 1982 661 2051 alba
690 1994 724 2050 et
744 1982 857 2072 longis
882 1982 1061 2072 crinibus,
1088 2003 1239 2073 quorum
1269 1981 1386 2073 plnres
1407 1982 1441 2049 in
1473 1982 1532 2051 1111
1557 1983 1677 2051 babitu
1707 2006 1774 2075 ego
1799 1985 1877 2055 vidi

419 2131 421 2135 -
442 2079 508 2147 sub
528 2080 679 2170 quodam
700 2078 820 2149 babitu
843 2081 998 2173 palliato,
1020 2079 1211 2171 aliquando
1232 2091 1369 2149 utentes
1387 2079 1515 2162 soleis,
1545 2080 1737 2170 aliqnando
1768 2083 1878 2154 nudis

442 2176 591 2269 pedibus
612 2177 842 2263 incedebant,
859 2199 879 2247 a
895 2179 1070 2248 communi
1091 2177 1361 2248 conversatione
1388 2175 1541 2247 fidelium
1563 2179 1634 2245 vita
1657 2192 1691 2247 et
1714 2181 1877 2252 moribus

443 2274 671 2359 dissidentes,
685 2278 792 2345 vitam
808 2276 1038 2367 perlectamet
1050 2275 1276 2368 apostolicam
1293 2275 1327 2343 iu
1338 2297 1377 2344 se
1388 2275 1470 2366 ipsis
1487 2279 1645 2345 exterius
1661 2278 1719 2346 tali
1731 2277 1877 2347 babitu-

445 2373 505 2441 tali
521 2385 621 2463 gestu
640 2387 673 2443 et
690 2374 883 2443 doctrinam
900 2374 1138 2463 evangelicam
1157 2372 1376 2444 auditoribus
1403 2373 1460 2440 tali
1482 2375 1549 2441 ritu
1568 2374 1706 2464 populis
1727 2375 1875 2463 simula,

444 2469 545 2541 bant.
570 2471 650 2540 Erat
668 2481 782 2541 tamen
803 2491 926 2541 revera
947 2472 1018 2541 vita
1039 2472 1193 2563 ipsorum
1215 2471 1339 2541 inlecta
1362 2470 1508 2540 interius
1525 2482 1559 2540 et
1580 2476 1739 2541 exterius
1759 2472 1876 2543 abbo-

441 2569 655 2638 minabiliter
675 2570 850 2660 impudica
871 2580 906 2638 et
922 2569 1079 2640 doctrina
1095 2569 1129 2638 in
1145 2569 1218 2637 suis
1238 2569 1383 2638 occultis
1403 2569 1657 2638 conventiculis
1680 2564 1722 2664 [1ο
1745 2570 1814 2637 177
1835 2569 1874 2670 b]

443 2677 510 2735 tam
533 2666 685 2737 heretica
710 2689 814 2758 quam
842 2667 977 2736 insana.
1005 2665 1105 2736 Unde
1125 2668 1170 2736 ab
1189 2667 1289 2736 initio
1309 2667 1375 2734 sub
1397 2666 1454 2734 tali
1478 2666 1656 2756 religionis
1679 2669 1786 2758 pallio
1808 2668 1877 2738 luit

441 2766 610 2835 occultata
633 2766 742 2857 pestis
764 2766 917 2859 ipsorum
940 2785 1127 2855 magnaei
1146 2777 1257 2858 parte,
1276 2763 1444 2854 quianon
1466 2764 1529 2832 luit
1549 2765 1608 2854 qui
1632 2765 1761 2834 talibus
1780 2766 1876 2859 lupis

439 2861 505 2930 sub
527 2863 745 2932 vestimenIIs
766 2863 887 2934 ovium
907 2862 1170 2932 invenientibus
1184 2884 1223 2932 se
1238 2874 1432 2957 opponeret
1449 2884 1495 2931 ex
1514 2862 1679 2944 adverse,
1698 2877 1876 2955 ceperunt

440 2961 618 3051 simplices
648 2962 767 3030 lalsam
795 2960 989 3031 sanctitatis
1010 2960 1163 3052 ipsorum
1190 2961 1387 3053 ymaginem
1415 2960 1574 3029 venerari
1604 2961 1726 3052 eisque
1752 2962 1875 3032 lavere

441 3076 576 3127 necnon
596 3080 656 3128 eos
672 3059 874 3128 elemosinis
890 3059 1073 3144 relovere3
1095 3068 1130 3127 et
1144 3061 1195 3126 sin
1212 3057 1429 3149 multiplicati
1448 3069 1646 3148 suntsupra
1658 3080 1847 3128 numerum
1864 3085 1872 3127 :

440 3156 705 3243 annisffeirciter
732 3157 815 3225 1111ιί
844 3156 1067 3247 profecerunt
1089 3156 1123 3223 in
1147 3157 1267 3247 pejus3
1297 3176 1362 3224 nec
1390 3167 1505 3224 tamen
1532 3155 1665 3225 diutius
1692 3156 1804 3225 latere
1824 3156 1877 3226 sic

442 3253 553 3342 potuit
570 3254 724 3346 ipsorum
739 3255 865 3344 dogma
883 3253 1085 3346 pestiferum
1101 3256 1187 3344 quin
1204 3253 1297 3345 apud
1312 3252 1502 3324 catholicos
1523 3254 1698 3344 crepuerit
1718 3265 1753 3323 et
1771 3254 1873 3324 inno·

440 3352 547 3419 tuerit
573 3351 776 3443 paulative,
801 3353 1013 3442 fueruntque
1040 3372 1059 3420 a
1088 3351 1267 3420 nonnullis
1294 3350 1445 3442 suspecti
1472 3350 1581 3419 babiti
1620 3352 1665 3420 de
1689 3350 1806 3420 bercsi
1838 3364 1874 3422 et

384 3520 389 3532 ⁸
439 3452 563 3519 notati.
592 3449 748 3540 Cumque
773 3460 851 3542 post
878 3469 990 3518 annos
1019 3449 1156 3518 circiter
1179 3448 1263 3518 XIIti
1296 3449 1514 3540 pervenisset
1541 3448 1584 3516 ad
1609 3470 1713 3517 aures
1733 3449 1872 3518 domiui

437 3545 582 3616 Hunnrii
604 3568 692 3641 pape
712 3547 787 3616 lttlt
810 3567 930 3617 rumor
948 3545 1061 3616 malus
1081 3558 1175 3616 secte
1190 3546 1302 3629 illius,
1324 3567 1429 3637 quam
1450 3545 1515 3638 ipsi
1537 3545 1696 3615 ordinem
1716 3546 1873 3638 Aposto-

439 3643 553 3714 lorum
585 3647 829 3739 appellabant,
866 3644 1013 3714 eandem
1041 3643 1247 3737 dampnavit
1280 3655 1443 3734 tanquam
1474 3643 1699 3735 pernitiosum
1729 3645 1874 3734 atejus

331 3740 333 3744 ’
440 3740 600 3813 habitum
617 3743 1041 3836 paritercoudempnavit‚
1058 3742 1149 3812 sicut
1163 3742 1197 3811 in
1210 3745 1286 3831 ejus
1300 3741 1502 3834 apostolicis
1515 3741 1638 3810 litteris
1652 3741 1871 3832 continetur,

439 3860 529 3932 quas
548 3842 592 3912 ad
624 3844 810 3911 universos
838 3841 989 3933 prelatos
1006 3839 1158 3910 Ecclesia
1175 3861 1281 3931 super
1304 3839 1371 3908 huc
1394 3839 1585 3908 destinavit
1612 3851 1769 3908 tenorem
1793 3841 1874 3928 ejus

436 3941 667 4010 continentes.
686 3939 877 4009 Concilium
891 3937 1124 4029 lugdunense
1136 3938 1199 4006 luit
1216 3937 1444 4021 celebratum,
1457 3956 1549 4005 anno
1562 3936 1698 4006 Domini
1711 3936 1771 4004 bl⁰.
1789 3935 1869 4007 CC⁰.

436 4036 614 4107 LXXIlll⁰.
639 4063 648 4123 ;
679 4037 864 4107 concilium
892 4036 985 4105 istud
1009 4036 1240 4105 Lateranense
1263 4034 1328 4104 luit
1345 4034 1582 4119 celebratum,
1611 4055 1704 4103 anno
1728 4034 1873 4105 Domini

434 4132 494 4202 ΜΟ.
517 4135 592 4205 CC0.
614 4135 718 4205 XVD.
742 4135 776 4203 in
798 4135 957 4205 kalendis
975 4134 1177 4204 novembris
1191 4134 1236 4202 ab
1256 4132 1458 4201 Innocentio
1478 4152 1564 4223 papa
1584 4131 1654 4200 1110.

482 4232 667 4303 Honorius
684 4236 1004 4326 episcopusservus
1019 4253 1200 4301 serrorum
1223 4230 1298 4315 Dei,
1322 4229 1582 4298 venerabilibus
1604 4229 1770 4298 iratribus
1790 4231 1872 4300 uni·

432 4332 544 4401 versis
565 4331 794 4423 patriarchis,
816 4329 1093 4423 archiepiscopis
1113 4341 1148 4398 et
1162 4328 1335 4421 episcopis
1361 4321 1402 4422 [10
1423 4326 1490 4393 177
1512 4322 1544 4422 e]
1567 4347 1607 4395 ae
1626 4326 1764 4396 dilectis
1785 4324 1870 4398 filiis

432 4429 684 4499 cathedralium
709 4429 936 4499 ecelesiarum
957 4429 1079 4497 electis
1106 4438 1141 4496 et
1165 4425 1307 4495 vicariis
1332 4424 1550 4507 eorumdem,
1577 4425 1621 4494 ad
1642 4445 1731 4516 quos
1752 4425 1871 4495 littere

430 4528 496 4597 iste
512 4528 757 4618 pervenerint,
779 4526 926 4595 salutem
948 4537 981 4596 et
999 4525 1226 4618 apostolicam
1249 4523 1529 4593 benedictionem
1548 4520 1617 4616 (l).
1635 4521 1725 4591 Olim
1749 4522 1865 4592 felicis

430 4625 681 4696 recordationis
700 4623 890 4715 Gregorius
911 4643 997 4716 papa
1022 4622 1081 4691 X¹¹⁵
1101 4623 1327 4714 predecessor
1352 4632 1470 4690 noster
1494 4620 1528 4687 in
1549 4620 1699 4689 concilio
1721 4619 1871 4710 Lugdu·

429 4728 527 4793 nansi
550 4745 671 4794 ornnes
688 4723 875 4813 religiones
889 4732 924 4790 et
939 4720 1081 4791 ordines
1097 4720 1336 4791 mendicantes
1363 4719 1575 4788 adinventus
1593 4728 1671 4810 post
1695 4718 1868 4807 generale

465 4953 503 5019 (1)
519 4953 600 5006 Getta
615 4954 697 5006 lettre
712 4951 890 5006 d’Honorius
907 4948 948 5003 IV
965 4965 997 5003 se
1013 4955 1114 5002 trouve
1131 4947 1202 5002 daus
1218 4946 1352 5012 BzovIus,
1372 4947 1476 5000 dunat.
1492 4946 1566 5012 eccl,
1584 4945 1619 4998 ad
1633 4960 1681 4998 au.
1698 4942 1787 5015 1786,
1802 4942 1817 5016 5
1833 4945 1864 5007 1,

431 5047 514 5113 XIII,
532 5057 561 5103 et
575 5049 647 5103 dans
664 5050 770 5103 Butler.
787 5063 912 5110 roman,
929 5045 974 5100 ed.
992 5045 1089 5110 Taum,
1107 5043 1160 5112 lV,
1176 5044 1221 5115 81,
1238 5057 1269 5098 n⁰
1284 5044 1310 5098 5.
