4574 6404
422 651 493 720 288
711 665 874 718 annerici
902 664 1143 731 inpursrrrorus
1171 664 1333 718 anuarino
1359 664 1570 717 rntvrrnrrs.

804 955 843 1024 V.
875 996 918 1007 -
946 956 995 1026 Du
1020 975 1179 1026 ranarum
1204 955 1387 1027 fnnnonnn
1412 951 1426 1047 (
1454 954 1481 1049 ).

492 1240 523 1301 1.
548 1237 722 1316 Sequitur
743 1236 786 1298 de
807 1233 959 1314 perfidia
979 1235 1179 1299 tndeorum
1202 1242 1333 1300 contra
1354 1233 1461 1298 fldem
1484 1234 1788 1298 christianorum.

474 1481 574 1551 Judei
585 1479 707 1573 perfidi
724 1488 910 1563 conantur,
928 1477 1070 1570 qnando
1085 1486 1120 1547 et
1136 1478 1195 1546 ubi
1213 1489 1372 1569 possunt,
1391 1477 1527 1547 occulte
1537 1488 1739 1569 pervertere
1750 1475 1865 1547 cbris-

426 1580 541 1649 tianos
556 1589 591 1647 et
611 1577 749 1647 trabere
764 1576 808 1646 ad
825 1573 1006 1669 perfidiam
1023 1575 1232 1669 judaycam,
1250 1576 1404 1644 maxime
1423 1575 1502 1645 iffos
1522 1575 1582 1665 qni
1602 1576 1698 1666 prius
1720 1574 1865 1643 fuerunt

426 1676 525 1748 ludei
547 1687 582 1745 et
601 1675 762 1744 conversi
782 1687 865 1742 sunt
884 1685 919 1742 et
935 1685 1144 1764 receperunt
1158 1673 1367 1765 baptismum
1390 1686 1425 1741 et
1445 1670 1550 1741 fidern
1568 1671 1707 1755 Christi,
1728 1692 1866 1762 preser-

426 1775 487 1845 tim
508 1774 587 1842 ilios
601 1775 663 1865 qui
677 1772 746 1841 sibi
762 1774 911 1841 attinent
929 1783 990 1839 aut
1009 1783 1091 1839 snut
1105 1768 1261 1840 afinitate
1282 1764 1322 1866 [f0
1346 1769 1413 1837 t53
1429 1766 1466 1864 d]
1484 1771 1540 1839 vei
1555 1769 1864 1859 consanguinitate

423 1871 549 1962 Jnncti.
570 1869 743 1940 Statutum
764 1880 817 1938 est
836 1883 953 1938 antem
972 1879 1145 1939 utcontra
1165 1868 1374 1937 christianos
1391 1869 1452 1956 qui
1468 1869 1511 1936 ad
1533 1867 1635 1935 ritum
1661 1867 1865 1936 transierint

430 1969 485 2038 vef
507 1967 675 2038 redierint
690 1966 903 2050 iudeorum,
923 1968 1027 2035 etiam
1048 1965 1248 2055 hujusmodi
1267 1968 1454 2034 redeuntes
1470 1967 1553 2033 dum
1575 1977 1675 2033 erant
1693 1965 1861 2046 infantes,

428 2078 489 2136 aut
510 2066 629 2135 mortis
648 2076 761 2146 metu,
781 2085 850 2133 non
871 2075 986 2134 tamen
1002 2063 1162 2133 absolute
1175 2083 1237 2131 seu
1254 2062 1388 2154 precise
1405 2062 1514 2132 coacti
1534 2062 1699 2154 baptizati
1716 2061 1861 2144 fuerint,

429 2174 482 2234 est
502 2174 666 2253 tanquam
687 2173 806 2231 eontra
831 2162 1021 2241 hereticos,
1043 2162 1070 2230 si
1100 2162 1229 2231 fuerint
1246 2161 1290 2230 de
1311 2160 1376 2230 boo
1396 2160 1567 2245 confessi,
1590 2174 1650 2229 ant
1671 2180 1731 2252 per
1750 2157 1863 2229 cbris-

430 2262 543 2330 tianos
563 2281 625 2329 seu
645 2258 775 2329 ludens
791 2259 964 2346 convicti,
984 2269 1019 2327 et
1036 2259 1127 2327 sicut
1144 2269 1263 2328 contra
1290 2258 1463 2341 fautores,
1487 2268 1721 2350 receptatores
1740 2265 1776 2326 et
1800 2256 1864 2325 de·

429 2359 586 2428 tonsores
606 2357 858 2439 hereticorum,
879 2367 999 2426 contra
1022 2357 1189 2441 fautores,
1209 2366 1443 2448 receptatores
1460 2364 1495 2424 et
1513 2355 1717 2425 defensores
1738 2352 1862 2423 talium

429 2450 710 2548 procedendum,
729 2455 820 2523 sicut
838 2452 1000 2536 babetur,
1022 2453 1128 2524 Extra
1147 2454 1192 2524 de
1212 2452 1375 2521 hereticis
1397 2452 1486 2522 fibro
1505 2453 1576 2539 Vl⁰‚
1598 2451 1751 2543 capitulo
1767 2448 1863 2521 Gon·

429 2559 489 2623 tro
506 2551 727 2623 christianos,

429 2805 462 2868 2.
486 2807 536 2869 De
558 2805 663 2869 modo
686 2821 750 2868 seu
772 2805 847 2868 ritu
869 2819 939 2884 quo
960 2805 1068 2867 Jndei
1086 2805 1125 2867 in
1143 2804 1413 2883 rejudaysando
1434 2819 1631 2869 conversos
1650 2803 1861 2868 observant.

478 3049 667 3118 Judeornm
696 3047 784 3116 ritus
807 3058 844 3116 et
868 3045 994 3117 modus
1020 3047 1054 3116 in
1083 3046 1342 3141 rejudaysando
1369 3068 1559 3117 conversos
1583 3047 1778 3140 baptizatos
1799 3050 1864 3138 qni
1889 3119 1900 3142 ,

431 3146 580 3216 redeunt
603 3145 648 3214 ad
676 3145 846 3215 uomitum
864 3144 1044 3237 Judaysmi
1072 3144 1149 3213 tatis
1170 3156 1236 3214 est.
1264 3145 1325 3215 lffe
1346 3147 1376 3214 si
1397 3146 1538 3235 quidem
1560 3145 1621 3235 qui
1639 3143 1745 3213 debet
1769 3145 1863 3235 reju-

432 3243 572 3336 dayzari
597 3242 787 3333 requiritur
812 3263 875 3312 sen
897 3243 1132 3332 interrogatur
1158 3243 1202 3311 ab
1230 3243 1348 3333 atiquo
1375 3263 1419 3311 ex
1445 3242 1565 3312 Jndeis
1592 3242 1815 3334 presentibus
1830 3242 1861 3312 si

433 3340 509 3409 vnit
523 3341 636 3411 facere
655 3340 760 3433 tymfa
777 3341 811 3410 in
829 3339 979 3422 hebreo,
998 3341 1092 3430 quod
1109 3351 1162 3409 est
1179 3339 1310 3408 dictum
1331 3339 1364 3407 iu
1387 3340 1495 3410 latino
1512 3340 1540 3408 si
1560 3340 1635 3408 voft
1656 3339 1770 3409 facere
1788 3339 1863 3409 baf-

430 3438 627 3508 neatiouem
647 3459 711 3507 seu
740 3438 909 3508 focionem
929 3458 992 3507 seu
1014 3437 1177 3506 balneum
1197 3437 1231 3505 in
1253 3458 1343 3529 aqua
1364 3451 1530 3508 currente
1552 3449 1588 3505 ut
1614 3434 1786 3505 efficiatur
1801 3437 1863 3506 Ju-

428 3536 529 3606 dens.
550 3535 610 3604 life
628 3546 744 3604 autem
769 3534 959 3624 respondet
974 3534 1068 3626 qnod
1085 3537 1153 3620 sic;
1171 3547 1207 3604 et
1229 3547 1311 3603 tuuc
1330 3535 1389 3604 iffe
1410 3535 1541 3605 tudens
1558 3534 1618 3625 qui
1641 3548 1757 3626 preest
1775 3534 1864 3604 dicit

427 3633 543 3702 eidem
565 3632 599 3700 iu
621 3631 752 3703 bebreo
772 3659 779 3700 :
799 3631 1061 3714 Baoltnssnrro,
1085 3633 1179 3722 quod
1208 3642 1260 3701 est
1280 3632 1409 3701 dictum
1435 3635 1470 3700 in
1496 3632 1603 3700 latino
1622 3655 1629 3697 :
1650 3630 1864 3701 neverunt

425 3753 449 3800 a
465 3736 558 3799 statu
570 3729 734 3822 peccati;
753 3742 788 3799 et
808 3728 969 3822 posthoc
989 3729 1048 3800 itte
1069 3730 1212 3799 exuitur
1229 3750 1275 3799 ex
1300 3741 1371 3800 toto
1391 3741 1425 3799 et
1444 3729 1657 3821 quandoque
1676 3727 1863 3800 balneator

426 3828 461 3897 in
480 3847 571 3919 aqua
591 3826 724 3914 calida;
746 3839 782 3897 et
807 3838 890 3896 tuno
908 3826 1009 3896 Jndei
1033 3827 1227 3897 confricant
1246 3848 1326 3897 eum
1348 3828 1482 3897 fortiter
1502 3849 1580 3896 cnm
1599 3846 1705 3895 arena
1727 3848 1789 3919 per
1810 3837 1863 3896 to·

426 3937 499 3993 tum
520 3944 666 4017 corpus,
689 3936 744 3994 set
764 3926 917 3994 maxime
939 3925 972 3993 in
993 3926 1126 4007 fronte,
1149 3936 1185 3994 et
1203 3924 1238 3992 iu
1257 3935 1399 4017 pectore
1419 3935 1454 3994 et
1474 3924 1507 3992 in
1530 3925 1711 4004 manibus,
1734 3925 1769 3992 in
1790 3923 1862 3994 iffis

426 4022 592 4091 videficet
608 4021 694 4092 focis
708 4023 743 4091 in
763 4023 892 4114 quibus
907 4022 942 4089 in
962 4022 1135 4115 baptismo
1153 4022 1217 4090 fuit
1234 4023 1383 4114 positum
1403 4023 1565 4090 Sanctum
1586 4021 1717 4089 Crisma
1736 4045 1745 4103 ;
1768 4034 1862 4114 post·

427 4119 569 4190 modum
591 4140 677 4189 vero
695 4119 915 4188 abraduntur
933 4140 1056 4189 omnes
1076 4141 1213 4209 ungues
1232 4120 1326 4189 iffius
1344 4121 1389 4189 de
1409 4120 1571 4188 manibus
1591 4119 1689 4188 etde
1711 4119 1862 4210 pedibus

427 4237 539 4307 usqne
561 4216 606 4285 ad
626 4217 848 4307 sangninem.
869 4216 969 4299 Item,
989 4217 1117 4287 radunt
1135 4227 1241 4309 caput
1259 4217 1352 4286 iliius
1372 4227 1407 4286 et
1427 4216 1649 4309 postmodum
1672 4208 1713 4310 [f0
1735 4213 1803 4283 fbf
1824 4212 1859 4313 a]

426 4324 561 4405 ponunt
588 4335 668 4384 eum
690 4315 724 4382 iu
744 4334 834 4405 aqua
856 4311 955 4383 fluvii
974 4317 1168 4399 currentis,
1191 4325 1226 4383 et
1253 4315 1384 4383 faciunt
1404 4315 1500 4382 ilium
1524 4315 1637 4383 facere
1664 4315 1861 4384 immersio·

428 4432 507 4481 nem
528 4411 572 4481 de
592 4411 706 4504 capite
726 4413 761 4481 in
782 4431 872 4503 aqua
900 4411 958 4480 iffa
981 4412 1091 4481 tribus
1107 4412 1266 4498 vicibus;
1288 4423 1324 4481 et
1348 4423 1425 4504 post
1444 4412 1570 4480 dietam
1599 4410 1860 4481 immersionem

423 4508 548 4579 dieunt
566 4510 759 4578 orationem
780 4509 881 4578 talem
903 4507 1132 4579 :Benedictus
1149 4509 1372 4600 Deus‚Dens,
1389 4531 1451 4579 rex
1468 4509 1680 4591 secutorum,
1700 4506 1760 4598 qui
1782 4529 1862 4599 pre·

424 4606 546 4700 cepisti
567 4606 670 4677 nobis
689 4603 897 4676 sanctificari
923 4628 1029 4699 super
1053 4609 1323 4697 inamoenum,
1346 4628 1408 4677 sen
1430 4607 1613 4690 balneum,
1636 4606 1731 4697 qnod
1755 4626 1859 4675 voca-

425 4715 481 4771 tur
503 4705 607 4797 tymfa
627 4704 662 4773 iu
684 4704 829 4775 bebreo.
851 4703 928 4786 Quo
950 4704 1059 4791 facto,
1083 4703 1141 4773 itte
1159 4705 1339 4795 egreditur
1359 4705 1404 4774 de
1423 4724 1515 4795 aqna
1532 4715 1567 4773 et
1586 4702 1745 4771 induitur
1767 4723 1860 4773 nova

424 4801 567 4871 camisia
584 4812 620 4871 et
639 4801 773 4872 braccis
793 4802 1013 4890 recentibus;
1036 4813 1071 4872 et
1090 4822 1213 4872 ornnes
1230 4802 1331 4872 iudei
1351 4813 1530 4894 presentes
1551 4800 1757 4870 osculantur
1776 4821 1857 4870 eum

460 5030 497 5096 (f)
512 5028 550 5083 Ge
565 5031 630 5084 titre
646 5031 720 5084 u’est
736 5046 787 5101 pas
802 5029 874 5084 dans
888 5032 915 5084 le
931 5032 1099 5085 manuscrit.

1043 5662 1392 5992 ft
