4574 6404
429 706 476 778 84
715 719 879 772 PRACTICA
904 718 1146 786 lNQUlSlTIONlS
1173 719 1335 774 dunanda
1360 716 1572 770 nuntiastis·

429 879 665 972 lumpniosnm
688 902 697 965 ;
719 890 773 948 set
797 890 912 948 tamen
936 899 1006 949 non
1024 878 1090 947 init
1116 901 1200 950 usus
1221 877 1460 972 inquisitionis
1485 877 1696 970 abantiquo
1716 889 1862 971 propter

429 976 622 1071 periculum
634 977 707 1066 jam
727 986 941 1068 pretactum;
962 987 1232 1069 verumptamen
1259 976 1498 1048 consessiones
1518 975 1737 1067 singulorum
1761 977 1859 1069 prius

428 1073 646 1166 integraliter
667 1071 889 1166 explicantur
915 1093 1031 1145 coram
1052 1073 1253 1168 dyocesano
1278 1073 1334 1144 vel
1361 1072 1437 1164 ejus
1462 1072 1608 1162 vicario,
1635 1073 1859 1166 presentibus

427 1171 606 1263 aliquibus
621 1171 742 1264 peritis
758 1170 878 1262 paucis
894 1180 929 1241 et
947 1173 1146 1242 secretariis
1165 1182 1199 1242 et
1211 1171 1351 1261 juratis.

476 1269 635 1339 Predicta
651 1288 792 1360 quoque
812 1268 930 1338 brevis
943 1269 1114 1340 extractio
1129 1268 1309 1362 culparum
1321 1290 1470 1362 persone
1486 1267 1677 1359 cujuslibet
1694 1269 1861 1341 recitatur

426 1388 490 1438 seu
513 1366 640 1458 legitur
659 1369 695 1436 in
717 1365 868 1456 vulgari,
884 1387 949 1458 per
966 1387 1073 1436 unum
1095 1367 1152 1437 vel
1173 1366 1262 1438 duos
1282 1366 1358 1437 dies
1378 1378 1460 1436 ante
1478 1386 1693 1453 sermonem,
1714 1366 1861 1438 cuilibet

429 1485 579 1558 persone
597 1462 800 1554 singillatim
821 1462 865 1533 ad
887 1474 1020 1556 partem
1048 1485 1112 1557 per
1137 1463 1380 1558 inquisitorem
1407 1485 1486 1533 cum
1516 1462 1652 1535 notario
1677 1473 1712 1534 et
1731 1462 1859 1556 aliqui·

427 1562 494 1632 hus
515 1561 695 1654 personis3
715 1561 796 1630 item
818 1560 941 1630 eadem
969 1561 1140 1633 extractio
1165 1561 1331 1632 recitatur
1359 1563 1393 1631 in
1417 1561 1558 1654 publico
1577 1582 1755 1644 sermone,
1775 1560 1859 1631 diri·

426 1660 544 1751 gendo
565 1657 673 1728 verba
695 1658 739 1728 ad
760 1656 858 1727 illum
880 1657 925 1729 de
944 1679 1015 1749 quo
1034 1659 1162 1749 agitur,
1188 1663 1225 1728 in
1245 1658 1338 1729 hunc
1359 1660 1502 1730 modum
1526 1684 1534 1727 :
1555 1657 1604 1727 Tu
1625 1657 1703 1729 talis
1729 1658 1855 1730 detali

428 1756 518 1841 loco,
538 1757 629 1826 siout
646 1765 784 1826 constat
802 1776 865 1849 per
883 1756 1139 1828 contessionem
1158 1767 1267 1843 tuam,
1290 1757 1400 1828 iecisti
1422 1756 1488 1826 hoc
1501 1766 1537 1827 et
1555 1755 1634 1827 hoo.

474 1854 560 1925 Item
579 1856 615 1922 in
636 1853 755 1944 vigilia
775 1857 963 1937 sermonis,
984 1854 1170 1947 inquisitor
1190 1855 1436 1948 perseipsum
1455 1854 1511 1926 vel
1535 1875 1596 1946 per
1614 1853 1738 1940 alium,
1759 1854 1857 1925 sicut

426 1951 495 2024 sibi
514 1954 629 2021 visum
651 1950 755 2021 luerit
774 1962 1026 2044 opportunum,
1047 1950 1203 2043 assignat
1228 1951 1392 2023 omnibns
1412 1962 1448 2022 et
1467 1950 1616 2043 singulis
1638 1953 1733 2021 diem
1760 1973 1856 2022 cras-

428 2051 535 2120 tinam
553 2049 588 2118 in
609 2047 669 2117 tali
688 2049 763 2119 loco
789 2051 824 2117 in
846 2070 1008 2121 sermone
1037 2049 1178 2142 publico
1198 2049 1242 2120 ad
1270 2049 1512 2140 recipiendum
1542 2048 1769 2142 penitentiam
1799 2050 1857 2121 vel

426 2146 642 2218 audiendum
664 2148 889 2232 sententiam,
909 2146 1104 2218 secundum
1123 2147 1259 2239 negocii
1279 2142 1319 2244 [h
1333 2145 1376 2216 lb
1396 2143 1428 2244 c]
1442 2146 1670 2239 qualitatem;
1689 2157 1725 2216 et
1746 2146 1781 2216 in
1797 2168 1857 2218 se·

426 2245 549 2337 quenti
565 2244 623 2315 die
640 2243 791 2314 crastina
811 2243 904 2315 bono
927 2266 1029 2316 mane
1045 2245 1244 2338 proceditur
1259 2246 1306 2316 ad
1325 2246 1538 2316 sermonem.

477 2342 548 2412 Hec
571 2354 653 2412 sunt
679 2361 749 2433 que
778 2341 812 2410 in
842 2342 1000 2433 generali
1025 2363 1190 2413 sermone
1215 2344 1462 2436 inquisitorum
1490 2341 1645 2413 heretice
1672 2344 1858 2436 pravitatis

429 2442 464 2509 in
485 2438 644 2532 partibus
662 2437 869 2510 Tholosanis
885 2450 920 2509 et
939 2438 1275 2511 Carcassonensibns
1295 2441 1361 2511 sub
1379 2440 1582 2533 ordine'qui
1599 2441 1760 2532 seqnitur
1776 2453 1860 2512 sunt

426 2536 594 2608 aenda:

449 2560 590 2705 gPrimo
614 2636 770 2706 omnium
803 2633 863 2704 fiat
888 2656 1005 2706 sermo
1031 2635 1151 2706 brevis
1181 2645 1323 2729 propter
1347 2635 1584 2728 prolixitatem
1613 2635 1857 2726 agendorum

423 2753 497 2825 quo
518 2734 630 2826 lamp,
649 2733 900 2826 pronuncietur
919 2732 1143 2826 indulgencia
1159 2744 1342 2805 consueta.

473 2830 635 2902 Secundo
655 2832 821 2924 recipitur
835 2832 1073 2921 juramentum
1099 2828 1301 2903 officialium
1327 2832 1425 2902 curie
1454 2830 1580 2922 regalis
1609 2840 1643 2900 et
1670 2829 1856 2902 consulum

424 2938 460 2997 et
478 2927 626 2998 aliorum
650 2930 862 3021 presentium
875 2928 1158 3018 jurisdictionem
1179 2928 1384 2999 habentium
1406 2927 1648 3022 temporalem.

473 3023 593 3096 Tercio
614 3026 838 3119 deponuntur
857 3047 979 3096 cruces
1001 3027 1161 3119 personis
1181 3025 1249 3097 illis
1269 3027 1398 3118 quibus
1426 3026 1504 3096 talis
1532 3025 1645 3118 gratia
1674 3025 1779 3096 luerit
1802 3026 1856 3097 fa·

425 3121 564 3193 cienda.

473 3218 605 3302 Quarto
625 3221 824 3292 educuntur
838 3221 885 3292 de
904 3243 1004 3293 muro
1026 3222 1092 3292 viri
1113 3233 1149 3293 et
1176 3222 1341 3293 mulieres
1365 3223 1411 3292 de
1429 3222 1558 3315 quibus
1577 3220 1773 3315 expediens
1786 3221 1860 3293 iue-

425 3317 483 3399 rit,
506 3326 541 3388 et
561 3318 788 3412 imponuntur
807 3319 858 3390 eis
877 3341 1000 3390 cruces
1021 3332 1056 3390 et
1074 3319 1392 3413 peregrinationes.

473 3414 602 3498 Quinto
622 3419 811 3486 recitantur
830 3428 865 3487 et
885 3417 1048 3508 leguntur
1067 3416 1169 3510 culpe
1189 3439 1312 3489 eorum
1332 3417 1391 3509 qui
1418 3416 1672 3509 penitentiandi
1693 3429 1757 3488 aut
1771 3438 1856 3489 sen·

427 3514 601 3584 tenciandi
622 3515 756 3585 suntin
777 3514 928 3606 vulgari,
952 3515 1010 3585 tali
1029 3514 1153 3586 ordine
1178 3541 1185 3584 :
1210 3515 1323 3608 primo
1348 3515 1377 3585 si
1405 3515 1548 3608 quidem
1576 3535 1698 3585 eorum
1726 3515 1885 3608 quihus'

425 3621 508 3681 sunt
527 3611 718 3705 penitentie
741 3612 925 3682 arbitrarie
950 3611 1165 3704 injungenda
1191 3613 1236 3683 de
1264 3613 1604 3704 peregrinationibus
1633 3612 1804 3683 iaciendis
1823 3623 1861 3685 et

425 3709 590 3778 crucibus
632 3710 832 3802 portandis,
878 3721 912 3780 et
959 3710 1089 3802 regulis
1138 3710 1282 3780 vivendi
1322 3709 1546 3802 generalibus
1582 3709 1857 3801 observandis3

420 3805 555 3877 deinde
586 3828 708 3878 eorum
731 3809 790 3899 qui
827 3808 955 3878 luerint
987 3807 1192 3901 simpliciter
1212 3807 1444 3895 immorandi3
1483 3807 1613 3878 deinde
1641 3829 1762 3879 eornm
1796 3808 1860 3902 qui

429 3916 595 3996 tanquam
628 3904 706 3974 salsi
736 3916 842 3976 testes
876 3905 1006 3975 luerint
1037 3905 1297 3998 penitenciandi
1333 3917 1368 3975 et
1399 3905 1628 3994 inmorandi;
1665 3900 1706 4002 [1⁰
1740 3903 1784 3975 to
1818 3902 1857 4004 d]

424 4000 555 4073 deinde
573 4003 795 4074 sacerdotum
817 4014 878 4072 aut
902 4002 1130 4087 clericorum,
1152 4003 1182 4072 si
1205 4006 1266 4093 qui
1287 4003 1416 4072 luerint
1440 4003 1657 4094 degradandi
1683 4015 1719 4074 et
1738 4005 1856 4074 inmu-

425 4100 557 4186 randi;
594 4099 727 4171 deinde
763 4120 991 4193 personarum
1028 4101 1271 4171 defunctarum
1305 4121 1375 4192 que
1405 4101 1535 4170 luerint
1564 4100 1799 4190 declarando,
1827 4102 1860 4172 si

424 4198 615 4284 viverent,
651 4197 896 4286 inmorande3
939 4197 1069 4268 deinde
1107 4218 1334 4291 personarum
1377 4197 1620 4268 defunctarum
1657 4198 1857 4292 inpeniten·

425 4294 509 4363 tium
541 4295 585 4364 de
614 4296 761 4365 crimine
788 4294 923 4365 heresis
944 4317 1092 4387 quarum
1113 4315 1260 4388 corpora
1289 4295 1419 4365 luerint
1448 4294 1696 4385 exhumanda3
1726 4295 1858 4368 deinde

424 4392 665 4484 sagittivorum
688 4394 749 4486 qui
776 4392 906 4463 luerint
934 4393 1032 4463 velut
1061 4393 1206 4465 heretici
1235 4391 1550 4485 condempnandi3
1577 4393 1708 4465 deinde
1741 4393 1858 4490 relap-

423 4511 540 4561 sorum
564 4490 598 4559 in
616 4489 767 4560 heresim
789 4491 825 4560 in
842 4490 972 4581 juditio
991 4490 1188 4581 abjuratam
1218 4491 1279 4582 qui
1299 4491 1430 4561 inerint
1456 4491 1606 4561 seculari
1634 4491 1779 4562 brachio
1799 4513 1857 4564 re·

423 4588 621 4681 linquendi,
642 4599 677 4658 et
698 4589 810 4681 primo
837 4589 1030 4682 laycorum,
1059 4587 1189 4658 deinde
1213 4588 1436 4676 clericorum,
1458 4592 1489 4658 si
1513 4588 1573 4682 qui
1596 4590 1682 4660 tales
1703 4591 1854 4681 luerint3

422 4684 553 4757 deinde
590 4684 824 4757 hereticorum
864 4685 1096 4777 perlectorum
1126 4688 1187 4778 qni
1213 4687 1371 4757 converti
1410 4685 1599 4757 noluerunt
1635 4686 1680 4756 ab
1714 4685 1855 4776 heresi,

424 4803 489 4853 nec
510 4783 626 4853 redire
641 4782 686 4853 ad
707 4782 977 4854 ecclesiasticam
1005 4785 1189 4870 unitatem,
1213 4785 1290 4855 sive
1313 4785 1444 4854 luerint
1466 4783 1653 4871 Manichei,
1675 4784 1753 4854 sive
1772 4783 1857 4856 Val-

423 4878 567 4966 denses,
583 4881 662 4951 sive
681 4879 727 4951 de
745 4891 840 4952 secta
855 4900 917 4952 seu
938 4880 1055 4952 heresi
1074 4901 1195 4952 eornm
1211 4881 1271 4974 qui
1288 4902 1328 4952 se
1345 4881 1465 4952 dicunt
1479 4882 1670 4975 Bequinos‚
1687 4903 1752 4952 sen
1766 4881 1857 4954 Pan·

427 4997 528 5069 peres
548 4977 688 5069 Christi,
708 4989 911 5072 separentes
933 4999 973 5048 se
995 4999 1015 5048 a
1034 4979 1286 5050 communitate
1308 4979 1457 5050 aliorum
1484 4989 1519 5050 et
1536 4991 1744 5072 potestatem
1765 5000 1857 5075 pape

423 5085 461 5144 ct
480 5073 634 5146 Ecclesia
661 5086 898 5165 enervantcs3
920 5076 1043 5148 ultimo
1069 5098 1154 5149 vero
1177 5098 1297 5148 eorum
1325 5079 1387 5170 qui
1413 5077 1510 5171 prins
1535 5077 1686 5150 conlessi
1707 5077 1856 5151 inerunt
