4574 6404
432 640 500 709 111
715 655 878 709 interrex
903 656 1144 724 ruoursrrrours
1171 657 1334 712 61661166
1360 656 1573 710 1611111116.

430 835 511 885 6661
531 825 566 885 61
584 813 738 884 debitam
759 812 993 885 absolutionis
1013 814 1218 908 petitionem
1240 837 1326 910 pure
1343 835 1450 908 super
1470 814 1651 907 premissis
1672 837 1864 909 recognos-

427 923 524 983 ceret
561 911 698 1004 culpam
728 931 849 993 suam,
880 910 941 1003 qui
972 912 1232 985 admonitiones
1260 923 1397 985 nostras
1424 911 1628 1002 hujusmodi
1664 937 1759 985 nunc
1787 916 1862 1003 sio,

429 1032 522 1081 nunc
540 1011 659 1096 aliter,
682 1018 717 1080 et
737 1008 976 1102 multipliciter
994 1010 1166 1084 variando
1186 1014 1454 1104 responsiones,
1471 1008 1661 1081 affirmavit
1682 1013 1862 1086 interdum

428 1129 468 1179 se
495 1108 625 1178 nedum
656 1128 725 1178 non
755 1127 918 1199 peccasse
944 1128 1051 1201 super
1076 1109 1258 1202 premissis
1297 1108 1525 1200 inquisitores
1556 1111 1781 1200 tangentibus
1811 1124 1868 1184 set

429 1207 545 1300 potius
563 1204 757 1292 meruisse;
779 1201 933 1275 finaliter
953 1215 1070 1276 autem
1089 1227 1110 1276 a
1126 1207 1389 1301 palliatiouibns
1408 1208 1501 1277 circa
1519 1207 1762 1285 consessiones
1780 1230 1866 1281 suas

429 1326 491 1397 per
509 1324 589 1374 eum
614 1303 787 1396 appositis
809 1305 954 1374 omnino
975 1303 1144 1376 recedens
1164 1315 1199 1376 et
1216 1306 1384 1376 sactorum
1405 1325 1550 1377 suorum
1566 1302 1760 1396 pleniorem
1779 1327 1865 1401 ape-

430 1402 524 1473 riens
551 1401 736 1472 veritatem
763 1398 943 1470 humiliter
967 1401 1067 1493 petiit
1091 1422 1110 1472 a
1139 1402 1242 1473 dictis
1274 1402 1459 1474 sententiis
1481 1423 1521 1473 66
1541 1402 1699 1492 61166111;
1728 1425 1866 1497 nosque

378 1551 381 1558 .
423 1501 625 1590 juramento
652 1509 688 1569 61
706 1497 928 1588 abjuratione
948 1502 1127 1570 consuetis
1148 1513 1183 1571 61
1208 1501 1337 1572 debitis
1357 1501 1454 1595 prius
1473 1500 1518 1570 ab
1545 1521 1589 1571 eo
1610 1501 1780 1594 receptis,
1802 1502 1865 1574 ab·

428 1598 600 1668 solvimus
620 1619 700 1668 eum
725 1596 761 1665 in
783 1597 892 1666 forma
913 1595 1032 1667 debita
1055 1618 1075 1667 a
1095 1599 1280 1669 sententiis
1302 1597 1525 1686 memoratis3
1547 1619 1671 1669 verum
1698 1601 1864 1691 quamvis

428 1696 637 1766 enormitate
655 1695 841 1765 criminum
863 1693 1100 1787 predictorum
1117 1707 1153 1766 et
1172 1696 1390 1768 immanitate
1409 1695 1578 1767 malorum
1598 1712 1798 1768 secutorum
1816 1718 1865 1768 ex

428 1793 497 1863 illis
522 1792 682 1885 diligenti
710 1792 994 1871 consideratione
1023 1793 1158 1865 libratis
1185 1795 1299 1888 ipsum
1331 1797 1472 1865 11611661
1500 1793 1541 1864 N.
1575 1795 1620 1865 de
1649 1795 1735 1887 ipsis
1758 1797 1864 1886 juxta

427 1892 640 1982 condignum
663 1891 788 1983 punire
814 1890 1013 1961 nullatenus
1033 1890 1240 1981 valeamus,
1262 1914 1306 1963 ne
1327 1904 1464 1975 tamen,
1486 1892 1577 1963 sicut
1596 1913 1661 1963 nec
1678 1892 1780 1964 decet
1797 1913 1864 1964 nec

428 1990 594 2084 expedit,
615 1989 762 2059 crimina
793 1988 916 2058 eadem
937 1988 1083 2060 omnino
1109 2008 1314 2062 remaneant
1334 1991 1527 2084 impunita,
1555 2012 1637 2072 nos,
1656 1989 1782 2060 Christi
1802 2013 1865 2062 no

431 2088 525 2158 mine
545 2089 731 2174 invocato,
754 2084 925 2157 habentes
951 2099 1014 2179 pre
1037 2086 1149 2158 oculis
1167 2089 1280 2160 solum
1309 2089 1443 2173 Deum,
1466 2089 1673 2159 auctoritate
1694 2109 1763 2180 qua
1784 2090 1864 2159 lun·

428 2187 545 2277 gimur
572 2187 674 2258 nobis
695 2186 730 2253 in
759 2183 824 2255 hac
844 2196 944 2277 parte
970 2185 1178 2274 commissa,
1201 2187 1260 2257 die
1285 2208 1326 2258 ac
1355 2186 1431 2258 loco
1459 2186 1683 2278 presentibus
1706 2186 1750 2255 ad
1772 2187 1864 2257 hanc

429 2294 581 2356 nostram
601 2284 780 2355 terendam
796 2282 1005 2353 sententiam
1023 2283 1287 2377 perhemptorie
1304 2285 1514 2375 assignatis,
1537 2283 1783 2355 assistentibus
1800 2306 1864 2356 no

427 2382 482 2452 bis
498 2381 761 2452 venerabilibus
781 2381 939 2473 patribus
956 2381 1084 2451 talibus
1102 2377 1143 2476 [ll
1158 2382 1204 2451 63
1221 2380 1256 2480 b]
1278 2395 1313 2454 et
1333 2383 1474 2468 talibus,
1495 2384 1530 2452 in
1549 2382 1702 2453 eundem
1719 2382 1865 2453 tratrem

426 2479 485 2569 N.,
503 2479 547 2550 de
568 2480 755 2550 multorum
777 2479 950 2551 bonorum
967 2500 1008 2551 66
1025 2480 1216 2573 peritorum
1238 2482 1272 2552 in
1295 2491 1445 2573 utroque
1459 2483 1541 2571 jure
1561 2493 1699 2551 maturo
1714 2480 1865 2552 consilio

426 2578 496 2673 (uel
511 2579 560 2649 sic
575 2604 587 2647 :
604 2580 707 2668 juxta
728 2587 957 2648 memoratum
982 2577 1209 2672 consilium),
1231 2589 1402 2673 perpetue
1421 2578 1652 2671 depositionis
1676 2590 1711 2648 et
1737 2578 1864 2670 degra-

427 2677 579 2748 dationis
606 2696 626 2745 a
653 2675 861 2747 sacerdotali
888 2684 924 2745 et
950 2676 1045 2747 omni
1075 2675 1146 2748 alio
1170 2677 1295 2748 ordine
1321 2677 1532 2750 sententiam
1560 2676 1705 2747 ierimus
1728 2677 1764 2745 in
1795 2675 1864 2748 hiis

426 2776 586 2869 scriptis,
610 2773 882 2868 pronunciantes
902 2774 1153 2845 nichilominus
1175 2777 1289 2868 ipsum
1306 2777 1422 2846 statim
1439 2774 1623 2846 actualiter
1641 2786 1676 2845 61
1696 2775 1731 2843 16
1752 2774 1866 2845 forma

425 2875 542 2964 ajure
563 2872 688 2943 tradita
714 2870 980 2963 degradandum
1000 2893 1020 2942 a
1049 2872 1153 2944 nobis
1173 2872 1245 2964 (val
1261 2899 1273 2943 :
1291 2896 1311 2945 a
1331 2874 1391 2944 tali
1412 2875 1577 2967 episcopo
1601 2870 1658 2941 hic
1682 2874 1864 2970 presente)

426 2983 462 3044 et
487 2971 639 3043 eundem
666 2970 762 3041 omni
792 2971 944 3042 clericali
971 2970 1120 3057 honore,
1143 2971 1265 3042 habitu
1287 2983 1324 3044 61
1351 2972 1538 3066 privilegio
1568 2968 1794 3058 exuendum,
1823 2993 1866 3045 ac

424 3080 609 3163 postquam
637 3069 818 3139 etiamsic
838 3068 1052 3160 degradatus
1079 3069 1185 3140 luerit
1204 3082 1380 3164 perpetuo
1406 3068 1537 3141 carceri
1558 3071 1593 3138 in
1622 3067 1682 3138 tali
1702 3067 1781 3139 loco
1809 3070 1864 3141 el-

425 3167 619 3237 lectualiter
645 3166 908 3259 deputandum,
941 3167 975 3236 in
1012 3188 1084 3261 quo
1110 3167 1254 3259 quidem
1283 3169 1351 3240 snb
1376 3167 1529 3238 vinculis
1559 3166 1683 3238 ferreis
1708 3165 1743 3235 in
1773 3187 1864 3259 pane

425 3264 556 3337 doloris
583 3276 619 3335 et
643 3285 734 3356 aqua
759 3267 923 3357 angustie
954 3276 1162 3360 perpetuam
1190 3276 1271 3358 agat
1303 3267 1530 3360 penitentiam
1562 3265 1607 3334 de
1631 3264 1861 3352 commissis;

425 3363 677 3455 mitigationem
699 3373 817 3434 autem
836 3363 994 3457 predicte
1016 3363 1213 3457 penitentie
1237 3365 1434 3436 incarcere
1455 3363 1697 3454 laciendeper
1720 3361 1862 3455 ipsum,

424 3463 618 3532 secundum
643 3461 739 3552 qnod
766 3461 964 3554 expedierit
994 3474 1030 3532 et
1060 3464 1225 3554 ipseper
1254 3463 1465 3555 pacientiam
1497 3472 1532 3532 et
1560 3459 1793 3530 humilitatem
1822 3481 1865 3533 ac

423 3559 540 3631 cordis
559 3559 698 3631 contriti
724 3557 934 3629 sacrificium
962 3559 1171 3649 hujusmodi
1198 3560 1452 3651 mitigationem
1479 3559 1667 3644 meruerit,
1692 3557 1793 3628 nobis
1817 3579 1866 3631 ex

426 3679 531 3728 causa
556 3669 649 3728 certa
676 3668 711 3727 et
730 3657 885 3748 legitima
912 3677 1159 3746 reservamus,
1183 3669 1333 3750 postque
1360 3660 1474 3750 ipsum
1503 3658 1643 3727 11611616
1664 3656 1706 3727 N.
1728 3657 1861 3742 semel,

425 3756 605 3840 secundo,
628 3766 663 3826 61
688 3756 817 3839 161616,
839 3775 880 3825 66
907 3754 1168 3849 perhemptorie
1195 3766 1230 3826 et
1256 3757 1393 3849 precise
1421 3776 1605 3826 monemus
1632 3764 1668 3825 61
1693 3753 1760 3824 suh
1788 3755 1861 3826 vir·

426 3863 499 3923 tute
523 3855 628 3925 etiarn
643 3855 838 3945 juramenti
864 3873 982 3924 coram
1011 3853 1112 3924 nobis
1139 3873 1201 3945 per
1227 3875 1308 3924 eum
1338 3855 1473 3948 prestiti
1496 3853 1563 3923 sibi
1595 3852 1808 3945 precipimus
1828 3866 1866 3924 61

425 3952 633 4022 mandamus
652 3952 748 4044 quod
770 3951 814 4021 ad
835 3950 966 4021 dictum
987 3971 1163 4022 carcerem
1189 3954 1267 4022 sine
1287 3952 1456 4022 dilatione
1476 3953 1620 4022 accedat
1640 3962 1676 4019 et
1698 3971 1737 4020 se
1755 3950 1863 4022 etiam

425 4050 580 4120 includat
607 4051 643 4120 in
671 4049 754 4132 illo,
782 4048 975 4141 predictam
1005 4049 1136 4120 ibidem
1166 4050 1396 4142 penitentiam
1424 4049 1684 4142 completurus;
1708 4049 1804 4140 quod
1831 4051 1862 4120 si

424 4147 468 4216 ad
488 4169 662 4219 carcerem
684 4146 886 4238 hujusmodi
908 4168 978 4218 non
998 4147 1187 4217 accesserit
1206 4157 1268 4217 aut
1292 4169 1331 4218 se
1351 4169 1420 4218 non
1447 4148 1629 4218 incluserit
1653 4149 1688 4215 in
1709 4145 1861 4226 eodem,

425 4245 483 4316 vel
506 4246 551 4316 de
577 4246 654 4338 ipso
684 4244 868 4316 temerarie
896 4247 1024 4316 exierit
1049 4266 1113 4315 seu
1140 4240 1245 4341 &63
1272 4242 1304 4342 c]
1326 4247 1529 4337 aufugerit,
1552 4245 1609 4315 vel
1637 4244 1743 4314 etiam
1771 4245 1862 4317 alias

424 4345 688 4436 impenitentem
708 4364 747 4413 se
766 4342 990 4428 exhibuerit,
1007 4354 1129 4414 contra
1145 4342 1203 4413 illa
1223 4365 1293 4435 que
1312 4343 1491 4434 abiuravit
1512 4343 1701 4413 illorumve
1716 4341 1862 4434 aliquod

423 4442 575 4512 scienter
601 4442 724 4512 venire
750 4443 1025 4534 presumpserit,
1060 4461 1123 4512 nos
1151 4441 1264 4534 ipsum
1295 4442 1385 4511 ultra
1415 4461 1523 4533 penas
1547 4440 1633 4510 alias
1657 4460 1676 4508 a
1701 4441 1861 4529 joreval

423 4541 617 4609 secundum
630 4541 711 4630 jura
727 4539 842 4609 eidem
860 4537 1010 4609 inflictas
1029 4560 1092 4609 seu
1113 4539 1219 4609 etiam
1236 4538 1467 4630 infligendas,
1490 4538 1646 4630 predicta
1666 4538 1864 4612 monitione

424 4638 615 4728 premissa,
638 4660 683 4707 ex
707 4658 800 4707 nunc
820 4636 1196 4708 excommunicationis
1223 4638 1368 4708 vinculo
1394 4637 1626 4723 innodamus,
1651 4656 1758 4728 penas
1782 4658 1862 4729 pre·

425 4734 535 4806 dictas
553 4734 735 4826 infligendi
753 4734 868 4804 eidem
888 4745 923 4805 et
937 4735 1024 4806 alias
1042 4745 1163 4806 contra
1181 4755 1277 4819 eum,
1298 4748 1334 4804 ut
1350 4738 1485 4825 justum
1507 4734 1626 4826 luerit,
1645 4731 1862 4825 procedendi

405 4833 767 4911 ι16661166166661116
792 4853 960 4925 expresse
987 4833 1181 4925 plenariam
1208 4843 1437 4925 potestatem;
1464 4852 1526 4924 per
1554 4833 1696 4902 modum
1718 4851 1863 4924 quoque

423 4931 632 5020 premissum
661 4951 843 5000 monemus
863 4951 986 5001 omnes
1006 4943 1041 5001 et
1065 4931 1245 5021 singulos,
1266 4932 1521 5021 cujuscumque
1548 4928 1753 5020 dignitatis,
1776 4950 1859 5019 gra·

423 5026 511 5111 dus,
533 5041 594 5098 aut
612 5027 824 5099 conditionis
845 5028 1015 5116 existant,
1034 5050 1078 5099 66
1095 5029 1209 5121 ipsum
1232 5029 1374 5098 11611661
1395 5028 1436 5098 N.
1453 5026 1500 5097 ad
1519 5025 1725 5116 hujusmodi
1745 5029 1860 5099 nostri
