4574 6404
432 633 499 702 132
716 649 879 702 nnsorrcu
906 650 1144 717 ruoursrrrorus
1172 648 1334 704 unnurrcn
1360 645 1573 700 nuavrrurrs

431 809 531 892 tales,
547 806 778 878 commissarii
790 829 853 878 seu
866 810 992 879 vicarii
1010 809 1183 902 deputati,
1202 832 1265 903 per
1281 807 1544 900 inquisitionem
1565 828 1634 897 que
1654 804 1693 875 fit
1710 827 1864 898 genera·

431 905 511 976 liter
528 916 648 975 eontra
671 926 795 976 omnes
812 905 979 992 inlectos,
998 908 1206 992 infamatos,
1228 919 1289 977 aut
1303 914 1486 999 suspectos
1506 903 1551 974 de
1571 903 1724 974 heretica
1746 905 1864 996 pravi·

432 1015 516 1089 tate,
539 1013 573 1072 et
591 1023 653 1095 per
670 1014 745 1072 acta
763 1002 902 1095 publica
922 1016 957 1074 et
977 1025 1161 1097 processus
1181 1003 1417 1097 inquisitionis
1433 1001 1591 1093 ejusdem
1613 1001 1816 1073 invenimus
1828 1013 1866 1074 et

429 1100 585 1191 legitime
608 1100 710 1170 nohis
729 1111 867 1170 constat
886 1113 954 1171 tarn
978 1121 1042 1195 per
1058 1103 1177 1195 plures
1193 1114 1300 1173 testes
1318 1122 1423 1193 quam
1445 1120 1508 1192 per
1526 1099 1782 1170 confessionem
1799 1122 1865 1171 sen

430 1197 541 1288 magis
563 1198 815 1290 professionem
837 1199 1018 1290 profanam
1047 1200 1125 1270 talis
1144 1200 1186 1270 N.
1210 1201 1255 1271 de
1271 1198 1330 1269 tali
1351 1199 1427 1269 loco
1451 1197 1529 1267 talis
1547 1197 1709 1290 dyocesis
1726 1196 1863 1268 dudum

428 1297 522 1385 capti
537 1307 572 1364 et
592 1295 626 1363 in
649 1295 765 1366 heresi
784 1295 1016 1388 deprehensi,
1038 1297 1133 1389 qnod
1153 1300 1230 1392 ipse
1248 1318 1267 1368 a
1284 1295 1403 1367 multis
1424 1305 1518 1364 retro
1532 1295 1606 1385 jam
1628 1297 1730 1364 annis
1752 1299 1866 1366 tenuit

428 1404 464 1463 et
489 1395 647 1462 servavit
674 1404 709 1463 et
733 1390 920 1464 confitetur
951 1415 989 1464 se
1020 1416 1114 1465 nune
1138 1407 1259 1466 tenere
1290 1404 1325 1464 et
1356 1412 1501 1464 servare
1530 1392 1638 1461 vitam
1669 1404 1704 1462 et
1730 1405 1863 1463 sectam

431 1488 620 1582 fidemque,
645 1511 763 1584 ymmo
781 1488 903 1560 verius
924 1492 1122 1585 perlidiam,
1139 1492 1278 1564 illorum
1296 1491 1477 1563 hominum
1496 1494 1558 1581 qui
1577 1510 1615 1559 se
1636 1489 1730 1582 ipsos
1750 1490 1866 1563 honos

428 1585 1862 1682 hominesethonoschristianosessediount,quostamensanotaRomanaEccle·

429 1687 481 1754 sia
494 1684 647 1777 appellat
665 1685 839 1756 hereticos
852 1687 1099 1779 periectosseu
1110 1688 1323 1773 consolatos,
1336 1682 1487 1782 ylm]mo
1498 1683 1817 1773 veriusdesolatos,
1828 1697 1866 1757 et

419 1793 594 1874 tanquam
610 1782 695 1853 tales
707 1784 849 1854 eosdem
864 1789 1089 1877 persequitur
1099 1785 1396 1877 etcondempnat;
1408 1783 1468 1876 qui
1478 1787 1692 1854 creationem
1702 1785 1862 1854 omnium

429 1881 622 1951 visibilium
638 1891 673 1952 et
688 1881 920 1974 corporalium
940 1904 1055 1953 rerum
1067 1882 1325 1954 dicuntlactam
1345 1902 1424 1954 esse
1444 1902 1513 1951 non
1530 1902 1550 1951 a
1569 1881 1663 1952 hono
1675 1881 1747 1953 Deo
1763 1892 1864 1975 patre

427 1979 572 2056 celesti,
595 1993 649 2049 set
668 2002 687 2050 a
707 1980 859 2072 dyabolo
880 1980 971 2051 malo
991 1981 1058 2053 deo
1083 2004 1186 2072 quem
1210 1980 1331 2052 dicunt
1347 2002 1426 2051 esse
1445 1979 1550 2049 deum
1572 1978 1677 2068 hujus
1697 1980 1811 2050 seculi
1827 1990 1864 2052 et

429 2080 622 2169 principem
641 2077 745 2167 hujus
760 2079 895 2150 mundi.
912 2077 1012 2165 ltem,
1024 2080 1228 2171 singillatim
1244 2081 1362 2150 omnia
1380 2088 1599 2149 sacramenta
1612 2076 1780 2162 Ecclesie,
1796 2078 1864 2148 sci·

429 2175 508 2244 licet
529 2175 741 2246 eucharistie
760 2197 823 2246 seu
843 2178 984 2262 altaris,
1011 2198 1052 2246 ao
1072 2178 1237 2270 baptismi
1261 2198 1352 2268 aque
1377 2175 1592 2268 corporalis,
1619 2173 1861 2246 confirmatio·

430 2274 575 2363 nisque,
598 2284 633 2343 et
656 2274 808 2358 ordinis,
838 2295 879 2345 ac
901 2286 1060 2345 extreme
1089 2277 1266 2346 unctionis
1294 2274 1530 2367 depravantes
1557 2273 1664 2366 impie
1688 2274 1863 2365 dogmati-

429 2382 510 2439 zant
546 2391 623 2440 esse
657 2373 773 2440 inania
807 2381 913 2463 atque
940 2393 1043 2442 vana.
1078 2373 1185 2467 ltem,
1211 2375 1470 2443 matrimonium
1501 2370 1642 2441 carnale
1670 2369 1866 2463 dampnant

431 2463 472 2564 [l⁰
491 2468 537 2536 73
557 2464 591 2564 a]
615 2469 802 2560 ipsumque
822 2469 945 2540 dicunt
961 2491 1031 2540 non
1052 2491 1131 2540 esse
1149 2471 1348 2540 institutum
1368 2491 1388 2541 a
1408 2470 1502 2540 hono
1523 2470 1608 2540 Deo.
1632 2468 1732 2554 ltem,
1751 2479 1863 2540 totum

426 2576 555 2635 statum
576 2567 731 2637 Romane
750 2566 904 2638 Ecclesie
925 2578 959 2638 et
974 2588 1098 2639 omnes
1118 2568 1249 2660 gradus
1268 2579 1304 2638 et
1322 2566 1565 2638 ordinationes
1583 2567 1659 2655 ejus
1678 2576 1863 2660 contemp-

426 2675 515 2732 nunt
534 2675 569 2733 et
593 2664 806 2756 dampnant,
833 2678 1032 2737 asserentes
1056 2665 1244 2736 Romanam
1266 2664 1455 2736 Ecclesiam
1477 2677 1513 2735 et
1535 2686 1596 2735 eos
1621 2666 1683 2756 qui
1702 2685 1780 2736 eam
1801 2685 1861 2735 se·

424 2774 553 2831 cuntur
573 2783 642 2832 non
669 2762 799 2833 habere
826 2784 891 2833 nec
913 2775 1032 2834 tenere
1052 2773 1180 2835 rectam
1209 2762 1313 2834 fidem
1341 2763 1480 2833 Domini
1504 2762 1613 2833 lhesu
1632 2760 1785 2846 Christi,
1807 2774 1864 2833 set

426 2879 504 2929 esse
520 2859 694 2931 hereticos
714 2872 749 2930 et
769 2873 939 2945 errantes,
961 2864 1146 2954 ipsamque
1164 2861 1354 2932 Romanam
1375 2860 1565 2931 Ecclesiam
1586 2858 1776 2950 malignam
1797 2880 1862 2952 ap-

424 2957 558 3050 pellant
576 2972 611 3026 et
633 2958 755 3027 dicunt
774 2979 853 3029 esse
871 2959 1019 3029 sathane
1045 2979 1284 3052 synagogam,
1313 2957 1520 3049 nullumque
1547 2958 1680 3028 salvari
1699 2977 1805 3050 posse
1824 2960 1863 3028 in

425 3075 480 3133 ea,
500 3076 671 3147 suamque
690 3067 820 3126 sectam
837 3057 960 3127 dicunt
979 3077 1058 3127 esse
1078 3056 1268 3127 Ecclesiam
1289 3055 1478 3148 benignam
1494 3067 1530 3125 et
1546 3055 1739 3125 Ecclesiam
1753 3055 1863 3126 Jhesu

372 3206 376 3215 .
424 3150 572 3237 Christi,
595 3153 629 3222 in
650 3175 719 3245 qua
739 3155 853 3224 omnis
871 3155 930 3246 qni
952 3175 1030 3225 eam
1050 3165 1148 3225 tenet
1167 3163 1202 3224 et
1227 3155 1305 3224 sine
1324 3175 1393 3244 qua
1413 3152 1532 3223 nullus
1553 3152 1719 3245 pervenit
1735 3153 1781 3222 ad
1801 3173 1862 3224 sa-

424 3250 548 3319 lutem.
575 3250 841 3322 'Confessionem
862 3273 948 3323 vero
973 3263 1196 3345 peccatorum
1216 3253 1341 3322 laetam
1361 3250 1606 3322 sacerdotibus
1625 3250 1783 3320 Romane
1798 3249 1862 3325 Ec·

425 3346 532 3418 clesie
550 3349 673 3419 dicunt
694 3349 799 3419 nichil
820 3349 961 3438 valere3
984 3370 1049 3420 nec
1070 3370 1194 3443 papam
1217 3370 1282 3419 nec
1295 3349 1448 3441 aliquem
1471 3348 1515 3419 de
1535 3347 1688 3418 Ecclesia
1703 3347 1864 3419 Romana

427 3467 530 3536 posse
554 3447 706 3537 aliquem
735 3447 922 3517 absolvere
948 3458 1111 3517 asserunt
1138 3447 1383 3541 impudenter3
1410 3449 1567 3539 seipsos
1597 3456 1714 3516 autem
1738 3445 1863 3517 dicunt

426 3543 557 3614 hahere
574 3555 782 3637 potestatem
803 3545 1009 3616 absolvendi
1025 3565 1045 3614 a
1063 3546 1215 3637 peccatis
1236 3545 1400 3614 omnihus
1421 3544 1499 3615 illos
1515 3543 1575 3636 qui
1591 3564 1713 3614 eorum
1730 3554 1864 3615 sectam

427 3654 462 3712 et
482 3640 587 3712 fidem
607 3643 652 3711 ah
672 3642 757 3734 ipsis
778 3641 903 3712 volunt
923 3643 1080 3736 recipere
1097 3653 1132 3712 et
1152 3653 1285 3713 tenere.
1302 3642 1606 3713 Resurrectionem
1626 3661 1769 3734 quoque
1787 3662 1866 3713 cor-

430 3761 552 3830 porum
576 3739 808 3810 humanorum
834 3752 966 3831 negant
987 3742 1127 3833 penitus
1146 3761 1224 3811 esse
1251 3741 1425 3827 loturam,
1447 3737 1688 3830 confingentes
1707 3739 1863 3831 quedam

428 3838 623 3930 spiritualia
639 3859 785 3929 corpora
803 3839 837 3906 in
853 3838 983 3930 quihus
999 3848 1257 3921 resurrecturos
1268 3858 1308 3909 se
1324 3837 1460 3908 dicunt.
1478 3837 1549 3907 Hos
1568 3847 1602 3906 et
1616 3835 1705 3908 alios
1722 3857 1863 3908 errores

428 3935 559 4027 pariter
578 3949 612 4005 et
633 3934 797 4006 horrores
813 3933 1022 4029 profitentur
1036 3945 1071 4005 et
1086 3935 1323 4027 dogmatizant
1338 3933 1483 4006 heretici
1504 3945 1599 4004 secte
1615 3933 1674 4024 huj
1681 3955 1739 4024 us;
1754 3955 1862 4026 quam

425 4045 555 4103 sectam
577 4044 613 4103 et
637 4031 763 4119 fidem,
791 4054 910 4127 ymmo
928 4036 1048 4104 verius
1076 4030 1281 4126 perfidiam,
1311 4032 1467 4126 prelatus
1495 4032 1538 4102 N.
1559 4051 1677 4103 coram
1703 4031 1807 4102 nohis
1827 4043 1863 4103 et

428 4131 547 4201 multis
566 4130 645 4200 aliis
664 4132 818 4201 asseruit
837 4141 872 4201 et
887 4131 1012 4201 asserit
1031 4151 1070 4200 se
1090 4140 1230 4217 tenere,
1252 4151 1318 4200 nec
1332 4130 1377 4200 ah
1394 4151 1436 4201 ea
1454 4129 1652 4218 discedere,
1673 4149 1737 4200 nec
1751 4126 1860 4201 fidem

426 4228 580 4298 Romane
608 4228 761 4299 Ecclesie
787 4227 894 4299 corde
921 4228 1092 4314 eredere,
1125 4248 1190 4298 nec
1216 4249 1279 4299 ore
1304 4228 1405 4298 lateri
1424 4227 1520 4311 vult,
1546 4237 1601 4297 set
1629 4248 1706 4298 eam
1736 4229 1861 4320 pocius

428 4325 611 4410 diffitetur,
634 4326 796 4417 quamvis
815 4347 835 4394 a
857 4325 959 4396 nohis
976 4339 1012 4410 et
1031 4324 1150 4395 multis
1166 4325 1245 4396 aliis
1267 4319 1308 4422 [Ι0
1327 4324 1373 4393 73
1395 4321 1431 4422 h]
1453 4325 1573 4419 sepius
1589 4328 1742 4397 monitus
1757 4335 1793 4395 et
1809 4346 1863 4397 re·

426 4426 577 4514 quisitus
597 4424 704 4492 fuerit
732 4435 804 4504 tam¹
828 4423 1012 4494 caritative
1035 4441 1139 4516 quam
1166 4425 1271 4493 etiam
1295 4423 1464 4494 canonice
1484 4433 1523 4492 ut
1540 4444 1561 4492 a
1581 4422 1655 4493 suis
1678 4421 1861 4494 erroribus

426 4521 576 4591 resiliret
596 4535 631 4590 et
651 4521 782 4592 rediret
801 4521 846 4590 ad
865 4521 1024 4591 Ecclesie.
1041 4522 1226 4608 unitatem,
1247 4520 1331 4612 quin
1353 4541 1436 4614 ymo
1454 4521 1500 4590 ad
1525 4520 1706 4590 cumulum
1734 4517 1862 4614 damp-

426 4622 578 4690 nationis
603 4640 667 4688 sue
688 4629 853 4711 tanquam
880 4619 1086 4711 perditionis
1107 4616 1201 4688 filius
1226 4629 1262 4688 et
1280 4618 1443 4710 gehenne
1466 4629 1611 4689 mortem
1639 4617 1860 4711 corporalem

426 4717 493 4786 sihi
529 4716 730 4787 accelerans
755 4728 791 4786 et
820 4736 1012 4809 properans
1039 4717 1083 4787 ad
1111 4726 1288 4803 eternam,
1321 4716 1433 4787 abeo
1463 4727 1709 4810 temporeque
1734 4725 1860 4809 captus

424 4815 541 4882 extitit
562 4813 676 4885 noluit
694 4813 881 4906 quicquam
903 4814 1090 4885 comedere
1113 4834 1179 4883 nec
1204 4813 1329 4884 hibere
1349 4813 1416 4883 nisi
1435 4834 1563 4905 aquam
1589 4813 1752 4906 {rigidam
1782 4822 1859 4883 tan·

426 4931 531 5000 quam
551 4911 605 4980 sui
633 4911 744 5003 ipsius
767 4913 928 5004 proprius
949 4910 1138 4983 homicida.
1167 4910 1323 4999 Idcirco,
1345 4911 1428 5004 quia
1447 4909 1604 5005 prelatus
1623 4912 1664 4981 N.
1683 4911 1718 4980 in
1739 4909 1860 4981 heresi

425 5006 667 5099 deprehensus
694 5028 764 5078 non
795 5008 873 5078 vult
899 5010 1057 5080 converti
1084 5010 1130 5080 ah
1158 5009 1336 5082 erroribus
1362 5007 1407 5079 ad
1438 5028 1557 5080 veram
1585 5019 1621 5078 et
1646 5007 1856 5080 catholicam

1092 5816 1326 6016 fx
