4574 6404
460 659 531 729 tot
748 677 911 731 retortos
937 679 1176 745 montsrrrortrs
1203 682 1366 738 nnnmrcn
1391 686 1603 741 partireris.

459 837 514 906 nis
531 836 654 928 positis
682 840 717 906 in
740 837 1049 910 constitutionibus
1076 841 1272 912 lnuocentii
1298 864 1387 936 pape
1407 842 1483 913 1111ιΙ
1509 847 1597 915 inire
1618 868 1707 940 qnos
1727 858 1899 921 tenentur

458 944 611 1005 rectores
628 935 917 1006 communitatum
933 937 1048 1007 lacere
1064 938 1146 1029 eligi
1165 938 1333 1010 officiales
1342 954 1377 1011 et
1387 943 1651 1037 condempnare
1666 956 1701 1015 et
1713 946 1897 1019 sindioere

460 1031 690 1123 precedentes
705 1033 867 1125 proximo
882 1045 1085 1126 potestates,
1104 1037 1326 1129 prorogando
1335 1038 1386 1108 eis
1396 1040 1583 1111 terminum
1599 1043 1720 1113 decem
1734 1044 1892 1116 dierum.

456 1127 506 1199 lle
531 1128 597 1199 boc
626 1129 660 1198 in
687 1129 800 1200 littera
828 1130 1021 1203 Alexandri
1051 1153 1140 1226 pepe
1167 1134 1243 1204 llll¹¹
1272 1137 1540 1227 inquisitoribus
1566 1140 1601 1209 in
1636 1141 1846 1213 Lomberdie
1882 1169 1891 1213 :

455 1223 607 1296 Eaeorlis
625 1225 662 1296 t‘n
689 1223 729 1324 [ll
750 1227 820 1301 tta
839 1225 876 1326 d]
904 1250 996 1321 apro
1013 1229 1102 1320 fidei
1124 1230 1328 1303 christique.
1355 1231 1409 1302 El
1426 1235 1530 1330 infra
1553 1263 1565 1306 .·
1585 1236 1669 1306 Cum
1695 1239 1814 1329 igitur,
1850 1253 1896 1312 nt

455 1325 673 1415 accepimus,
695 1347 803 1418 supra
819 1328 912 1399 dicte
929 1328 993 1398 trie
1007 1328 1094 1398 inlre
1107 1331 1296 1420 premissos
1314 1332 1482 1404 terminos
1495 1345 1637 1428 propter
1651 1336 1807 1427 ipsorum
1818 1347 1893 1409 ter·

457 1421 629 1491 minorum
651 1424 794 1494 nimiam
814 1424 1023 1496 brevitatem
1055 1438 1274 1518 nequeunte
1303 1431 1534 1521 potestatibus
1562 1443 1598 1502 et
1624 1435 1820 1506 rectoribus
1843 1437 1891 1507 de

455 1518 546 1589 iecili
566 1518 767 1612 adimpleri,
798 1523 1052 1615 propterquod
1072 1524 1179 1595 iidem
1201 1535 1390 1617 potestates
1408 1541 1443 1597 et
1460 1540 1612 1601 rectores
1633 1530 1668 1598 in
1689 1532 1890 1603 animarum

453 1636 595 1687 suerum
618 1618 812 1708 pericnlum
834 1622 980 1714 periurii
1007 1622 1176 1694 retiaculo
1205 1625 1326 1716 sepius
1347 1625 1600 1712 involvuntur,
1624 1649 1688 1698 nos
1703 1629 1748 1699 de
1768 1641 1891 1702 vestre

455 1711 537 1783 fidei
558 1718 708 1806 puritate
727 1738 768 1788 eo
787 1717 1112 1811 circumspectionis
1131 1721 1303 1791 industria
1324 1721 1462 1814 plenem
1489 1724 1524 1793 in
1551 1723 1699 1797 Domino
1718 1723 1889 1798 fiduciam

453 1811 673 1899 obtinentes,
693 1816 902 1906 prorogandi
919 1818 1052 1887 eisdem
1071 1817 1301 1910 potestatibus
1318 1828 1353 1889 et
1370 1821 1563 1891 rectoribus
1587 1827 1755 1894 terminos
1777 1845 1889 1918 snpra

452 1909 565 1979 dictos
585 1932 696 2002 nsque
724 1913 768 1982 ed
790 1914 911 1984 decem
932 1914 1032 1996 dies,
1054 1927 1157 2008 prout
1176 1916 1346 2009 expedire
1365 1917 1422 1987 vel
1450 1940 1594 1991 necesse
1621 1921 1695 1992 lore
1722 1921 1889 1994 videritis

452 2006 497 2075 ed
519 2008 686 2099 premissa
707 2010 895 2082 efficaciter
923 2013 1145 2100 exercende,
1174 2014 1221 2083 ite
1241 2014 1335 2105 quod
1363 2035 1426 2106 per
1456 2018 1737 2108 prorogationem
1758 2018 1888 2109 bajus-

453 2105 546 2174 modi
567 2127 631 2174 nec
647 2109 791 2199 perJ'urii
814 2122 947 2179 reatum
971 2133 1034 2181 ucc
1051 2123 1167 2181 nolam
1199 2113 1400 2197 incurrent,
1430 2115 1568 2207 plenem
1591 2116 1692 2186 vobis
1712 2117 1888 2187 concedi-

452 2223 529 2272 mus
548 2207 755 2276 euotoritete
774 2211 990 2300 presentium
1010 2208 1224 2280 facultatem.

498 2299 541 2393 d)
559 2300 642 2370 ltern
669 2318 815 2397 quarto,
847 2316 994 2398 possunt
1022 2306 1247 2398 inquisitores
1271 2307 1484 2379 Lomberdie
1510 2308 1641 2401 eligere
1660 2309 1829 2382 officiales
1850 2324 1889 2384 et

450 2396 693 2485 sindioetores,
707 2403 736 2471 si
746 2402 795 2471 illi
805 2404 934 2494 quibus
946 2405 1229 2475 committiturex
1239 2406 1691 2477 constitutionelnnocentii
1705 2429 1795 2501 pape
1803 2409 1886 2480 1111*ί

451 2515 520 2565 non
542 2497 676 2589 possint
701 2498 756 2569 vel
783 2502 895 2571 nolint
921 2502 1111 2585 interesse,
1135 2501 1190 2572 vel
1208 2504 1337 2595 aliquis
1355 2524 1476 2574 eorum
1495 2558 1504 2586 ,
1526 2516 1562 2573 ut
1584 2517 1677 2596 patet
1695 2526 1742 2575 ex
1767 2507 1883 2598 privi-

451 2591 544 2683 legio
564 2593 758 2666 Alexandri
779 2619 866 2690 pape
886 2598 962 2667 ppo
984 2599 1251 2691 inquisitoribus
1267 2602 1300 2670 in
1323 2600 1530 2672 Lomberdie
1552 2627 1559 2669 :
1579 2601 1662 2671 Cum
1683 2604 1884 2674 secundnm

450 2700 606 2762 tenorem
643 2695 931 2768 constitutionum
960 2699 1005 2768 le.
1038 2719 1088 2768 rc.
1115 2698 1307 2768 lnnocentii
1329 2719 1440 2791 pape,
1465 2700 1723 2792 predecessoris
1749 2703 1881 2787 nostri,

449 2809 537 2878 ques
558 2790 592 2858 iu
614 2792 865 2885 capitularibus
881 2797 1063 2866 civitatum
1095 2795 1150 2865 vel
1173 2795 1329 2867 locorum
1350 2796 1466 2866 Ytalie
1490 2799 1650 2867 annotari
1682 2799 1880 2870 mandavit.

449 2883 503 2954 m
520 2886 623 2981 infru
641 2913 652 2956 :
673 2891 741 2962 Nos
761 2894 804 2962 ed
827 2896 936 2963 instar
957 2894 1216 2986 predecessoris
1233 2894 1392 2985 ejusdem
1417 2915 1524 2986 super
1544 2894 1610 2965 hoc
1640 2897 1730 2965 siout
1748 2916 1881 2967 conve·

450 2990 500 3058 nit
520 2986 560 3087 [1ο
583 2990 651 3058 113
678 2987 712 3086 a]
737 2992 925 3084 providere
944 2992 1126 3074 volentes,
1159 3003 1197 3061 ut
1222 2991 1251 3060 si
1275 2991 1494 3085 dyocesenus
1519 3004 1553 3062 et
1578 2994 1701 3062 fratres
1727 2993 1881 3064 Minores

448 3089 593 3178 predicti
618 3090 780 3160 electioni
812 3091 1048 3182 predictorum
1081 3091 1236 3160 virorum
1259 3090 1434 3159 noluerint
1454 3090 1508 3158 vel
1531 3111 1599 3160 non
1621 3093 1799 3182 potuerint
1823 3091 1879 3160 io-

447 3197 599 3266 tercsse,
619 3209 680 3279 per
708 3210 771 3257 vos
797 3187 853 3257 vel
875 3189 1027 3280 aliquem
1060 3200 1238 3270 vestrum,
1262 3186 1318 3255 vel
1342 3186 1419 3257 illos
1439 3188 1568 3277 quibus
1588 3188 1761 3258 duxeritis
1781 3209 1878 3260 com·

447 3283 675 3356 mittendum.
706 3287 739 3354 iu
772 3287 856 3356 locis
880 3285 1064 3377 inquibus
1090 3285 1328 3375 inquisitionis
1359 3282 1512 3354 officium
1545 3285 1719 3355 exercetis
1745 3285 1879 3376 eligere

446 3401 615 3470 personas
635 3405 697 3453 seu
721 3384 814 3452 viros
835 3382 1035 3474 hujusmodi
1057 3382 1166 3452 libere
1187 3381 1352 3465 veleatis,
1374 3383 1476 3452 vobis
1497 3396 1531 3452 et
1547 3395 1705 3452 vestrum
1726 3383 1878 3474 singulis

444 3484 653 3551 auctoritate
675 3484 889 3572 presentium
911 3482 1160 3570 indulgemus,
1184 3501 1252 3550 nou
1274 3479 1435 3549 obstante
1456 3483 1658 3569 juramento
1678 3480 1773 3571 quod
1795 3503 1877 3572 pre-

444 3579 526 3649 dicti
556 3590 745 3673 potestates
774 3592 810 3649 et
837 3591 989 3649 rectores
1016 3578 1061 3646 de
1090 3576 1322 3648 observandis
1348 3578 1548 3648 memoretis
1567 3577 1878 3649 constitutionibus

445 3678 615 3749 exhibere
644 3689 829 3760 tenentur,
855 3698 874 3746 a
903 3697 974 3767 qno
1000 3677 1094 3767 ipsos
1116 3687 1285 3767 quantum
1311 3675 1355 3744 ed
1383 3673 1447 3745 hos
1478 3677 1644 3745 articulos
1670 3675 1748 3744 sive
1772 3695 1877 3745 casus

446 3777 612 3845 duximus
631 3774 877 3844 absolvendos.

490 3876 520 3964 e)
541 3874 624 3943 ltem
645 3874 788 3964 quinto,
810 3871 1039 3964 possunthoc
1057 3872 1149 3940 idem
1170 3871 1395 3963 inquisitores
1411 3871 1619 3941 Lomberdie
1637 3871 1693 3940 vel
1712 3892 1802 3940 nnus
1822 3874 1877 3964 ip·

442 3994 560 4042 sorum
580 3971 657 4040 siue
676 3970 842 4062 predictis
858 3971 962 4040 etiam
984 3991 1054 4040 non
1075 3969 1227 4054 vocetis,
1245 3969 1336 4038 siout
1360 3982 1454 4060 petet
1476 3971 1511 4037 in
1531 3969 1783 4039 constitutione
1797 3968 1875 4039 Cle·

444 4072 570 4138 montis
599 4089 687 4161 pepe
707 4067 783 4135 llllti
811 4092 818 4135 :
850 4067 912 4136 Ad
925 4067 1144 4159 extirpando
1164 4066 1208 4135 de
1231 4066 1344 4135 medio
1369 4066 1506 4160 populi.
1540 4064 1593 4134 Et
1611 4064 1742 4157 iufra:
1775 4067 1875 4137 ldem

442 4188 583 4258 quoqne
603 4176 769 4256 potestas.
791 4162 843 4234 m
861 4163 989 4256 iufra:
1008 4166 1076 4235 Seu
1098 4164 1323 4255 inquisitores
1335 4165 1391 4233 vel
1413 4164 1600 4255 inquisitor
1615 4163 1769 4233 heretice
1791 4186 1874 4256 pre-

443 4265 562 4333 vitetis
582 4264 724 4333 duxerit
744 4263 938 4354 eligendos.

488 4361 531 4455 f)
554 4360 637 4430 ltem
664 4372 787 4446 sexto,
810 4373 957 4453 possunt
983 4361 1208 4453 inquisitores
1234 4359 1441 4430 Lomberdie
1462 4380 1530 4429 uua
1556 4380 1636 4429 otim
1656 4359 1873 4452 dyocesanis

442 4461 496 4530 vel
517 4479 638 4528 eorum
661 4459 822 4543 vicariis,
846 4469 881 4528 et
901 4461 1004 4528 etiam
1031 4458 1060 4529 si
1087 4458 1313 4550 inquisitores
1335 4468 1515 4550 presentes
1544 4478 1612 4527 non
1633 4457 1780 4543 luerint3
1802 4455 1875 4529 hoc

440 4557 532 4627 idem
556 4567 668 4648 potest
687 4556 906 4648 dyocesauus
927 4557 982 4626 vel
1002 4557 1078 4647 ejus
1097 4556 1269 4639 vicarius,
1288 4555 1453 4624 videlicet
1475 4556 1598 4624 audire
1619 4555 1781 4624 dominos
1801 4552 1873 4627 do-

442 4675 576 4724 morum
594 4655 628 4722 in
648 4654 777 4745 quibus
791 4653 936 4723 heretici
957 4653 1082 4745 reperti
1105 4653 1245 4733 luerint,
1268 4653 1297 4723 si
1319 4652 1442 4723 volunt
1462 4655 1610 4744 probare
1631 4651 1872 4722 innocentiam

440 4773 561 4838 suem3
583 4773 686 4843 qnam
708 4753 738 4819 si
758 4751 998 4844 probaverint,
1020 4762 1165 4844 possunt
1182 4763 1217 4821 et
1236 4751 1367 4822 debent
1385 4771 1446 4820 eos
1461 4750 1622 4820 eximere
1641 4770 1661 4819 e
1701 4749 1778 4818 eois
1796 4770 1872 4840 que

439 4860 558 4918 contra
583 4848 669 4918 tales
694 4850 730 4917 in
757 4849 1068 4921 constitutionibus
1087 4849 1334 4931 continentur,
1364 4848 1456 4918 sicot
1482 4858 1577 4940 petet
1599 4867 1644 4917 ex
1676 4773 1716 4942 (lt
1737 4845 1806 4914 tta
1831 4843 1868 4944 b]

438 4947 693 5016 consultatione
713 4945 904 5015 Alexandri
922 4965 1012 5040 pepe
1033 4946 1106 5016 1111ιί
1128 4946 1394 5039 inquisitoribus
1414 4946 1449 5014 in
1473 4944 1682 5015 Lomberdie
1707 4968 1715 5011 :
1739 4942 1870 5014 Felicis

440 5043 689 5113 recordationis
704 5043 926 5114 innocentius
941 5065 1042 5137 pape,
1060 5044 1286 5136 predecessor
1301 5053 1433 5129 noster,
1451 5042 1586 5113 dudum
1598 5040 1770 5134 quasdem
1780 5061 1868 5110 con·

997 5740 1355 6025 Ὗ
