4612 6404
429 629 501 700 act
716 642 880 696 anacrrca
905 642 1148 708 rnoursrrronrs
1175 643 1337 697 aaaarrcr
1363 643 1576 701 rmvrrarrs.

430 825 583 897 cumque
602 813 637 874 et
655 802 868 894 ubicumque
886 803 1025 875 scivero
1049 824 1127 874 esse
1153 801 1329 896 predictos
1355 802 1412 873 vel
1432 801 1586 895 aliquem
1610 803 1657 876 de
1676 804 1860 896 predictis.

431 901 537 988 ltem,
554 901 636 993 juro
654 911 760 991 atqua
781 899 945 992 promitto
961 922 1021 971 me
1040 911 1161 972 tenere
1182 911 1217 971 et
1237 921 1382 971 servare
1406 920 1447 970 ac
1467 901 1659 973 delendam
1678 899 1784 974 fidem
1804 922 1864 973 oa·

432 999 597 1071 thelicam
618 1018 722 1091 quam
738 997 894 1068 Romana
912 997 1065 1069 Ecclesia
1087 999 1244 1092 predicat
1267 1009 1300 1067 et
1321 998 1500 1069 observat.
1523 998 1628 1087 ltem,
1647 1000 1730 1092 iuro
1758 1011 1865 1093 atque

433 1097 598 1190 promitto
621 1114 743 1188 parere
760 1104 795 1165 et
813 1093 959 1166 obedire
980 1095 1153 1167 mandatis
1173 1095 1328 1166 Ecclesia
1352 1106 1388 1165 et
1406 1094 1655 1188 inquisitorum
1682 1108 1718 1169 et
1739 1099 1864 1169 venire

432 1194 477 1265 ad
498 1195 590 1264 diem
612 1204 647 1263 et
665 1192 742 1263 dies
760 1213 878 1264 coram
899 1192 985 1287 ipsis
1004 1193 1061 1263 vel
1083 1214 1203 1264 eorum
1225 1193 1301 1264 loca
1320 1193 1543 1279 tenentibus,
1567 1195 1865 1288 quandocumque

432 1302 468 1363 et
486 1293 808 1384 quocienscumque
831 1290 931 1361 luero
957 1293 1142 1362 mandatus
1168 1311 1230 1361 seu
1255 1290 1445 1382 requisitus
1467 1290 1513 1361 ab
1538 1294 1590 1362 cis
1610 1313 1674 1385 per
1692 1293 1863 1366 nuncium

432 1389 488 1460 uel
511 1388 659 1459 litteram
679 1409 742 1458 seu
763 1388 872 1477 alias,
892 1399 927 1458 et
948 1409 1126 1481 nunquam
1145 1390 1284 1480 lugere,
1307 1409 1372 1458 uec
1391 1409 1446 1458 me
1462 1388 1615 1460 scienter
1631 1401 1667 1460 et
1682 1402 1866 1463 contuma-

431 1486 520 1557 citer
538 1488 742 1570 absentare,
762 1496 798 1555 et
816 1485 995 1578 suscipere
1014 1498 1050 1557 et
1070 1508 1134 1579 prc
1157 1507 1260 1580 posse
1281 1507 1359 1557 mec
1378 1484 1556 1578 complere
1576 1507 1701 1581 penam
1722 1509 1787 1562 seu
1808 1508 1866 1583 pe·

432 1584 615 1655 nitentiam
641 1604 746 1676 quam
775 1583 879 1654 michi
907 1583 1075 1655 duxerint
1099 1584 1371 1676 injungendam,
1392 1595 1427 1654 et
1453 1584 1498 1654 ad
1520 1584 1587 1656 hoc
1609 1584 1730 1676 obligo
1755 1607 1813 1659 me
1831 1595 1866 1657 et

431 1683 549 1753 omnia
568 1682 660 1753 bona
681 1701 771 1751 mea.

432 1937 466 2000 2.
492 1936 622 2001 Modus
637 1944 761 2001 autem
777 1937 964 2001 scribendi
983 1938 1252 2017 abjurationem
1275 1954 1340 2017 per
1363 1938 1549 2001 notarium
1568 1938 1608 2001 in
1632 1937 1703 2002 llne
1723 1938 1865 2007 contos·

904 2046 1021 2110 sionis
1035 2045 1170 2125 poterit
1184 2061 1264 2108 esse
1279 2045 1377 2111 talis.

480 2258 664 2330 Prediotus
690 2281 776 2331 vero
803 2260 881 2332 talis
907 2261 949 2332 N.
976 2261 1107 2332 ibidem
1134 2262 1170 2330 iu
1195 2262 1324 2353 juditio
1348 2262 1559 2333 constitutus
1584 2283 1701 2333 coram
1732 2263 1866 2355 prelato

432 2355 578 2428 domino
607 2357 834 2451 inquisitore,
862 2359 1093 2431 sacrosanctis
1122 2359 1183 2429 Dei
1202 2358 1404 2450 Evangeliis
1429 2359 1552 2452 positis
1580 2380 1697 2430 coram
1727 2361 1806 2453 ipso
1832 2373 1866 2434 et

433 2455 662 2549 corporaliter
681 2475 786 2525 manu
806 2457 924 2544 tactis,
943 2456 1045 2528 llexis
1064 2456 1234 2549 genibus,
1251 2457 1429 2548 abiuravit
1448 2457 1588 2551 penitus
1603 2478 1744 2528 omnem
1765 2457 1866 2531 here

431 2554 497 2623 sim
519 2564 554 2623 et
569 2574 706 2624 omnem
725 2554 939 2625 credentiam
960 2554 1194 2626 hereticorum
1210 2555 1463 2647 cujuscumque
1479 2565 1575 2625 secte
1594 2555 1785 2647 dampnate
1805 2578 1866 2650 per

431 2648 621 2723 Ecclesiam
642 2651 857 2739 Romanam,
880 2653 1162 2745 quibuscumque
1182 2653 1383 2724 nominibus
1402 2661 1630 2739 censeantur,
1653 2664 1689 2723 et
1704 2654 1866 2746 speciali·

432 2759 486 2820 ter
503 2749 582 2820 talis
601 2749 659 2820 vel
681 2748 758 2820 talis
777 2760 873 2821 secte
887 2748 1164 2846 (empmmotur),
1181 2763 1217 2821 et
1230 2772 1369 2822 omnem
1390 2750 1567 2836 favorem,
1583 2761 1645 2820 aut
1660 2751 1862 2840 lectoriam,

431 2857 467 2918 et
486 2850 778 2940 receptatiouem,
800 2858 835 2919 et
859 2848 1121 2935 delensiouem,
1143 2869 1184 2919 ac
1209 2848 1510 2941 participationem
1536 2869 1657 2919 eorum
1683 2849 1751 2919 sub
1775 2870 1864 2942 pona

431 2966 500 3036 que
516 2944 654 3034 dejure
669 2945 819 3017 debetur
834 2945 982 3040 relapsis
1001 2947 1035 3017 in
1057 2947 1208 3017 heresim
1225 2947 1259 3015 in
1278 2945 1408 3036 juditio
1424 2947 1636 3036 abjuratum.
1659 2945 1764 3030 ltem,
1788 2968 1866 3041 pro·

431 3042 527 3112 misit
544 3054 651 3133 atque
672 3043 807 3132 juravit
825 3064 864 3114 se
883 3066 948 3139 pro
971 3065 1075 3138 posse
1093 3065 1159 3115 suo
1185 3045 1348 3136 persequi
1373 3054 1408 3113 et
1427 3044 1594 3136 detegere
1618 3065 1681 3114 seu
1704 3045 1865 3116 revelare

433 3134 475 3234 [l⁰
496 3139 564 3208 t56
583 3135 616 3237 c]
634 3152 669 3211 et
687 3141 802 3212 lacere
818 3142 896 3237 capi
918 3152 954 3213 et
973 3142 1073 3212 reddi
1093 3142 1359 3234 inquisitoribus
1383 3140 1537 3213 heretice
1558 3142 1742 3234 pravitatis
1760 3141 1863 3214 here·

432 3237 520 3308 ticos
539 3239 793 3330 cujuscumque
811 3252 907 3311 secte
926 3238 1130 3333 dampnate,
1146 3251 1181 3310 et
1199 3240 1400 3332 credentes,
1414 3250 1449 3310 et
1469 3240 1638 3325 lautores,
1658 3252 1693 3309 et
1712 3251 1866 3333 recepta·

432 3344 547 3419 tores,
568 3356 609 3406 ac
628 3336 831 3408 defensores
850 3358 993 3423 eorum,
1015 3349 1051 3408 et
1070 3337 1175 3408 etiam
1195 3339 1274 3407 illos
1295 3358 1384 3430 quos
1403 3338 1509 3407 sciret
1526 3336 1583 3408 vel
1603 3337 1766 3408 crederet
1785 3359 1864 3410 esse

432 3455 495 3527 pro
514 3432 631 3504 heresi
651 3433 834 3525 lugittivos
859 3445 893 3506 et
912 3436 1059 3506 nuncios
1083 3436 1254 3529 ipsorum,
1276 3435 1572 3527 quandocumque
1590 3445 1626 3505 et
1648 3435 1865 3529 ubicumque

431 3531 576 3603 sciverit
590 3552 668 3602 esee
686 3532 861 3625 predictos
877 3533 935 3603 vel
952 3533 1105 3625 aliquem
1122 3533 1167 3604 de
1187 3533 1366 3627 predictis.
1384 3534 1489 3615 ltem,
1507 3531 1640 3623 juravit
1657 3543 1765 3625 atque
1782 3554 1864 3627 pro·

432 3630 528 3701 misit
545 3652 584 3701 se
602 3639 722 3700 tenere
741 3640 777 3700 et
797 3651 942 3702 servare
960 3651 1002 3702 ac
1021 3630 1213 3702 detondere
1232 3630 1337 3702 tidem
1358 3630 1563 3701 catholicam
1582 3651 1687 3722 quam
1708 3629 1867 3703 Ecclesia

430 3727 585 3801 llomeua
605 3728 761 3823 predicat
778 3739 814 3799 et
832 3730 1011 3800 observat.
1033 3729 1139 3817 Item,
1158 3729 1293 3821 juravit
1312 3738 1347 3798 et
1366 3728 1526 3821 promisit
1545 3749 1669 3822 parere
1689 3729 1867 3802 mandatis

431 3824 588 3899 Ecclesia
606 3835 642 3898 et
662 3826 909 3919 inquisitorum
934 3839 969 3898 et
990 3828 1113 3898 venire
1137 3828 1182 3898 ad
1202 3826 1295 3898 diem
1317 3837 1353 3896 et
1378 3826 1455 3897 dies
1474 3846 1591 3897 coram
1612 3825 1698 3918 ipsis
1725 3825 1785 3897 vel
1803 3847 1867 3898 eo·

430 3947 509 3996 rum
530 3925 606 3997 loca
627 3924 842 4013 tenentibus,
867 3924 1163 4018 quandocumque
1184 3937 1220 3996 et
1238 3924 1535 4018 quociescumque
1554 3923 1659 3993 luerit
1677 3923 1866 3997 mandatus

431 4024 490 4095 vel
516 4022 706 4116 requisitus
744 4045 807 4116 per
838 4022 1005 4093 nuncium
1034 4023 1092 4094 vel
1121 4023 1271 4093 litteram
1303 4043 1365 4092 seu
1391 4021 1512 4109 aliter,
1542 4031 1577 4092 et
1602 4043 1783 4114 uunquam
1814 4022 1867 4093 lu-

430 4143 535 4219 gere,
551 4143 616 4192 nec
630 4143 669 4192 se
682 4123 835 4192 scienter
849 4132 885 4191 et
902 4121 1155 4192 contumaciter
1170 4121 1374 4207 absentare,
1392 4130 1427 4189 et
1443 4119 1623 4212 suscipere
1638 4131 1675 4189 et
1684 4120 1866 4215 complere

430 4242 496 4314 pro
516 4239 700 4313 possesne
721 4240 846 4312 penam
862 4240 925 4290 seu
946 4218 1178 4312 penitentiam
1190 4239 1295 4310 quam
1316 4217 1382 4288 sibi
1398 4216 1565 4288 duxerint
1584 4217 1862 4309 injungendam

431 4327 467 4389 et
486 4317 530 4390 ad
550 4317 618 4389 boc
635 4316 808 4407 obligavit
826 4337 865 4387 se
884 4326 919 4387 et
936 4316 1054 4387 omnia
1074 4316 1168 4388 bona
1186 4337 1263 4386 sua.

483 4573 518 4637 3.
543 4572 674 4637 Modus
689 4571 932 4636 concludendi
948 4578 984 4635 et
1000 4569 1186 4635 scribendi
1199 4570 1239 4634 in
1254 4567 1325 4634 dne
1342 4567 1588 4634 confessionis
1598 4569 1803 4647 judicialis.

478 4817 520 4888 Et
536 4818 587 4889 sic
606 4817 783 4912 predictus
799 4816 877 4886 talis
892 4814 934 4884 N.
953 4815 1018 4884 luit
1032 4814 1163 4884 ibidem
1183 4835 1244 4907 per
1263 4815 1395 4886 dictum
1413 4814 1596 4884 domiuum
1613 4812 1861 4903 inquisitorem

430 4915 690 5002 reconsiliatus,
712 4925 748 4984 et
765 4912 960 4984 secundum
979 4911 1126 4983 lormam
1146 4911 1300 4983 Ecclesie
1318 4912 1364 4981 ab
1383 4910 1759 4982 excommnuicationis
1781 4931 1861 4982 seu·

431 5014 538 5082 tentia
557 5022 678 5083 contra
699 5011 784 5081 tales
809 5011 877 5079 lata
896 5029 915 5077 a
936 5029 1072 5080 canone
1090 5007 1295 5101 absolutus,
1319 5010 1351 5077 si
1371 5017 1487 5078 tamen
1512 5007 1558 5080 de
1576 5006 1683 5079 corde
1707 5008 1803 5080 bono
1821 5018 1857 5080 et
