4574 6404
427 650 479 719 ab
719 669 882 721 emerim
908 670 1148 736 rnoursrrrorus
1175 673 1337 725 uunsrrcu
1363 672 1572 723 autumaris.

430 826 640 896 senteutiam
674 827 949 920 condempnata,
976 840 1013 898 ut
1039 839 1109 900 tota
1137 851 1216 902 cum
1249 829 1323 901 suis
1346 830 1563 924 appendiciis
1598 831 1755 903 fonditus
1779 833 1862 904 des·

433 932 587 1010 truatur,
612 925 761 1016 ejusque
793 925 937 995 materia
970 927 1014 996 ad
1040 939 1197 998 nostrum
1230 927 1411 998 arbitrium
1440 929 1683 1014 comburatur,
1711 929 1767 1002 vel
1795 932 1862 1024 piis

432 1020 554 1092 usibus
583 1022 793 1115 applicetur,
815 1043 897 1109 nos,
920 1023 986 1117 piis
1007 1026 1239 1116 quorumdam
1258 1027 1429 1096 bonorum
1446 1026 1602 1097 virorum
1624 1028 1788 1120 precibus
1808 1029 1862 1099 in-

432 1116 570 1204 clinati,
595 1140 731 1190 necnon
753 1120 902 1190 utilitate
921 1141 962 1190 ac
981 1123 1189 1194 necessitate
1215 1123 1292 1194 talis
1318 1123 1499 1216 hospitalis
1518 1123 1563 1194 de
1584 1124 1642 1194 tali
1663 1125 1740 1196 loco
1758 1124 1859 1219 (vals

434 1215 513 1286 talis
533 1217 660 1288 domus
679 1218 923 1309 religiosorum
944 1219 1080 1315 talium)
1100 1221 1249 1314 provida
1268 1220 1550 1292 consideratione
1573 1233 1731 1316 pensata,
1753 1235 1861 1295 totam

431 1314 611 1385 materiam
631 1316 724 1386 dicte
744 1316 889 1402 domus,
911 1337 989 1386 cum
1016 1318 1132 1389 diruta
1156 1318 1331 1404 extiterit,
1354 1318 1564 1410 reparationi
1587 1340 1651 1391 seu
1679 1319 1860 1393 reedifica-

431 1411 515 1480 tioni
535 1423 570 1482 et
588 1412 674 1483 alias
694 1412 837 1483 utilitati
857 1435 920 1484 seu
939 1415 1137 1486 necessitati
1156 1417 1280 1509 prelati
1297 1415 1478 1508 hospitalis
1496 1417 1591 1511 (eel.·
1609 1418 1687 1489 talis
1705 1419 1857 1513 operis),

429 1511 718 1602 auctoritateqna
737 1511 930 1600 fungimur,
950 1523 1070 1583 tenore
1086 1514 1300 1607 presentium
1321 1513 1551 1606 applicamus,
1568 1515 1782 1602 inhibentes,
1803 1537 1860 1587 ca-

430 1607 554 1679 nonica
575 1609 767 1679 monitione
789 1609 957 1702 premissa
969 1663 979 1697 ,
999 1611 1066 1681 sub
1086 1632 1176 1704 pena
1204 1611 1601 1694 excommunicationis,
1623 1634 1668 1683 ne
1687 1614 1766 1707 quis
1785 1615 1860 1684 dic-

431 1716 499 1775 tam
527 1706 706 1776 materiam
735 1706 817 1776 alibi
846 1707 1032 1778 transierat
1056 1730 1119 1779 seu
1150 1718 1383 1802 transportet,
1404 1709 1461 1778 vel
1489 1731 1565 1779 eam
1596 1710 1768 1780 distrahat
1795 1733 1858 1783 seu

428 1802 571 1889 alienet,
589 1804 655 1874 nisi
676 1805 862 1874 dumtaxat
881 1805 926 1874 ad
947 1805 1131 1875 utilitatem
1151 1807 1236 1876 dicti
1256 1805 1437 1899 hospitalis
1461 1805 1532 1900 (sarr
1550 1808 1684 1901 operis)
1703 1809 1760 1879 cui
1780 1831 1857 1880 eam

429 1904 598 1973 duximus
620 1902 878 1996 applicandam.
901 1904 937 1972 ln
958 1904 1058 1993 cujus
1079 1905 1128 1974 rei
1153 1904 1389 1975 testimonium
1410 1904 1563 1994 sigillum
1585 1919 1765 1998 nostr-um,
1786 1920 1855 1976 etc.

476 2001 520 2072 Si
536 2007 653 2071 autem
672 1999 839 2069 videatur
857 2001 1059 2094 saepedictas,
1075 2001 1208 2094 poterit
1224 2006 1273 2072 ita
1291 2000 1400 2073 scribi
1416 2024 1529 2095 supra
1546 2001 1585 2071 in
1605 2002 1673 2073 loco
1690 2026 1751 2073 suo
1772 2030 1783 2072 :

480 2094 532 2194 [1²⁰
552 2097 598 2171 32
621 2094 662 2265 dg
686 2097 901 2182 lnhibeutes‚
923 2103 1091 2170 canonica
1111 2102 1304 2172 monitione
1330 2102 1513 2193 premissa,
1536 2099 1796 2194 perhemptoria
1817 2122 1858 2172 ac

427 2200 577 2288 precise,
595 2217 635 2265 su
682 2216 770 2289 pena
786 2199 1173 2284 excommnuicationis,
1192 2200 1332 2290 nequis
1349 2196 1477 2267 dictam
1497 2201 1692 2282 materiam,
1715 2210 1799 2285 etc,
1820 2212 1858 2270 ut

428 2314 553 2389 snpra:
577 2294 732 2386 alioquin
753 2297 789 2362 in
808 2293 974 2365 iacientes
991 2298 1225 2383 contrarium,
1247 2298 1454 2366 auctoritate
1473 2296 1663 2389 apostolica
1681 2317 1750 2388 qna
1771 2297 1854 2367 lun-

429 2395 559 2483 gimur,
576 2392 640 2461 hac
656 2403 775 2461 nostra
794 2394 961 2462 canonica
978 2396 1171 2463 monitione
1183 2397 1366 2485 premissa,
1380 2395 1416 2461 in
1432 2392 1500 2463 hiis
1511 2395 1735 2486 presentibus
1750 2398 1859 2488 scrip

428 2493 473 2561 tis
493 2489 867 2561 excommnuicationis
894 2491 1104 2560 seutentiam
1130 2491 1406 2584 promulgamus.
1435 2489 1475 2561 ln
1502 2492 1604 2581 cujus
1626 2495 1677 2562 rei
1697 2495 1858 2564 testimo-

427 2591 539 2674 uium,
562 2598 629 2658 etc.

426 2843 486 2907 34.
511 2844 645 2908 Forma
659 2844 844 2908 scribendi
859 2851 990 2908 contra
1006 2844 1246 2908 molestantes
1261 2843 1345 2907 illos
1361 2843 1494 2924 quibus
1510 2859 1639 2907 cruces
1653 2843 1700 2907 ad
1712 2851 1858 2923 portan-

758 2952 845 3015 dum
860 2952 1008 3015 nomine
1025 2950 1228 3031 penitentie
1244 2958 1333 3014 sunt
1347 2951 1525 3029 injuncta.

474 3166 595 3238 Frater
613 3166 813 3239 Bernardus
833 3169 1021 3261 inquisitor
1042 3169 1194 3240 heretice
1214 3169 1420 3261 pravitatis,
1442 3180 1527 3252 etc,
1545 3165 1710 3238 omnibus
1728 3163 1856 3236 Christi

426 3263 590 3335 fidelibus
612 3267 657 3336 ad
680 3286 769 3357 quos
795 3278 978 3359 presentes
1007 3267 1122 3337 littere
1147 3267 1376 3359 pervenerint
1397 3264 1470 3360 tvel
1495 3292 1506 3334 .·
1534 3264 1592 3334 tali
1621 3262 1742 3353 bajulo
1767 3262 1851 3334 vel:

424 3364 629 3435 consulibus
646 3364 725 3435 talis
748 3361 845 3456 loci),
867 3364 1014 3435 salutem
1038 3368 1074 3434 in
1093 3374 1212 3436 actore
1230 3362 1312 3436 fidei
1335 3364 1486 3436 Domino
1510 3362 1615 3433 lbesu
1633 3358 1784 3432 Christo.
1806 3402 1855 3413 -

424 3460 509 3531 Cum
528 3472 647 3533 sancta
670 3472 780 3532 mater
799 3462 953 3533 Ecclesia
969 3462 1055 3532 nulli
1075 3463 1217 3533 claudat
1232 3463 1404 3554 gremium
1424 3461 1606 3544 redeunti,
1628 3479 1747 3552 ymmo
1764 3479 1853 3550 gau-

425 3560 513 3631 dens
528 3563 691 3654 suscipit,
711 3561 824 3647 toret,
842 3561 995 3652 protegit
1016 3560 1231 3653 penitentes,
1253 3561 1420 3654 exemplo
1440 3559 1489 3651 pii
1509 3559 1618 3650 patris
1635 3557 1773 3643 edocta,
1794 3557 1857 3648 qui

426 3659 611 3750 prodigum
633 3656 742 3727 lilium
764 3668 999 3728 revertentem
1016 3659 1143 3728 festiva
1159 3679 1238 3727 cum
1257 3658 1366 3729 letitia
1383 3655 1586 3747 recollegit3
1608 3648 1752 3737 idcirco,
1771 3674 1856 3724 auc·

427 3760 565 3826 toritate
595 3756 787 3849 apostolica
816 3778 885 3849 qua
915 3757 1113 3847 fungimur,
1136 3755 1360 3843 inhibemus,
1394 3765 1430 3825 et
1462 3756 1632 3846 premissa
1663 3753 1857 3823 monitione

425 3856 594 3925 canonica
624 3853 690 3923 snb
723 3873 811 3947 pena
850 3856 1226 3925 excommunicationis
1261 3854 1472 3948 precipimus
1505 3863 1548 3921 et¹
1575 3850 1783 3920 mandamus
1810 3871 1856 3921 ne

425 3952 512 4023 tales
545 3951 671 4021 detali
695 3951 772 4022 loco
801 3951 1066 4044 lemprimantar
1084 3951 1246 4047 mutina)
1270 3953 1399 4043 quibus
1425 3959 1590 4040 tauquam
1617 3946 1855 4041 penitentibus

424 4049 458 4117 in
481 4050 709 4142 penitentiam
730 4061 765 4120 et
784 4050 926 4120 nomine
942 4051 1134 4142 penitentie
1159 4070 1221 4143 per
1242 4070 1306 4120 uos
1333 4047 1404 4143 (ael
1426 4045 1476 4117 sic
1501 4074 1508 4115 :
1541 4068 1602 4141 per
1627 4045 1855 4136 inquisitores

425 4147 692 4239 predecessores
712 4145 867 4241 nostros)
895 4169 1018 4219 cruces
1042 4157 1125 4217 sunt
1143 4146 1306 4240 imposita
1327 4147 1371 4217 ad
1401 4145 1625 4238 portandum,
1644 4153 1680 4213 et
1702 4143 1856 4236 peregri·

426 4245 585 4314 nationes
606 4244 762 4336 iniuncte
781 4246 825 4316 ad
848 4245 1060 4329 laciendum,
1084 4264 1145 4337 pro
1165 4244 1234 4315 hiis
1252 4246 1288 4313 in
1307 4244 1436 4338 quibus
1458 4244 1494 4310 in
1515 4242 1605 4313 lacto
1624 4262 1687 4311 seu
1706 4240 1854 4311 crimine

425 4341 560 4412 heresis
578 4345 844 4432 commiserunt,
866 4343 994 4435 aliquis
1016 4339 1056 4439 [l0
1075 4343 1120 4411 33
1135 4339 1169 4440 a]
1191 4342 1321 4413 audeat
1342 4341 1503 4426 irridere,
1531 4361 1597 4410 nec
1619 4359 1640 4409 a
1663 4338 1749 4410 locis
1769 4358 1853 4430 prn-

423 4441 509 4533 priis
534 4461 597 4510 seu
626 4442 873 4512 communibus
899 4443 1119 4513 commerciis
1142 4440 1348 4527 excludere,
1377 4438 1432 4509 vel
1465 4436 1739 4530 quoquomodo
1765 4435 1853 4506 alias

426 4538 627 4627 molestare,
648 4559 694 4608 ne
714 4560 761 4609 ex
787 4539 854 4610 hoc
876 4538 1075 4609 retardetur
1093 4539 1280 4608 conversio
1301 4545 1537 4632 peccatorum,
1569 4544 1604 4605 et
1623 4555 1667 4604 ne
1688 4534 1851 4604 conversi

350 4654 352 4660 ‘
423 4648 566 4729 propter
587 4635 809 4723 scandalum,
833 4637 969 4729 abjecta
993 4635 1209 4729 penitentia,
1235 4636 1458 4722 relabantur3
1478 4633 1565 4724 quin
1596 4652 1715 4725 ymmo
1742 4630 1853 4703 libere

423 4732 669 4824 permittantur
690 4745 758 4805 tam
778 4735 813 4804 iu
830 4735 916 4805 locis
933 4734 1027 4804 nude
1048 4744 1231 4804 traxerunt
1249 4734 1421 4826 originem
1442 4751 1548 4823 quam
1572 4729 1655 4800 alibi
1676 4730 1737 4799 ubi
1755 4750 1851 4800 cnm·

423 4829 563 4900 modius
583 4831 762 4923 potuerint
777 4831 937 4903 babitare
965 4850 1137 4923 suamque
1160 4852 1267 4922 agere
1286 4831 1516 4924 penitentiam
1536 4828 1612 4898 sine
1636 4826 1795 4897 molestia
1816 4836 1852 4897 et

425 4928 460 4995 iu
482 4947 580 5018 pace,
602 4929 771 5020 quamdin
792 4950 854 5000 sna
877 4931 1100 5002 conversatio
1119 4927 1233 5000 fidelis
1258 4941 1293 4999 et
1310 4927 1479 4999 catholica
1498 4926 1699 5020 apparuerit
1719 4925 1850 5015 legitti-

426 5025 492 5093 mis
524 5023 765 5116 documentis3
792 5026 879 5097 alias
912 5028 1005 5098 enim
1040 5026 1266 5098 molestantes
1293 5028 1388 5120 ipsos
1419 5024 1576 5096 indebite
1610 5041 1699 5116 pena
1731 5020 1851 5092 debita
