<?xml version="1.0" encoding="UTF-8"?>
<!DOCTYPE html PUBLIC "-//W3C//DTD XHTML 1.0 Transitional//EN"
    "http://www.w3.org/TR/xhtml1/DTD/xhtml1-transitional.dtd">
<html xmlns="http://www.w3.org/1999/xhtml" xml:lang="en" lang="en">
 <head>
  <title>
</title>
<meta http-equiv="Content-Type" content="text/html;charset=utf-8" />
  <meta name='ocr-system' content='tesseract 3.04.00' />
  <meta name='ocr-capabilities' content='ocr_page ocr_carea ocr_par ocr_line ocrx_word'/>
</head>
<body>
  <div class='ocr_page' id='page_1' title='image "./practicainquisi00douagoog_0211.png"; bbox 0 0 4612 6404; ppageno 0'>
   <div class='ocr_carea' id='block_1_1' title="bbox 432 664 1573 747">
    <p class='ocr_par' dir='ltr' id='par_1_1' title="bbox 432 664 1573 747">
     <span class='ocr_line' id='line_1_1' title="bbox 432 664 1573 747; baseline 0 -16"><span class='ocrx_word' id='word_1_1' title='bbox 432 664 503 732; x_wconf 73' lang='lat'>226</span> <span class='ocrx_word' id='word_1_2' title='bbox 573 678 577 690; x_wconf 88' lang='lat'><strong>·</strong></span> <span class='ocrx_word' id='word_1_3' title='bbox 718 679 881 733; x_wconf 72' lang='lat' dir='ltr'>amorrui</span> <span class='ocrx_word' id='word_1_4' title='bbox 907 680 1148 747; x_wconf 78' lang='lat' dir='ltr'>meursrrmurs</span> <span class='ocrx_word' id='word_1_5' title='bbox 1175 679 1337 733; x_wconf 80' lang='lat' dir='ltr'>usnuucu</span> <span class='ocrx_word' id='word_1_6' title='bbox 1362 679 1573 732; x_wconf 80' lang='lat' dir='ltr'>rnuvrrarrs.</span> 
     </span>
    </p>
   </div>
   <div class='ocr_carea' id='block_1_2' title="bbox 431 838 1869 1522">
    <p class='ocr_par' dir='ltr' id='par_1_2' title="bbox 431 838 1869 1522">
     <span class='ocr_line' id='line_1_2' title="bbox 433 838 1869 932; baseline 0.003 -24"><span class='ocrx_word' id='word_1_7' title='bbox 433 838 701 930; x_wconf 86' lang='lat' dir='ltr'>fidejussoribus</span> <span class='ocrx_word' id='word_1_8' title='bbox 716 839 783 909; x_wconf 91' lang='lat' dir='ltr'>sub</span> <span class='ocrx_word' id='word_1_9' title='bbox 799 839 898 931; x_wconf 90' lang='lat' dir='ltr'>penis</span> <span class='ocrx_word' id='word_1_10' title='bbox 916 839 1102 932; x_wconf 93' lang='lat' dir='ltr'>dequibus</span> <span class='ocrx_word' id='word_1_11' title='bbox 1117 839 1341 910; x_wconf 89' lang='lat' dir='ltr'>videbituret</span> <span class='ocrx_word' id='word_1_12' title='bbox 1356 850 1494 932; x_wconf 88' lang='lat' dir='ltr'>recepta</span> <span class='ocrx_word' id='word_1_13' title='bbox 1506 841 1676 929; x_wconf 77' lang='lat' dir='ltr'><strong>juratoria</strong></span> <span class='ocrx_word' id='word_1_14' title='bbox 1696 842 1869 913; x_wconf 86' lang='lat' dir='ltr'>cautione</span> 
     </span>
     <span class='ocr_line' id='line_1_3' title="bbox 432 936 1868 1029; baseline 0.001 -20"><span class='ocrx_word' id='word_1_15' title='bbox 432 938 477 1009; x_wconf 92' lang='lat' dir='ltr'>de</span> <span class='ocrx_word' id='word_1_16' title='bbox 497 937 732 1029; x_wconf 80' lang='lat' dir='ltr'>comparando</span> <span class='ocrx_word' id='word_1_17' title='bbox 751 936 1045 1029; x_wconf 81' lang='lat' dir='ltr'>quandocumque</span> <span class='ocrx_word' id='word_1_18' title='bbox 1068 937 1198 1008; x_wconf 90' lang='lat' dir='ltr'>luerint</span> <span class='ocrx_word' id='word_1_19' title='bbox 1215 937 1396 1029; x_wconf 73' lang='lat' dir='ltr'>requisiti,</span> <span class='ocrx_word' id='word_1_20' title='bbox 1417 948 1681 1007; x_wconf 89' lang='lat' dir='ltr'>consueverunt</span> <span class='ocrx_word' id='word_1_21' title='bbox 1707 938 1868 1010; x_wconf 83' lang='lat' dir='ltr'>relaxari</span> 
     </span>
     <span class='ocr_line' id='line_1_4' title="bbox 433 1034 1864 1127; baseline 0.001 -23"><span class='ocrx_word' id='word_1_22' title='bbox 433 1035 604 1127; x_wconf 91' lang='lat' dir='ltr'>usquead</span> <span class='ocrx_word' id='word_1_23' title='bbox 623 1056 820 1104; x_wconf 91' lang='lat' dir='ltr'>sermonem</span> <span class='ocrx_word' id='word_1_24' title='bbox 841 1035 1088 1126; x_wconf 91' lang='lat' dir='ltr'>inquisitorum</span> <span class='ocrx_word' id='word_1_25' title='bbox 1107 1035 1142 1103; x_wconf 93' lang='lat' dir='ltr'>in</span> <span class='ocrx_word' id='word_1_26' title='bbox 1158 1056 1228 1127; x_wconf 93' lang='lat' dir='ltr'>qno</span> <span class='ocrx_word' id='word_1_27' title='bbox 1246 1035 1385 1127; x_wconf 92' lang='lat' dir='ltr'>publice</span> <span class='ocrx_word' id='word_1_28' title='bbox 1404 1034 1595 1125; x_wconf 78' lang='lat' dir='ltr'>penitentie</span> <span class='ocrx_word' id='word_1_29' title='bbox 1612 1035 1864 1126; x_wconf 88' lang='lat' dir='ltr'>injunguntur.</span> 
     </span>
     <span class='ocr_line' id='line_1_5' title="bbox 431 1131 1865 1222; baseline 0.001 -20"><span class='ocrx_word' id='word_1_30' title='bbox 431 1134 466 1202; x_wconf 94' lang='lat' dir='ltr'>Si</span> <span class='ocrx_word' id='word_1_31' title='bbox 484 1145 599 1203; x_wconf 91' lang='lat' dir='ltr'>autem</span> <span class='ocrx_word' id='word_1_32' title='bbox 621 1131 778 1202; x_wconf 85' lang='lat' dir='ltr'>confiteri</span> <span class='ocrx_word' id='word_1_33' title='bbox 801 1132 976 1202; x_wconf 90' lang='lat' dir='ltr'>noluerint</span> <span class='ocrx_word' id='word_1_34' title='bbox 997 1135 1181 1203; x_wconf 84' lang='lat' dir='ltr'>veritatem</span> <span class='ocrx_word' id='word_1_35' title='bbox 1204 1143 1238 1202; x_wconf 90' lang='lat' dir='ltr'>et</span> <span class='ocrx_word' id='word_1_36' title='bbox 1258 1131 1413 1222; x_wconf 77' lang='lat' dir='ltr'>legitime</span> <span class='ocrx_word' id='word_1_37' title='bbox 1431 1133 1626 1202; x_wconf 87' lang='lat' dir='ltr'>eonstiterit</span> <span class='ocrx_word' id='word_1_38' title='bbox 1645 1132 1690 1202; x_wconf 88' lang='lat' dir='ltr'>de</span> <span class='ocrx_word' id='word_1_39' title='bbox 1708 1133 1865 1218; x_wconf 89' lang='lat' dir='ltr'>eadem,</span> 
     </span>
     <span class='ocr_line' id='line_1_6' title="bbox 432 1228 1867 1323; baseline 0 -23"><span class='ocrx_word' id='word_1_40' title='bbox 432 1245 595 1301; x_wconf 89' lang='lat' dir='ltr'>servetur</span> <span class='ocrx_word' id='word_1_41' title='bbox 622 1231 717 1323; x_wconf 93' lang='lat' dir='ltr'>quod</span> <span class='ocrx_word' id='word_1_42' title='bbox 747 1232 782 1298; x_wconf 92' lang='lat' dir='ltr'>in</span> <span class='ocrx_word' id='word_1_43' title='bbox 810 1230 1126 1301; x_wconf 73' lang='lat' dir='ltr'>consultationibus</span> <span class='ocrx_word' id='word_1_44' title='bbox 1146 1229 1399 1322; x_wconf 90' lang='lat' dir='ltr'>archiepiscopi</span> <span class='ocrx_word' id='word_1_45' title='bbox 1419 1228 1655 1300; x_wconf 79' lang='lat' dir='ltr'>Narbonensis</span> <span class='ocrx_word' id='word_1_46' title='bbox 1676 1242 1710 1300; x_wconf 91' lang='lat' dir='ltr'>et</span> <span class='ocrx_word' id='word_1_47' title='bbox 1729 1231 1867 1301; x_wconf 86' lang='lat' dir='ltr'>suflra-</span> 
     </span>
     <span class='ocr_line' id='line_1_7' title="bbox 432 1325 1864 1419; baseline 0 -22"><span class='ocrx_word' id='word_1_48' title='bbox 432 1349 623 1419; x_wconf 89' lang='lat' dir='ltr'>ganeorum</span> <span class='ocrx_word' id='word_1_49' title='bbox 644 1330 721 1418; x_wconf 89' lang='lat' dir='ltr'>ejus</span> <span class='ocrx_word' id='word_1_50' title='bbox 741 1327 905 1396; x_wconf 81' lang='lat' dir='ltr'>scribitur</span> <span class='ocrx_word' id='word_1_51' title='bbox 926 1328 1192 1419; x_wconf 83' lang='lat' dir='ltr'>inquisitoribus</span> <span class='ocrx_word' id='word_1_52' title='bbox 1210 1326 1416 1396; x_wconf 88' lang='lat' dir='ltr'>Tholosanis</span> <span class='ocrx_word' id='word_1_53' title='bbox 1430 1351 1438 1394; x_wconf 93' lang='lat'>:</span> <span class='ocrx_word' id='word_1_54' title='bbox 1452 1325 1692 1397; x_wconf 78' lang='lat' dir='ltr'>Dubitotiones</span> <span class='ocrx_word' id='word_1_55' title='bbox 1711 1335 1864 1399; x_wconf 78' lang='lat' dir='ltr'>vestras.</span> 
     </span>
     <span class='ocr_line' id='line_1_8' title="bbox 432 1419 1868 1522; baseline 0.001 -25"><span class='ocrx_word' id='word_1_56' title='bbox 432 1424 485 1497; x_wconf 80' lang='lat' dir='ltr'>Et</span> <span class='ocrx_word' id='word_1_57' title='bbox 501 1425 632 1519; x_wconf 80' lang='lat' dir='ltr'>infra:</span> <span class='ocrx_word' id='word_1_58' title='bbox 652 1426 687 1494; x_wconf 91' lang='lat' dir='ltr'>Si</span> <span class='ocrx_word' id='word_1_59' title='bbox 708 1425 787 1517; x_wconf 91' lang='lat' dir='ltr'>quis</span> <span class='ocrx_word' id='word_1_60' title='bbox 805 1438 921 1495; x_wconf 90' lang='lat' dir='ltr'>tamen</span> <span class='ocrx_word' id='word_1_61' title='bbox 941 1426 1078 1517; x_wconf 90' lang='lat' dir='ltr'>culpam</span> <span class='ocrx_word' id='word_1_62' title='bbox 1096 1446 1210 1505; x_wconf 88' lang='lat' dir='ltr'>suam,</span> <span class='ocrx_word' id='word_1_63' title='bbox 1230 1447 1276 1494; x_wconf 85' lang='lat' dir='ltr'>ex</span> <span class='ocrx_word' id='word_1_64' title='bbox 1298 1419 1339 1520; x_wconf 75' lang='lat' dir='ltr'>[p</span> <span class='ocrx_word' id='word_1_65' title='bbox 1357 1420 1423 1494; x_wconf 71' lang='lat' dir='ltr'>tat</span> <span class='ocrx_word' id='word_1_66' title='bbox 1438 1421 1472 1522; x_wconf 87' lang='lat' dir='ltr'>b]</span> <span class='ocrx_word' id='word_1_67' title='bbox 1495 1446 1562 1516; x_wconf 90' lang='lat' dir='ltr'>qua</span> <span class='ocrx_word' id='word_1_68' title='bbox 1585 1427 1694 1517; x_wconf 88' lang='lat' dir='ltr'>possit</span> <span class='ocrx_word' id='word_1_69' title='bbox 1709 1425 1868 1498; x_wconf 85' lang='lat' dir='ltr'>credens</span> 
     </span>
    </p>
   </div>
   <div class='ocr_carea' id='block_1_3' title="bbox 347 1523 1876 5128">
    <p class='ocr_par' dir='ltr' id='par_1_3' title="bbox 432 1523 1870 2009">
     <span class='ocr_line' id='line_1_9' title="bbox 432 1523 1867 1615; baseline 0 -21"><span class='ocrx_word' id='word_1_70' title='bbox 432 1525 488 1596; x_wconf 90' lang='lat' dir='ltr'>vel</span> <span class='ocrx_word' id='word_1_71' title='bbox 510 1523 686 1594; x_wconf 89' lang='lat' dir='ltr'>hereticus</span> <span class='ocrx_word' id='word_1_72' title='bbox 696 1523 847 1613; x_wconf 87' lang='lat' dir='ltr'>judicari</span> <span class='ocrx_word' id='word_1_73' title='bbox 869 1523 913 1593; x_wconf 93' lang='lat' dir='ltr'>de</span> <span class='ocrx_word' id='word_1_74' title='bbox 931 1544 998 1614; x_wconf 93' lang='lat' dir='ltr'>qna</span> <span class='ocrx_word' id='word_1_75' title='bbox 1022 1523 1123 1615; x_wconf 92' lang='lat' dir='ltr'>plene</span> <span class='ocrx_word' id='word_1_76' title='bbox 1138 1544 1199 1615; x_wconf 85' lang='lat' dir='ltr'>per</span> <span class='ocrx_word' id='word_1_77' title='bbox 1215 1533 1320 1591; x_wconf 87' lang='lat' dir='ltr'>testes</span> <span class='ocrx_word' id='word_1_78' title='bbox 1338 1543 1399 1592; x_wconf 93' lang='lat' dir='ltr'>seu</span> <span class='ocrx_word' id='word_1_79' title='bbox 1418 1544 1479 1612; x_wconf 88' lang='lat' dir='ltr'>per</span> <span class='ocrx_word' id='word_1_80' title='bbox 1494 1524 1596 1591; x_wconf 93' lang='lat' dir='ltr'>aliam</span> <span class='ocrx_word' id='word_1_81' title='bbox 1618 1523 1867 1615; x_wconf 82' lang='lat' dir='ltr'>probationem</span> 
     </span>
     <span class='ocr_line' id='line_1_10' title="bbox 432 1618 1867 1715; baseline -0.002 -21"><span class='ocrx_word' id='word_1_82' title='bbox 432 1634 592 1700; x_wconf 88' lang='lat' dir='ltr'>constat,</span> <span class='ocrx_word' id='word_1_83' title='bbox 616 1620 839 1715; x_wconf 86' lang='lat' dir='ltr'>pertinaciter</span> <span class='ocrx_word' id='word_1_84' title='bbox 857 1641 985 1710; x_wconf 88' lang='lat' dir='ltr'>negare</span> <span class='ocrx_word' id='word_1_85' title='bbox 1006 1642 1074 1691; x_wconf 95' lang='lat' dir='ltr'>non</span> <span class='ocrx_word' id='word_1_86' title='bbox 1093 1621 1277 1697; x_wconf 91' lang='lat' dir='ltr'>metuerit,</span> <span class='ocrx_word' id='word_1_87' title='bbox 1293 1619 1461 1710; x_wconf 89' lang='lat' dir='ltr'>quamdiu</span> <span class='ocrx_word' id='word_1_88' title='bbox 1479 1622 1512 1687; x_wconf 92' lang='lat' dir='ltr'>in</span> <span class='ocrx_word' id='word_1_89' title='bbox 1534 1618 1736 1710; x_wconf 84' lang='lat' dir='ltr'>hujusmodi</span> <span class='ocrx_word' id='word_1_90' title='bbox 1757 1642 1867 1711; x_wconf 89' lang='lat' dir='ltr'>nega·</span> 
     </span>
     <span class='ocr_line' id='line_1_11' title="bbox 434 1717 1869 1813; baseline 0 -24"><span class='ocrx_word' id='word_1_91' title='bbox 434 1721 528 1790; x_wconf 90' lang='lat' dir='ltr'>tione</span> <span class='ocrx_word' id='word_1_92' title='bbox 549 1721 717 1813; x_wconf 89' lang='lat' dir='ltr'>persistit,</span> <span class='ocrx_word' id='word_1_93' title='bbox 741 1718 818 1787; x_wconf 90' lang='lat' dir='ltr'>licet</span> <span class='ocrx_word' id='word_1_94' title='bbox 842 1717 928 1788; x_wconf 91' lang='lat' dir='ltr'>alias</span> <span class='ocrx_word' id='word_1_95' title='bbox 947 1718 1214 1788; x_wconf 88' lang='lat' dir='ltr'>conversionem</span> <span class='ocrx_word' id='word_1_96' title='bbox 1237 1717 1434 1808; x_wconf 91' lang='lat' dir='ltr'>protendat,</span> <span class='ocrx_word' id='word_1_97' title='bbox 1457 1718 1780 1810; x_wconf 89' lang='lat' dir='ltr'>hereticusabsque</span> <span class='ocrx_word' id='word_1_98' title='bbox 1798 1719 1869 1789; x_wconf 94' lang='lat' dir='ltr'>du·</span> 
     </span>
     <span class='ocr_line' id='line_1_12' title="bbox 432 1815 1870 1909; baseline 0 -22"><span class='ocrx_word' id='word_1_99' title='bbox 432 1817 492 1888; x_wconf 92' lang='lat' dir='ltr'>bio</span> <span class='ocrx_word' id='word_1_100' title='bbox 513 1829 566 1888; x_wconf 90' lang='lat' dir='ltr'>est</span> <span class='ocrx_word' id='word_1_101' title='bbox 584 1816 783 1887; x_wconf 88' lang='lat' dir='ltr'>censendus</span> <span class='ocrx_word' id='word_1_102' title='bbox 810 1815 995 1886; x_wconf 90' lang='lat' dir='ltr'>evidenter</span> <span class='ocrx_word' id='word_1_103' title='bbox 1018 1842 1025 1884; x_wconf 91' lang='lat'>:</span> <span class='ocrx_word' id='word_1_104' title='bbox 1055 1837 1205 1906; x_wconf 89' lang='lat' dir='ltr'>namque</span> <span class='ocrx_word' id='word_1_105' title='bbox 1227 1817 1438 1907; x_wconf 87' lang='lat' dir='ltr'>impenitens</span> <span class='ocrx_word' id='word_1_106' title='bbox 1459 1827 1512 1884; x_wconf 98' lang='grc' dir='ltr'>εει</span> <span class='ocrx_word' id='word_1_107' title='bbox 1536 1817 1594 1906; x_wconf 93' lang='lat' dir='ltr'>qui</span> <span class='ocrx_word' id='word_1_108' title='bbox 1614 1827 1797 1909; x_wconf 88' lang='lat' dir='ltr'>peccatum</span> <span class='ocrx_word' id='word_1_109' title='bbox 1821 1817 1870 1887; x_wconf 90' lang='lat' dir='ltr'>de</span> 
     </span>
     <span class='ocr_line' id='line_1_13' title="bbox 434 1910 1237 2009; baseline -0.006 -23"><span class='ocrx_word' id='word_1_110' title='bbox 434 1937 504 2009; x_wconf 93' lang='lat' dir='ltr'>quo</span> <span class='ocrx_word' id='word_1_111' title='bbox 520 1916 742 1986; x_wconf 88' lang='lat' dir='ltr'>convincitur</span> <span class='ocrx_word' id='word_1_112' title='bbox 761 1934 829 1983; x_wconf 95' lang='lat' dir='ltr'>nou</span> <span class='ocrx_word' id='word_1_113' title='bbox 849 1915 925 1982; x_wconf 88' lang='lat' dir='ltr'>vult</span> <span class='ocrx_word' id='word_1_114' title='bbox 944 1914 1048 1984; x_wconf 91' lang='lat' dir='ltr'>etiam</span> <span class='ocrx_word' id='word_1_115' title='bbox 1066 1910 1237 1983; x_wconf 90' lang='lat' dir='ltr'>confiteri.</span> 
     </span>
    </p>

    <p class='ocr_par' dir='ltr' id='par_1_4' title="bbox 347 2007 1876 5128">
     <span class='ocr_line' id='line_1_14' title="bbox 482 2007 1870 2105; baseline -0.003 -21"><span class='ocrx_word' id='word_1_116' title='bbox 482 2015 511 2105; x_wconf 74' lang='lat' dir='ltr'>e)</span> <span class='ocrx_word' id='word_1_117' title='bbox 537 2007 705 2083; x_wconf 84' lang='lat' dir='ltr'>Fautores</span> <span class='ocrx_word' id='word_1_118' title='bbox 736 2010 991 2092; x_wconf 87' lang='lat' dir='ltr'>hereticorum,</span> <span class='ocrx_word' id='word_1_119' title='bbox 1025 2012 1115 2080; x_wconf 90' lang='lat' dir='ltr'>sicut</span> <span class='ocrx_word' id='word_1_120' title='bbox 1143 2009 1291 2080; x_wconf 90' lang='lat' dir='ltr'>habetur</span> <span class='ocrx_word' id='word_1_121' title='bbox 1320 2011 1354 2078; x_wconf 92' lang='lat' dir='ltr'>in</span> <span class='ocrx_word' id='word_1_122' title='bbox 1386 2009 1700 2081; x_wconf 78' lang='lat' dir='ltr'>consultationibus</span> <span class='ocrx_word' id='word_1_123' title='bbox 1727 2011 1870 2082; x_wconf 89' lang='lat' dir='ltr'>domini</span> 
     </span>
     <span class='ocr_line' id='line_1_15' title="bbox 433 2108 1872 2202; baseline -0.001 -21"><span class='ocrx_word' id='word_1_124' title='bbox 433 2111 606 2181; x_wconf 78' lang='lat' dir='ltr'>(luidonis</span> <span class='ocrx_word' id='word_1_125' title='bbox 625 2109 794 2193; x_wconf 88' lang='lat' dir='ltr'>Fulcodii,</span> <span class='ocrx_word' id='word_1_126' title='bbox 817 2130 852 2200; x_wconf 89' lang='lat' dir='ltr'>q.</span> <span class='ocrx_word' id='word_1_127' title='bbox 873 2109 933 2194; x_wconf 85' lang='lat' dir='ltr'>X⁸,</span> <span class='ocrx_word' id='word_1_128' title='bbox 953 2109 1068 2179; x_wconf 87' lang='lat' dir='ltr'>taliter</span> <span class='ocrx_word' id='word_1_129' title='bbox 1085 2108 1361 2198; x_wconf 90' lang='lat' dir='ltr'>distinguuntur,</span> <span class='ocrx_word' id='word_1_130' title='bbox 1385 2110 1467 2198; x_wconf 93' lang='lat' dir='ltr'>quia</span> <span class='ocrx_word' id='word_1_131' title='bbox 1482 2108 1599 2200; x_wconf 92' lang='lat' dir='ltr'>alique</span> <span class='ocrx_word' id='word_1_132' title='bbox 1613 2121 1695 2179; x_wconf 93' lang='lat' dir='ltr'>sunt</span> <span class='ocrx_word' id='word_1_133' title='bbox 1711 2129 1872 2202; x_wconf 89' lang='lat' dir='ltr'>persone</span> 
     </span>
     <span class='ocr_line' id='line_1_16' title="bbox 435 2206 1872 2303; baseline -0.001 -25"><span class='ocrx_word' id='word_1_134' title='bbox 435 2210 593 2303; x_wconf 91' lang='lat' dir='ltr'>private,</span> <span class='ocrx_word' id='word_1_135' title='bbox 614 2207 681 2277; x_wconf 89' lang='lat' dir='ltr'>alie</span> <span class='ocrx_word' id='word_1_136' title='bbox 701 2228 787 2276; x_wconf 87' lang='lat' dir='ltr'>vero</span> <span class='ocrx_word' id='word_1_137' title='bbox 805 2229 874 2299; x_wconf 93' lang='lat' dir='ltr'>qne</span> <span class='ocrx_word' id='word_1_138' title='bbox 895 2207 1033 2300; x_wconf 89' lang='lat' dir='ltr'>publica</span> <span class='ocrx_word' id='word_1_139' title='bbox 1052 2216 1224 2299; x_wconf 90' lang='lat' dir='ltr'>potestate</span> <span class='ocrx_word' id='word_1_140' title='bbox 1243 2206 1455 2295; x_wconf 85' lang='lat' dir='ltr'>iunguntur,</span> <span class='ocrx_word' id='word_1_141' title='bbox 1479 2217 1513 2277; x_wconf 91' lang='lat' dir='ltr'>et</span> <span class='ocrx_word' id='word_1_142' title='bbox 1534 2228 1602 2275; x_wconf 94' lang='lat' dir='ltr'>non</span> <span class='ocrx_word' id='word_1_143' title='bbox 1624 2218 1677 2277; x_wconf 91' lang='lat' dir='ltr'>est</span> <span class='ocrx_word' id='word_1_144' title='bbox 1703 2207 1872 2278; x_wconf 92' lang='lat' dir='ltr'>omnium</span> 
     </span>
     <span class='ocr_line' id='line_1_17' title="bbox 411 2303 1872 2397; baseline -0.001 -21"><span class='ocrx_word' id='word_1_145' title='bbox 411 2328 412 2332; x_wconf 45' lang='lat'>¹</span> <span class='ocrx_word' id='word_1_146' title='bbox 437 2329 505 2376; x_wconf 93' lang='lat' dir='ltr'>una</span> <span class='ocrx_word' id='word_1_147' title='bbox 521 2305 689 2376; x_wconf 89' lang='lat' dir='ltr'>conditio.</span> <span class='ocrx_word' id='word_1_148' title='bbox 706 2303 771 2387; x_wconf 89' lang='lat' dir='ltr'>Qui</span> <span class='ocrx_word' id='word_1_149' title='bbox 788 2308 881 2374; x_wconf 90' lang='lat' dir='ltr'>enim</span> <span class='ocrx_word' id='word_1_150' title='bbox 900 2304 1007 2395; x_wconf 78' lang='lat' dir='ltr'>gladii</span> <span class='ocrx_word' id='word_1_151' title='bbox 1027 2316 1198 2397; x_wconf 88' lang='lat' dir='ltr'>potestate</span> <span class='ocrx_word' id='word_1_152' title='bbox 1214 2304 1407 2394; x_wconf 86' lang='lat' dir='ltr'>iunguntur</span> <span class='ocrx_word' id='word_1_153' title='bbox 1423 2325 1468 2373; x_wconf 84' lang='lat' dir='ltr'>ex</span> <span class='ocrx_word' id='word_1_154' title='bbox 1484 2304 1557 2375; x_wconf 89' lang='lat' dir='ltr'>sola</span> <span class='ocrx_word' id='word_1_155' title='bbox 1573 2304 1872 2397; x_wconf 89' lang='lat' dir='ltr'>omissione-pos-</span> 
     </span>
     <span class='ocr_line' id='line_1_18' title="bbox 436 2400 1873 2495; baseline -0.001 -22"><span class='ocrx_word' id='word_1_156' title='bbox 436 2414 519 2473; x_wconf 88' lang='lat' dir='ltr'>sunt</span> <span class='ocrx_word' id='word_1_157' title='bbox 536 2404 605 2472; x_wconf 91' lang='lat' dir='ltr'>dici</span> <span class='ocrx_word' id='word_1_158' title='bbox 626 2403 794 2486; x_wconf 90' lang='lat' dir='ltr'>lautores,</span> <span class='ocrx_word' id='word_1_159' title='bbox 819 2414 899 2493; x_wconf 91' lang='lat' dir='ltr'>puta</span> <span class='ocrx_word' id='word_1_160' title='bbox 920 2402 949 2472; x_wconf 91' lang='lat' dir='ltr'>si</span> <span class='ocrx_word' id='word_1_161' title='bbox 969 2403 1245 2494; x_wconf 90' lang='lat' dir='ltr'>condempnatos</span> <span class='ocrx_word' id='word_1_162' title='bbox 1268 2402 1313 2470; x_wconf 91' lang='lat' dir='ltr'>ab</span> <span class='ocrx_word' id='word_1_163' title='bbox 1330 2400 1482 2471; x_wconf 87' lang='lat' dir='ltr'>Ecclesia</span> <span class='ocrx_word' id='word_1_164' title='bbox 1504 2422 1572 2470; x_wconf 93' lang='lat' dir='ltr'>non</span> <span class='ocrx_word' id='word_1_165' title='bbox 1595 2403 1714 2493; x_wconf 87' lang='lat' dir='ltr'>lugant</span> <span class='ocrx_word' id='word_1_166' title='bbox 1734 2414 1770 2472; x_wconf 90' lang='lat' dir='ltr'>et</span> <span class='ocrx_word' id='word_1_167' title='bbox 1799 2426 1873 2495; x_wconf 93' lang='lat' dir='ltr'>pu-</span> 
     </span>
     <span class='ocr_line' id='line_1_19' title="bbox 439 2498 1874 2592; baseline -0.001 -20"><span class='ocrx_word' id='word_1_168' title='bbox 439 2503 540 2572; x_wconf 90' lang='lat' dir='ltr'>niunt</span> <span class='ocrx_word' id='word_1_169' title='bbox 558 2504 650 2571; x_wconf 89' lang='lat' dir='ltr'>sicut</span> <span class='ocrx_word' id='word_1_170' title='bbox 669 2501 818 2585; x_wconf 90' lang='lat' dir='ltr'>debeut;</span> <span class='ocrx_word' id='word_1_171' title='bbox 838 2511 873 2570; x_wconf 91' lang='lat' dir='ltr'>et</span> <span class='ocrx_word' id='word_1_172' title='bbox 891 2500 973 2591; x_wconf 92' lang='lat' dir='ltr'>quia</span> <span class='ocrx_word' id='word_1_173' title='bbox 997 2522 1043 2570; x_wconf 85' lang='lat' dir='ltr'>ex</span> <span class='ocrx_word' id='word_1_174' title='bbox 1063 2499 1128 2569; x_wconf 90' lang='lat' dir='ltr'>hoc</span> <span class='ocrx_word' id='word_1_175' title='bbox 1149 2501 1267 2570; x_wconf 89' lang='lat' dir='ltr'>lavere</span> <span class='ocrx_word' id='word_1_176' title='bbox 1289 2498 1546 2590; x_wconf 89' lang='lat' dir='ltr'>intelligantur,</span> <span class='ocrx_word' id='word_1_177' title='bbox 1570 2500 1716 2592; x_wconf 91' lang='lat' dir='ltr'>probant</span> <span class='ocrx_word' id='word_1_178' title='bbox 1735 2500 1780 2569; x_wconf 88' lang='lat' dir='ltr'>ad</span> <span class='ocrx_word' id='word_1_179' title='bbox 1807 2500 1874 2572; x_wconf 91' lang='lat' dir='ltr'>lit-</span> 
     </span>
     <span class='ocr_line' id='line_1_20' title="bbox 434 2595 1871 2690; baseline -0.001 -21"><span class='ocrx_word' id='word_1_180' title='bbox 434 2612 542 2670; x_wconf 87' lang='lat' dir='ltr'>teram</span> <span class='ocrx_word' id='word_1_181' title='bbox 566 2618 718 2668; x_wconf 90' lang='lat' dir='ltr'>cauoues</span> <span class='ocrx_word' id='word_1_182' title='bbox 736 2599 807 2681; x_wconf 89' lang='lat' dir='ltr'>isti,</span> <span class='ocrx_word' id='word_1_183' title='bbox 827 2597 1022 2683; x_wconf 84' lang='lat' dir='ltr'>XXXllll¹¹²‚</span> <span class='ocrx_word' id='word_1_184' title='bbox 1044 2621 1079 2690; x_wconf 92' lang='lat' dir='ltr'>q.</span> <span class='ocrx_word' id='word_1_185' title='bbox 1103 2598 1158 2666; x_wconf 84' lang='lat' dir='ltr'>tlt·</span> <span class='ocrx_word' id='word_1_186' title='bbox 1178 2623 1185 2665; x_wconf 95' lang='lat'>:</span> <span class='ocrx_word' id='word_1_187' title='bbox 1211 2596 1282 2674; x_wconf 75' lang='lat' dir='ltr'>Qui</span> <span class='ocrx_word' id='word_1_188' title='bbox 1291 2603 1416 2690; x_wconf 81' lang='lat' dir='ltr'>polest,</span> <span class='ocrx_word' id='word_1_189' title='bbox 1434 2608 1469 2666; x_wconf 90' lang='lat' dir='ltr'>et</span> <span class='ocrx_word' id='word_1_190' title='bbox 1481 2621 1516 2689; x_wconf 93' lang='lat' dir='ltr'>q.</span> <span class='ocrx_word' id='word_1_191' title='bbox 1528 2598 1592 2666; x_wconf 81' lang='lat' dir='ltr'>V·:</span> <span class='ocrx_word' id='word_1_192' title='bbox 1610 2595 1681 2674; x_wconf 84' lang='lat' dir='ltr'>Qui</span> <span class='ocrx_word' id='word_1_193' title='bbox 1693 2603 1729 2665; x_wconf 78' lang='lat' dir='ltr'>ira</span> <span class='ocrx_word' id='word_1_194' title='bbox 1747 2597 1871 2686; x_wconf 69' lang='lat' dir='ltr'>viciis,</span> 
     </span>
     <span class='ocr_line' id='line_1_21' title="bbox 434 2694 1873 2790; baseline -0.001 -23"><span class='ocrx_word' id='word_1_195' title='bbox 434 2708 469 2767; x_wconf 88' lang='grc' dir='ltr'><strong>ει</strong></span> <span class='ocrx_word' id='word_1_196' title='bbox 489 2720 523 2788; x_wconf 91' lang='lat' dir='ltr'>q.</span> <span class='ocrx_word' id='word_1_197' title='bbox 543 2696 629 2765; x_wconf 85' lang='lat' dir='ltr'>Vlll·</span> <span class='ocrx_word' id='word_1_198' title='bbox 644 2722 650 2763; x_wconf 94' lang='lat'>:</span> <span class='ocrx_word' id='word_1_199' title='bbox 665 2694 853 2765; x_wconf 82' lang='lat' dir='ltr'>Pretereo.</span> <span class='ocrx_word' id='word_1_200' title='bbox 873 2694 1011 2764; x_wconf 87' lang='lat' dir='ltr'>Private</span> <span class='ocrx_word' id='word_1_201' title='bbox 1033 2716 1117 2765; x_wconf 89' lang='lat' dir='ltr'>vero</span> <span class='ocrx_word' id='word_1_202' title='bbox 1138 2716 1286 2787; x_wconf 91' lang='lat' dir='ltr'>persone</span> <span class='ocrx_word' id='word_1_203' title='bbox 1307 2695 1340 2763; x_wconf 93' lang='lat' dir='ltr'>in</span> <span class='ocrx_word' id='word_1_204' title='bbox 1363 2694 1428 2765; x_wconf 91' lang='lat' dir='ltr'>hoc</span> <span class='ocrx_word' id='word_1_205' title='bbox 1448 2716 1545 2775; x_wconf 91' lang='lat' dir='ltr'>casn,</span> <span class='ocrx_word' id='word_1_206' title='bbox 1567 2696 1596 2764; x_wconf 91' lang='lat' dir='ltr'>si</span> <span class='ocrx_word' id='word_1_207' title='bbox 1619 2716 1684 2765; x_wconf 95' lang='lat' dir='ltr'>uon</span> <span class='ocrx_word' id='word_1_208' title='bbox 1702 2695 1873 2790; x_wconf 90' lang='lat' dir='ltr'>capiunt,</span> 
     </span>
     <span class='ocr_line' id='line_1_22' title="bbox 433 2792 1874 2887; baseline 0.003 -24"><span class='ocrx_word' id='word_1_209' title='bbox 433 2798 464 2863; x_wconf 90' lang='lat' dir='ltr'>si</span> <span class='ocrx_word' id='word_1_210' title='bbox 484 2805 742 2887; x_wconf 86' lang='lat' dir='ltr'>pretereuntem</span> <span class='ocrx_word' id='word_1_211' title='bbox 771 2815 838 2864; x_wconf 93' lang='lat' dir='ltr'>non</span> <span class='ocrx_word' id='word_1_212' title='bbox 862 2792 1040 2879; x_wconf 89' lang='lat' dir='ltr'>detinent,</span> <span class='ocrx_word' id='word_1_213' title='bbox 1073 2793 1225 2863; x_wconf 88' lang='lat' dir='ltr'>lautores</span> <span class='ocrx_word' id='word_1_214' title='bbox 1254 2793 1320 2862; x_wconf 91' lang='lat' dir='ltr'>dici</span> <span class='ocrx_word' id='word_1_215' title='bbox 1343 2814 1410 2862; x_wconf 92' lang='lat' dir='ltr'>uon</span> <span class='ocrx_word' id='word_1_216' title='bbox 1432 2805 1594 2885; x_wconf 90' lang='lat' dir='ltr'>possunt,</span> <span class='ocrx_word' id='word_1_217' title='bbox 1617 2813 1694 2861; x_wconf 91' lang='lat' dir='ltr'>nam</span> <span class='ocrx_word' id='word_1_218' title='bbox 1723 2792 1791 2863; x_wconf 88' lang='lat' dir='ltr'>hec</span> <span class='ocrx_word' id='word_1_219' title='bbox 1823 2797 1874 2867; x_wconf 88' lang='lat' dir='ltr'>ad</span> 
     </span>
     <span class='ocr_line' id='line_1_23' title="bbox 434 2891 1872 2984; baseline 0.001 -23"><span class='ocrx_word' id='word_1_220' title='bbox 434 2912 494 2961; x_wconf 92' lang='lat' dir='ltr'>eos</span> <span class='ocrx_word' id='word_1_221' title='bbox 515 2894 690 2984; x_wconf 90' lang='lat' dir='ltr'>pertinent</span> <span class='ocrx_word' id='word_1_222' title='bbox 709 2891 768 2982; x_wconf 94' lang='lat' dir='ltr'>qui</span> <span class='ocrx_word' id='word_1_223' title='bbox 791 2901 961 2984; x_wconf 89' lang='lat' dir='ltr'>potestate</span> <span class='ocrx_word' id='word_1_224' title='bbox 983 2891 1194 2982; x_wconf 84' lang='lat' dir='ltr'>iunguntur,</span> <span class='ocrx_word' id='word_1_225' title='bbox 1215 2904 1250 2959; x_wconf 89' lang='lat' dir='ltr'>et</span> <span class='ocrx_word' id='word_1_226' title='bbox 1265 2902 1318 2960; x_wconf 90' lang='lat' dir='ltr'>est</span> <span class='ocrx_word' id='word_1_227' title='bbox 1336 2891 1453 2960; x_wconf 90' lang='lat' dir='ltr'>adhuc</span> <span class='ocrx_word' id='word_1_228' title='bbox 1472 2891 1545 2960; x_wconf 76' lang='lat' dir='ltr'>llrm</span> <span class='ocrx_word' id='word_1_229' title='bbox 1565 2891 1711 2972; x_wconf 76' lang='lat' dir='ltr'>XXVl²¹¹‚</span> <span class='ocrx_word' id='word_1_230' title='bbox 1735 2914 1771 2983; x_wconf 93' lang='lat' dir='ltr'>q.</span> <span class='ocrx_word' id='word_1_231' title='bbox 1798 2893 1872 2964; x_wconf 80' lang='lat' dir='ltr'>ll⁸2</span> 
     </span>
     <span class='ocr_line' id='line_1_24' title="bbox 434 2988 1873 3080; baseline 0.003 -22"><span class='ocrx_word' id='word_1_232' title='bbox 434 2989 477 3058; x_wconf 71' lang='lat' dir='ltr'>sn·</span> <span class='ocrx_word' id='word_1_233' title='bbox 494 2989 537 3058; x_wconf 83' lang='lat' dir='ltr'>de</span> <span class='ocrx_word' id='word_1_234' title='bbox 555 3010 666 3075; x_wconf 86' lang='lat' dir='ltr'>orco;</span> <span class='ocrx_word' id='word_1_235' title='bbox 684 3001 718 3059; x_wconf 90' lang='lat' dir='ltr'>et</span> <span class='ocrx_word' id='word_1_236' title='bbox 739 2988 805 3059; x_wconf 90' lang='lat' dir='ltr'>hoc</span> <span class='ocrx_word' id='word_1_237' title='bbox 825 2991 935 3057; x_wconf 90' lang='lat' dir='ltr'>lateor</span> <span class='ocrx_word' id='word_1_238' title='bbox 958 2989 1003 3057; x_wconf 94' lang='lat' dir='ltr'>de</span> <span class='ocrx_word' id='word_1_239' title='bbox 1023 2989 1169 3080; x_wconf 90' lang='lat' dir='ltr'>privatis</span> <span class='ocrx_word' id='word_1_240' title='bbox 1191 2988 1348 3079; x_wconf 89' lang='lat' dir='ltr'>personis</span> <span class='ocrx_word' id='word_1_241' title='bbox 1370 3009 1439 3080; x_wconf 92' lang='lat' dir='ltr'>que</span> <span class='ocrx_word' id='word_1_242' title='bbox 1464 2989 1508 3058; x_wconf 92' lang='lat' dir='ltr'>ad</span> <span class='ocrx_word' id='word_1_243' title='bbox 1529 2988 1595 3060; x_wconf 90' lang='lat' dir='ltr'>boc</span> <span class='ocrx_word' id='word_1_244' title='bbox 1616 3010 1683 3058; x_wconf 93' lang='lat' dir='ltr'>non</span> <span class='ocrx_word' id='word_1_245' title='bbox 1700 3001 1785 3058; x_wconf 89' lang='lat' dir='ltr'>suut</span> <span class='ocrx_word' id='word_1_246' title='bbox 1806 3012 1873 3063; x_wconf 87' lang='lat' dir='ltr'>sa-</span> 
     </span>
     <span class='ocr_line' id='line_1_25' title="bbox 433 3086 1876 3177; baseline 0.005 -23"><span class='ocrx_word' id='word_1_247' title='bbox 433 3099 612 3156; x_wconf 89' lang='lat' dir='ltr'>cramento</span> <span class='ocrx_word' id='word_1_248' title='bbox 630 3089 835 3172; x_wconf 90' lang='lat' dir='ltr'>constricte;</span> <span class='ocrx_word' id='word_1_249' title='bbox 855 3086 884 3154; x_wconf 91' lang='lat' dir='ltr'>si</span> <span class='ocrx_word' id='word_1_250' title='bbox 906 3086 997 3153; x_wconf 90' lang='lat' dir='ltr'>enim</span> <span class='ocrx_word' id='word_1_251' title='bbox 1016 3087 1215 3176; x_wconf 85' lang='lat' dir='ltr'>juraverint</span> <span class='ocrx_word' id='word_1_252' title='bbox 1234 3086 1405 3177; x_wconf 90' lang='lat' dir='ltr'>indicare,</span> <span class='ocrx_word' id='word_1_253' title='bbox 1426 3086 1516 3157; x_wconf 90' lang='lat' dir='ltr'>sicut</span> <span class='ocrx_word' id='word_1_254' title='bbox 1539 3088 1670 3156; x_wconf 87' lang='lat' dir='ltr'>faciunt</span> <span class='ocrx_word' id='word_1_255' title='bbox 1691 3087 1810 3172; x_wconf 90' lang='lat' dir='ltr'>multi,</span> <span class='ocrx_word' id='word_1_256' title='bbox 1836 3102 1876 3161; x_wconf 89' lang='lat' dir='ltr'>et</span> 
     </span>
     <span class='ocr_line' id='line_1_26' title="bbox 433 3182 1875 3275; baseline 0.003 -23"><span class='ocrx_word' id='word_1_257' title='bbox 433 3185 561 3265; x_wconf 89' lang='lat' dir='ltr'>celant,</span> <span class='ocrx_word' id='word_1_258' title='bbox 580 3205 651 3255; x_wconf 90' lang='lat' dir='ltr'>nou</span> <span class='ocrx_word' id='word_1_259' title='bbox 668 3205 756 3275; x_wconf 89' lang='lat' dir='ltr'>nego</span> <span class='ocrx_word' id='word_1_260' title='bbox 775 3183 851 3253; x_wconf 92' lang='lat' dir='ltr'>illos</span> <span class='ocrx_word' id='word_1_261' title='bbox 870 3184 1001 3265; x_wconf 91' lang='lat' dir='ltr'>lavere,</span> <span class='ocrx_word' id='word_1_262' title='bbox 1015 3205 1093 3252; x_wconf 93' lang='lat' dir='ltr'>cnm</span> <span class='ocrx_word' id='word_1_263' title='bbox 1112 3182 1157 3252; x_wconf 94' lang='lat' dir='ltr'>ad</span> <span class='ocrx_word' id='word_1_264' title='bbox 1177 3183 1212 3252; x_wconf 93' lang='lat' dir='ltr'>id</span> <span class='ocrx_word' id='word_1_265' title='bbox 1233 3184 1546 3255; x_wconf 89' lang='lat' dir='ltr'>teneanturdebito</span> <span class='ocrx_word' id='word_1_266' title='bbox 1555 3185 1875 3274; x_wconf 88' lang='lat' dir='ltr'>juramenti,etsit</span> 
     </span>
     <span class='ocr_line' id='line_1_27' title="bbox 437 3280 1872 3375; baseline 0.005 -27"><span class='ocrx_word' id='word_1_267' title='bbox 437 3281 581 3351; x_wconf 89' lang='lat' dir='ltr'>mortale</span> <span class='ocrx_word' id='word_1_268' title='bbox 604 3293 781 3374; x_wconf 87' lang='lat' dir='ltr'>peccatum</span> <span class='ocrx_word' id='word_1_269' title='bbox 802 3281 836 3349; x_wconf 95' lang='lat' dir='ltr'>in</span> <span class='ocrx_word' id='word_1_270' title='bbox 858 3280 924 3349; x_wconf 91' lang='lat' dir='ltr'>hoo</span> <span class='ocrx_word' id='word_1_271' title='bbox 939 3301 1022 3350; x_wconf 88' lang='lat' dir='ltr'>casu</span> <span class='ocrx_word' id='word_1_272' title='bbox 1043 3280 1225 3350; x_wconf 91' lang='lat' dir='ltr'>veritatem</span> <span class='ocrx_word' id='word_1_273' title='bbox 1244 3281 1433 3364; x_wconf 87' lang='lat' dir='ltr'>occultare,</span> <span class='ocrx_word' id='word_1_274' title='bbox 1447 3281 1509 3351; x_wconf 87' lang='lat' dir='ltr'>Xl⁰</span> <span class='ocrx_word' id='word_1_275' title='bbox 1526 3304 1561 3374; x_wconf 92' lang='lat' dir='ltr'>q.</span> <span class='ocrx_word' id='word_1_276' title='bbox 1580 3282 1635 3350; x_wconf 81' lang='lat'>111·</span> <span class='ocrx_word' id='word_1_277' title='bbox 1655 3307 1661 3349; x_wconf 94' lang='lat'>:</span> <span class='ocrx_word' id='word_1_278' title='bbox 1683 3281 1872 3375; x_wconf 78' lang='lat' dir='ltr'>Quisquis,</span> 
     </span>
     <span class='ocr_line' id='line_1_28' title="bbox 435 3377 1875 3470; baseline 0.003 -22"><span class='ocrx_word' id='word_1_279' title='bbox 435 3390 470 3448; x_wconf 90' lang='lat' dir='ltr'>et</span> <span class='ocrx_word' id='word_1_280' title='bbox 489 3379 540 3448; x_wconf 92' lang='lat' dir='ltr'>sic</span> <span class='ocrx_word' id='word_1_281' title='bbox 558 3391 652 3470; x_wconf 90' lang='lat' dir='ltr'>patet</span> <span class='ocrx_word' id='word_1_282' title='bbox 670 3379 821 3470; x_wconf 87' lang='lat' dir='ltr'>qualiter</span> <span class='ocrx_word' id='word_1_283' title='bbox 839 3377 918 3470; x_wconf 92' lang='lat' dir='ltr'>quis</span> <span class='ocrx_word' id='word_1_284' title='bbox 936 3379 1126 3448; x_wconf 89' lang='lat' dir='ltr'>omissione</span> <span class='ocrx_word' id='word_1_285' title='bbox 1146 3378 1264 3448; x_wconf 86' lang='lat' dir='ltr'>lavere</span> <span class='ocrx_word' id='word_1_286' title='bbox 1286 3379 1440 3449; x_wconf 87' lang='lat' dir='ltr'>uidetur.</span> <span class='ocrx_word' id='word_1_287' title='bbox 1462 3380 1522 3448; x_wconf 85' lang='lat' dir='ltr'>Set</span> <span class='ocrx_word' id='word_1_288' title='bbox 1547 3392 1582 3450; x_wconf 89' lang='lat' dir='ltr'>et</span> <span class='ocrx_word' id='word_1_289' title='bbox 1601 3381 1719 3449; x_wconf 87' lang='lat' dir='ltr'>verbis</span> <span class='ocrx_word' id='word_1_290' title='bbox 1742 3381 1875 3456; x_wconf 89' lang='lat' dir='ltr'>lavere</span> 
     </span>
     <span class='ocr_line' id='line_1_29' title="bbox 435 3475 1875 3569; baseline 0.004 -24"><span class='ocrx_word' id='word_1_291' title='bbox 435 3477 513 3568; x_wconf 88' lang='lat' dir='ltr'>quis</span> <span class='ocrx_word' id='word_1_292' title='bbox 536 3488 667 3567; x_wconf 88' lang='lat' dir='ltr'>potest,</span> <span class='ocrx_word' id='word_1_293' title='bbox 687 3476 717 3544; x_wconf 90' lang='lat' dir='ltr'>si</span> <span class='ocrx_word' id='word_1_294' title='bbox 737 3477 816 3568; x_wconf 92' lang='lat' dir='ltr'>quis</span> <span class='ocrx_word' id='word_1_295' title='bbox 844 3475 936 3545; x_wconf 92' lang='lat' dir='ltr'>euim</span> <span class='ocrx_word' id='word_1_296' title='bbox 963 3486 1108 3546; x_wconf 80' lang='lat' dir='ltr'>excusat</span> <span class='ocrx_word' id='word_1_297' title='bbox 1135 3475 1306 3546; x_wconf 89' lang='lat' dir='ltr'>hereticos</span> <span class='ocrx_word' id='word_1_298' title='bbox 1335 3499 1402 3546; x_wconf 92' lang='lat' dir='ltr'>nou</span> <span class='ocrx_word' id='word_1_299' title='bbox 1432 3499 1478 3546; x_wconf 81' lang='lat' dir='ltr'>ex</span> <span class='ocrx_word' id='word_1_300' title='bbox 1505 3477 1621 3569; x_wconf 86' lang='lat' dir='ltr'>lingue</span> <span class='ocrx_word' id='word_1_301' title='bbox 1643 3478 1776 3550; x_wconf 92' lang='lat' dir='ltr'>lubrico</span> <span class='ocrx_word' id='word_1_302' title='bbox 1801 3503 1875 3552; x_wconf 88' lang='lat' dir='ltr'>neo</span> 
     </span>
     <span class='ocr_line' id='line_1_30' title="bbox 437 3572 1874 3667; baseline 0.003 -21"><span class='ocrx_word' id='word_1_303' title='bbox 437 3597 498 3667; x_wconf 89' lang='lat' dir='ltr'>per</span> <span class='ocrx_word' id='word_1_304' title='bbox 513 3577 646 3663; x_wconf 88' lang='lat' dir='ltr'>jocum,</span> <span class='ocrx_word' id='word_1_305' title='bbox 663 3587 717 3644; x_wconf 89' lang='lat' dir='ltr'>set</span> <span class='ocrx_word' id='word_1_306' title='bbox 737 3574 771 3641; x_wconf 93' lang='lat' dir='ltr'>in</span> <span class='ocrx_word' id='word_1_307' title='bbox 787 3574 1042 3643; x_wconf 88' lang='lat' dir='ltr'>conventiculis</span> <span class='ocrx_word' id='word_1_308' title='bbox 1058 3572 1113 3643; x_wconf 91' lang='lat' dir='ltr'>vel</span> <span class='ocrx_word' id='word_1_309' title='bbox 1131 3574 1233 3642; x_wconf 91' lang='lat' dir='ltr'>etiam</span> <span class='ocrx_word' id='word_1_310' title='bbox 1248 3575 1338 3643; x_wconf 91' lang='lat' dir='ltr'>inter</span> <span class='ocrx_word' id='word_1_311' title='bbox 1354 3575 1485 3667; x_wconf 80' lang='lat' dir='ltr'>laycos,</span> <span class='ocrx_word' id='word_1_312' title='bbox 1503 3576 1593 3644; x_wconf 89' lang='lat' dir='ltr'>sicut</span> <span class='ocrx_word' id='word_1_313' title='bbox 1612 3575 1708 3644; x_wconf 92' lang='lat' dir='ltr'>mnlti</span> <span class='ocrx_word' id='word_1_314' title='bbox 1729 3576 1874 3651; x_wconf 85' lang='lat' dir='ltr'>faciunt</span> 
     </span>
     <span class='ocr_line' id='line_1_31' title="bbox 437 3666 1873 3768; baseline 0.003 -27"><span class='ocrx_word' id='word_1_315' title='bbox 437 3673 594 3743; x_wconf 86' lang='lat' dir='ltr'>dicentes</span> <span class='ocrx_word' id='word_1_316' title='bbox 612 3693 696 3764; x_wconf 90' lang='lat' dir='ltr'>sepe</span> <span class='ocrx_word' id='word_1_317' title='bbox 718 3668 759 3768; x_wconf 73' lang='grc' dir='ltr'>[ιο</span> <span class='ocrx_word' id='word_1_318' title='bbox 780 3668 847 3741; x_wconf 72' lang='lat' dir='ltr'>tat</span> <span class='ocrx_word' id='word_1_319' title='bbox 864 3666 896 3767; x_wconf 82' lang='lat' dir='ltr'>c]</span> <span class='ocrx_word' id='word_1_320' title='bbox 922 3696 929 3738; x_wconf 92' lang='lat'>:</span> <span class='ocrx_word' id='word_1_321' title='bbox 952 3671 1011 3740; x_wconf 91' lang='lat' dir='ltr'>lsti</span> <span class='ocrx_word' id='word_1_322' title='bbox 1032 3670 1191 3741; x_wconf 89' lang='lat' dir='ltr'>homines</span> <span class='ocrx_word' id='word_1_323' title='bbox 1221 3693 1289 3741; x_wconf 94' lang='lat' dir='ltr'>non</span> <span class='ocrx_word' id='word_1_324' title='bbox 1317 3684 1399 3743; x_wconf 89' lang='lat' dir='ltr'>suut</span> <span class='ocrx_word' id='word_1_325' title='bbox 1419 3672 1504 3743; x_wconf 88' lang='lat' dir='ltr'>tales</span> <span class='ocrx_word' id='word_1_326' title='bbox 1530 3675 1651 3764; x_wconf 91' lang='lat' dir='ltr'>quales</span> <span class='ocrx_word' id='word_1_327' title='bbox 1672 3673 1873 3763; x_wconf 90' lang='lat' dir='ltr'>dicuutur,</span> 
     </span>
     <span class='ocr_line' id='line_1_32' title="bbox 438 3767 1876 3862; baseline 0.006 -24"><span class='ocrx_word' id='word_1_328' title='bbox 438 3793 502 3840; x_wconf 88' lang='lat' dir='ltr'>nec</span> <span class='ocrx_word' id='word_1_329' title='bbox 517 3783 646 3861; x_wconf 89' lang='lat' dir='ltr'>negant</span> <span class='ocrx_word' id='word_1_330' title='bbox 661 3772 725 3839; x_wconf 91' lang='lat' dir='ltr'>ista</span> <span class='ocrx_word' id='word_1_331' title='bbox 744 3769 799 3838; x_wconf 89' lang='lat' dir='ltr'>vel</span> <span class='ocrx_word' id='word_1_332' title='bbox 819 3768 896 3851; x_wconf 91' lang='lat' dir='ltr'>illa;</span> <span class='ocrx_word' id='word_1_333' title='bbox 916 3769 970 3837; x_wconf 88' lang='lat' dir='ltr'>vel</span> <span class='ocrx_word' id='word_1_334' title='bbox 988 3769 1076 3838; x_wconf 87' lang='lat' dir='ltr'>sorte</span> <span class='ocrx_word' id='word_1_335' title='bbox 1090 3767 1173 3858; x_wconf 91' lang='lat' dir='ltr'>quia</span> <span class='ocrx_word' id='word_1_336' title='bbox 1189 3769 1349 3839; x_wconf 86' lang='lat' dir='ltr'>advocati</span> <span class='ocrx_word' id='word_1_337' title='bbox 1366 3782 1447 3839; x_wconf 87' lang='lat' dir='ltr'>sunt</span> <span class='ocrx_word' id='word_1_338' title='bbox 1462 3770 1571 3862; x_wconf 91' lang='lat' dir='ltr'>aliqui</span> <span class='ocrx_word' id='word_1_339' title='bbox 1587 3783 1622 3840; x_wconf 89' lang='grc' dir='ltr'><strong>ει</strong></span> <span class='ocrx_word' id='word_1_340' title='bbox 1639 3771 1876 3848; x_wconf 80' lang='lat' dir='ltr'>detendendo</span> 
     </span>
     <span class='ocr_line' id='line_1_33' title="bbox 438 3867 1875 3959; baseline 0.006 -23"><span class='ocrx_word' id='word_1_341' title='bbox 438 3869 531 3959; x_wconf 88' lang='lat' dir='ltr'>ipsos</span> <span class='ocrx_word' id='word_1_342' title='bbox 557 3879 728 3938; x_wconf 83' lang='lat' dir='ltr'>excusant</span> <span class='ocrx_word' id='word_1_343' title='bbox 747 3867 902 3958; x_wconf 90' lang='lat' dir='ltr'>ipsorum</span> <span class='ocrx_word' id='word_1_344' title='bbox 931 3887 1119 3948; x_wconf 81' lang='lat' dir='ltr'>excessus,</span> <span class='ocrx_word' id='word_1_345' title='bbox 1140 3878 1286 3959; x_wconf 90' lang='lat' dir='ltr'>possunt</span> <span class='ocrx_word' id='word_1_346' title='bbox 1311 3868 1464 3937; x_wconf 87' lang='lat' dir='ltr'>lautores</span> <span class='ocrx_word' id='word_1_347' title='bbox 1484 3868 1551 3938; x_wconf 91' lang='lat' dir='ltr'>dici</span> <span class='ocrx_word' id='word_1_348' title='bbox 1581 3869 1875 3945; x_wconf 88' lang='lat' dir='ltr'>consideratione</span> 
     </span>
     <span class='ocr_line' id='line_1_34' title="bbox 437 3963 1873 4057; baseline 0.004 -23"><span class='ocrx_word' id='word_1_349' title='bbox 437 3965 554 4036; x_wconf 90' lang='lat' dir='ltr'>habita</span> <span class='ocrx_word' id='word_1_350' title='bbox 576 3985 802 4056; x_wconf 91' lang='lat' dir='ltr'>personarum</span> <span class='ocrx_word' id='word_1_351' title='bbox 824 3975 858 4033; x_wconf 89' lang='lat' dir='ltr'>et</span> <span class='ocrx_word' id='word_1_352' title='bbox 880 3964 1046 4055; x_wconf 90' lang='lat' dir='ltr'>temporis</span> <span class='ocrx_word' id='word_1_353' title='bbox 1066 3975 1100 4033; x_wconf 90' lang='lat' dir='ltr'>et</span> <span class='ocrx_word' id='word_1_354' title='bbox 1118 3963 1271 4033; x_wconf 91' lang='lat' dir='ltr'>locorum</span> <span class='ocrx_word' id='word_1_355' title='bbox 1296 3989 1303 4031; x_wconf 77' lang='grc' dir='ltr'><strong>ε</strong></span> <span class='ocrx_word' id='word_1_356' title='bbox 1328 3965 1535 4057; x_wconf 87' lang='lat' dir='ltr'>plerumque</span> <span class='ocrx_word' id='word_1_357' title='bbox 1556 3967 1648 4035; x_wconf 89' lang='lat' dir='ltr'>enim</span> <span class='ocrx_word' id='word_1_358' title='bbox 1671 3965 1737 4036; x_wconf 89' lang='lat' dir='ltr'>hec</span> <span class='ocrx_word' id='word_1_359' title='bbox 1756 3970 1873 4040; x_wconf 91' lang='lat' dir='ltr'>verba</span> 
     </span>
     <span class='ocr_line' id='line_1_35' title="bbox 438 4060 1873 4154; baseline 0.005 -23"><span class='ocrx_word' id='word_1_360' title='bbox 438 4063 598 4134; x_wconf 91' lang='lat' dir='ltr'>homines</span> <span class='ocrx_word' id='word_1_361' title='bbox 626 4062 802 4154; x_wconf 88' lang='lat' dir='ltr'>simplices</span> <span class='ocrx_word' id='word_1_362' title='bbox 831 4061 874 4129; x_wconf 90' lang='lat' dir='ltr'>ad</span> <span class='ocrx_word' id='word_1_363' title='bbox 905 4060 1138 4131; x_wconf 88' lang='lat' dir='ltr'>hereticorum</span> <span class='ocrx_word' id='word_1_364' title='bbox 1168 4082 1321 4132; x_wconf 89' lang='lat' dir='ltr'>amorem</span> <span class='ocrx_word' id='word_1_365' title='bbox 1351 4074 1542 4154; x_wconf 90' lang='lat' dir='ltr'>provocant</span> <span class='ocrx_word' id='word_1_366' title='bbox 1571 4076 1603 4134; x_wconf 91' lang='lat' dir='ltr'>et</span> <span class='ocrx_word' id='word_1_367' title='bbox 1634 4064 1873 4137; x_wconf 90' lang='lat' dir='ltr'>devotionem</span> 
     </span>
     <span class='ocr_line' id='line_1_36' title="bbox 436 4158 1873 4252; baseline 0.005 -23"><span class='ocrx_word' id='word_1_368' title='bbox 436 4182 539 4252; x_wconf 92' lang='lat' dir='ltr'>quam</span> <span class='ocrx_word' id='word_1_369' title='bbox 562 4160 692 4231; x_wconf 90' lang='lat' dir='ltr'>habent</span> <span class='ocrx_word' id='word_1_370' title='bbox 711 4160 755 4230; x_wconf 94' lang='lat' dir='ltr'>ad</span> <span class='ocrx_word' id='word_1_371' title='bbox 782 4158 969 4228; x_wconf 89' lang='lat' dir='ltr'>Ecclesiam</span> <span class='ocrx_word' id='word_1_372' title='bbox 991 4158 1191 4228; x_wconf 90' lang='lat' dir='ltr'>diminuunt</span> <span class='ocrx_word' id='word_1_373' title='bbox 1215 4173 1250 4228; x_wconf 89' lang='lat' dir='ltr'>et</span> <span class='ocrx_word' id='word_1_374' title='bbox 1268 4172 1458 4243; x_wconf 89' lang='lat' dir='ltr'>enervant;</span> <span class='ocrx_word' id='word_1_375' title='bbox 1481 4172 1517 4230; x_wconf 92' lang='lat' dir='ltr'>et</span> <span class='ocrx_word' id='word_1_376' title='bbox 1535 4163 1629 4252; x_wconf 95' lang='lat' dir='ltr'>quod</span> <span class='ocrx_word' id='word_1_377' title='bbox 1659 4160 1873 4251; x_wconf 89' lang='lat' dir='ltr'>hujusmodi</span> 
     </span>
     <span class='ocr_line' id='line_1_37' title="bbox 436 4256 1874 4351; baseline 0.002 -24"><span class='ocrx_word' id='word_1_378' title='bbox 436 4271 663 4329; x_wconf 82' lang='lat' dir='ltr'>excusatores</span> <span class='ocrx_word' id='word_1_379' title='bbox 682 4258 756 4327; x_wconf 90' lang='lat' dir='ltr'>lalsi</span> <span class='ocrx_word' id='word_1_380' title='bbox 775 4258 893 4326; x_wconf 88' lang='lat' dir='ltr'>lavere</span> <span class='ocrx_word' id='word_1_381' title='bbox 911 4256 1112 4335; x_wconf 89' lang='lat' dir='ltr'>videantur,</span> <span class='ocrx_word' id='word_1_382' title='bbox 1130 4259 1284 4326; x_wconf 89' lang='lat' dir='ltr'>insinuat</span> <span class='ocrx_word' id='word_1_383' title='bbox 1300 4258 1560 4350; x_wconf 65' lang='lat' dir='ltr'>canoqxtrq.</span> <span class='ocrx_word' id='word_1_384' title='bbox 1579 4259 1650 4328; x_wconf 66' lang='lat' dir='ltr'>llll:</span> <span class='ocrx_word' id='word_1_385' title='bbox 1675 4257 1874 4351; x_wconf 54' lang='lat' dir='ltr'>Troianam</span> 
     </span>
     <span class='ocr_line' id='line_1_38' title="bbox 436 4352 1873 4448; baseline 0.003 -22"><span class='ocrx_word' id='word_1_386' title='bbox 436 4368 489 4426; x_wconf 90' lang='grc' dir='ltr'>εει</span> <span class='ocrx_word' id='word_1_387' title='bbox 508 4368 543 4425; x_wconf 85' lang='grc' dir='ltr'><strong>ει</strong></span> <span class='ocrx_word' id='word_1_388' title='bbox 562 4356 611 4425; x_wconf 92' lang='lat' dir='ltr'>illi</span> <span class='ocrx_word' id='word_1_389' title='bbox 631 4355 784 4448; x_wconf 88' lang='lat' dir='ltr'>episcopi</span> <span class='ocrx_word' id='word_1_390' title='bbox 805 4354 865 4445; x_wconf 94' lang='lat' dir='ltr'>qui</span> <span class='ocrx_word' id='word_1_391' title='bbox 885 4352 1048 4423; x_wconf 91' lang='lat' dir='ltr'>Lothario</span> <span class='ocrx_word' id='word_1_392' title='bbox 1072 4352 1287 4425; x_wconf 90' lang='lat' dir='ltr'>adheserunt</span> <span class='ocrx_word' id='word_1_393' title='bbox 1313 4367 1476 4446; x_wconf 91' lang='lat' dir='ltr'>tanquam</span> <span class='ocrx_word' id='word_1_394' title='bbox 1505 4356 1657 4427; x_wconf 89' lang='lat' dir='ltr'>lautores</span> <span class='ocrx_word' id='word_1_395' title='bbox 1684 4361 1761 4447; x_wconf 85' lang='lat' dir='ltr'>ejus</span> <span class='ocrx_word' id='word_1_396' title='bbox 1780 4379 1873 4429; x_wconf 92' lang='lat' dir='ltr'>con·</span> 
     </span>
     <span class='ocr_line' id='line_1_39' title="bbox 436 4451 1871 4547; baseline 0.003 -22"><span class='ocrx_word' id='word_1_397' title='bbox 436 4455 614 4546; x_wconf 83' lang='lat' dir='ltr'>dampnati</span> <span class='ocrx_word' id='word_1_398' title='bbox 641 4464 744 4543; x_wconf 88' lang='lat' dir='ltr'>sunt,</span> <span class='ocrx_word' id='word_1_399' title='bbox 773 4452 839 4537; x_wconf 87' lang='lat' dir='ltr'>ll⁰‚</span> <span class='ocrx_word' id='word_1_400' title='bbox 868 4474 904 4542; x_wconf 87' lang='lat' dir='ltr'>q.</span> <span class='ocrx_word' id='word_1_401' title='bbox 927 4452 972 4534; x_wconf 79' lang='lat' dir='ltr'>l‘,</span> <span class='ocrx_word' id='word_1_402' title='bbox 997 4474 1027 4522; x_wconf 92' lang='lat' dir='ltr'>c.</span> <span class='ocrx_word' id='word_1_403' title='bbox 1060 4451 1202 4540; x_wconf 91' lang='lat' dir='ltr'>nltimo;</span> <span class='ocrx_word' id='word_1_404' title='bbox 1224 4465 1259 4522; x_wconf 91' lang='lat' dir='ltr'>et</span> <span class='ocrx_word' id='word_1_405' title='bbox 1284 4452 1369 4522; x_wconf 92' lang='lat' dir='ltr'>dicit</span> <span class='ocrx_word' id='word_1_406' title='bbox 1386 4454 1469 4522; x_wconf 93' lang='lat' dir='ltr'>alibi</span> <span class='ocrx_word' id='word_1_407' title='bbox 1489 4452 1579 4543; x_wconf 90' lang='lat' dir='ltr'>Papa</span> <span class='ocrx_word' id='word_1_408' title='bbox 1599 4455 1697 4547; x_wconf 92' lang='lat' dir='ltr'>quasi</span> <span class='ocrx_word' id='word_1_409' title='bbox 1718 4457 1871 4529; x_wconf 85' lang='lat' dir='ltr'>favendi</span> 
     </span>
     <span class='ocr_line' id='line_1_40' title="bbox 437 4549 1871 4644; baseline 0.003 -23"><span class='ocrx_word' id='word_1_410' title='bbox 437 4553 561 4623; x_wconf 92' lang='lat' dir='ltr'>modus</span> <span class='ocrx_word' id='word_1_411' title='bbox 580 4571 763 4644; x_wconf 82' lang='lat' dir='ltr'>exponens</span> <span class='ocrx_word' id='word_1_412' title='bbox 779 4551 873 4640; x_wconf 93' lang='lat' dir='ltr'>qnod</span> <span class='ocrx_word' id='word_1_413' title='bbox 890 4550 1013 4619; x_wconf 90' lang='lat' dir='ltr'>lunatis</span> <span class='ocrx_word' id='word_1_414' title='bbox 1031 4549 1294 4619; x_wconf 82' lang='lat' dir='ltr'>defensionibus</span> <span class='ocrx_word' id='word_1_415' title='bbox 1312 4552 1388 4640; x_wconf 84' lang='lat' dir='ltr'>ejus</span> <span class='ocrx_word' id='word_1_416' title='bbox 1403 4551 1549 4620; x_wconf 92' lang='lat' dir='ltr'>crimina</span> <span class='ocrx_word' id='word_1_417' title='bbox 1570 4564 1687 4642; x_wconf 90' lang='lat' dir='ltr'>tegere</span> <span class='ocrx_word' id='word_1_418' title='bbox 1703 4553 1871 4625; x_wconf 89' lang='lat' dir='ltr'>niteban-</span> 
     </span>
     <span class='ocr_line' id='line_1_41' title="bbox 437 4647 1866 4742; baseline 0.001 -22"><span class='ocrx_word' id='word_1_419' title='bbox 437 4663 509 4732; x_wconf 86' lang='lat' dir='ltr'>tur,</span> <span class='ocrx_word' id='word_1_420' title='bbox 531 4650 605 4732; x_wconf 81' lang='lat' dir='ltr'>Xl0,</span> <span class='ocrx_word' id='word_1_421' title='bbox 627 4672 664 4741; x_wconf 91' lang='lat' dir='ltr'>q.</span> <span class='ocrx_word' id='word_1_422' title='bbox 686 4648 760 4734; x_wconf 82' lang='lat' dir='ltr'>lll⁸;</span> <span class='ocrx_word' id='word_1_423' title='bbox 782 4649 829 4716; x_wconf 92' lang='lat' dir='ltr'>ita</span> <span class='ocrx_word' id='word_1_424' title='bbox 854 4659 889 4718; x_wconf 91' lang='grc' dir='ltr'><strong>ει</strong></span> <span class='ocrx_word' id='word_1_425' title='bbox 908 4668 953 4717; x_wconf 81' lang='lat' dir='ltr'>ex</span> <span class='ocrx_word' id='word_1_426' title='bbox 974 4647 1113 4717; x_wconf 89' lang='lat' dir='ltr'>duobus</span> <span class='ocrx_word' id='word_1_427' title='bbox 1132 4647 1200 4717; x_wconf 90' lang='lat' dir='ltr'>illis</span> <span class='ocrx_word' id='word_1_428' title='bbox 1219 4649 1380 4739; x_wconf 90' lang='lat' dir='ltr'>capitulis</span> <span class='ocrx_word' id='word_1_429' title='bbox 1400 4649 1575 4742; x_wconf 81' lang='lat' dir='ltr'>colligitur</span> <span class='ocrx_word' id='word_1_430' title='bbox 1594 4650 1689 4741; x_wconf 94' lang='lat' dir='ltr'>qnod</span> <span class='ocrx_word' id='word_1_431' title='bbox 1710 4671 1775 4742; x_wconf 88' lang='lat' dir='ltr'>per</span> <span class='ocrx_word' id='word_1_432' title='bbox 1796 4651 1866 4722; x_wconf 92' lang='lat' dir='ltr'>bu-</span> 
     </span>
     <span class='ocr_line' id='line_1_42' title="bbox 432 4743 1865 4838; baseline 0.001 -21"><span class='ocrx_word' id='word_1_433' title='bbox 432 4749 588 4838; x_wconf 90' lang='lat' dir='ltr'>jusmodi</span> <span class='ocrx_word' id='word_1_434' title='bbox 607 4746 781 4818; x_wconf 90' lang='lat' dir='ltr'>coloratas</span> <span class='ocrx_word' id='word_1_435' title='bbox 801 4745 1024 4816; x_wconf 81' lang='lat' dir='ltr'>detensiones</span> <span class='ocrx_word' id='word_1_436' title='bbox 1044 4743 1250 4834; x_wconf 86' lang='lat' dir='ltr'>intelligitur</span> <span class='ocrx_word' id='word_1_437' title='bbox 1269 4746 1348 4837; x_wconf 94' lang='lat' dir='ltr'>quis</span> <span class='ocrx_word' id='word_1_438' title='bbox 1368 4747 1487 4816; x_wconf 88' lang='lat' dir='ltr'>lavere</span> <span class='ocrx_word' id='word_1_439' title='bbox 1506 4749 1600 4837; x_wconf 93' lang='lat' dir='ltr'>quod</span> <span class='ocrx_word' id='word_1_440' title='bbox 1621 4767 1705 4817; x_wconf 92' lang='lat' dir='ltr'>saue</span> <span class='ocrx_word' id='word_1_441' title='bbox 1730 4750 1865 4820; x_wconf 91' lang='lat' dir='ltr'>intelli-</span> 
     </span>
     <span class='ocr_line' id='line_1_43' title="bbox 347 4841 1867 4937; baseline 0.003 -22"><span class='ocrx_word' id='word_1_442' title='bbox 347 4895 349 4899; x_wconf 50' lang='lat'><em>2</em></span> <span class='ocrx_word' id='word_1_443' title='bbox 436 4846 590 4937; x_wconf 88' lang='lat' dir='ltr'>gendum</span> <span class='ocrx_word' id='word_1_444' title='bbox 611 4857 663 4915; x_wconf 90' lang='lat' dir='ltr'>est</span> <span class='ocrx_word' id='word_1_445' title='bbox 682 4844 726 4913; x_wconf 90' lang='lat' dir='ltr'>de</span> <span class='ocrx_word' id='word_1_446' title='bbox 745 4843 813 4913; x_wconf 91' lang='lat' dir='ltr'>hiis</span> <span class='ocrx_word' id='word_1_447' title='bbox 832 4845 893 4934; x_wconf 93' lang='lat' dir='ltr'>qni</span> <span class='ocrx_word' id='word_1_448' title='bbox 911 4843 1083 4926; x_wconf 90' lang='lat' dir='ltr'>consulte,</span> <span class='ocrx_word' id='word_1_449' title='bbox 1103 4862 1170 4911; x_wconf 95' lang='lat' dir='ltr'>non</span> <span class='ocrx_word' id='word_1_450' title='bbox 1194 4854 1243 4926; x_wconf 92' lang='lat' dir='ltr'>ut,</span> <span class='ocrx_word' id='word_1_451' title='bbox 1267 4841 1521 4935; x_wconf 88' lang='lat' dir='ltr'>plerumquefit</span> <span class='ocrx_word' id='word_1_452' title='bbox 1540 4866 1584 4913; x_wconf 86' lang='lat' dir='ltr'>ex</span> <span class='ocrx_word' id='word_1_453' title='bbox 1605 4845 1787 4936; x_wconf 89' lang='lat' dir='ltr'>precipitio</span> <span class='ocrx_word' id='word_1_454' title='bbox 1800 4869 1867 4919; x_wconf 92' lang='lat' dir='ltr'>nec</span> 
     </span>
     <span class='ocr_line' id='line_1_44' title="bbox 439 4938 1868 5038; baseline -0.001 -25"><span class='ocrx_word' id='word_1_455' title='bbox 439 4965 500 5036; x_wconf 92' lang='lat' dir='ltr'>per</span> <span class='ocrx_word' id='word_1_456' title='bbox 510 4945 643 5034; x_wconf 89' lang='lat' dir='ltr'>jocum,</span> <span class='ocrx_word' id='word_1_457' title='bbox 662 4942 696 5009; x_wconf 92' lang='lat' dir='ltr'>in</span> <span class='ocrx_word' id='word_1_458' title='bbox 714 4941 782 5010; x_wconf 88' lang='lat' dir='ltr'>hiis</span> <span class='ocrx_word' id='word_1_459' title='bbox 794 4940 1035 5033; x_wconf 87' lang='lat' dir='ltr'>prolabuntur,</span> <span class='ocrx_word' id='word_1_460' title='bbox 1055 4960 1132 5008; x_wconf 92' lang='lat' dir='ltr'>nam</span> <span class='ocrx_word' id='word_1_461' title='bbox 1148 4939 1320 5008; x_wconf 89' lang='lat' dir='ltr'>lubricum</span> <span class='ocrx_word' id='word_1_462' title='bbox 1337 4938 1455 5030; x_wconf 87' lang='lat' dir='ltr'>lingue</span> <span class='ocrx_word' id='word_1_463' title='bbox 1469 4943 1512 5010; x_wconf 92' lang='lat' dir='ltr'>ad</span> <span class='ocrx_word' id='word_1_464' title='bbox 1529 4963 1654 5035; x_wconf 91' lang='lat' dir='ltr'>penam</span> <span class='ocrx_word' id='word_1_465' title='bbox 1667 4943 1722 5012; x_wconf 91' lang='lat' dir='ltr'>vel</span> <span class='ocrx_word' id='word_1_466' title='bbox 1741 4942 1868 5038; x_wconf 88' lang='lat' dir='ltr'>damp-</span> 
     </span>
     <span class='ocr_line' id='line_1_45' title="bbox 439 5033 1869 5128; baseline 0.001 -19"><span class='ocrx_word' id='word_1_467' title='bbox 439 5062 521 5109; x_wconf 93' lang='lat' dir='ltr'>num</span> <span class='ocrx_word' id='word_1_468' title='bbox 541 5039 628 5110; x_wconf 91' lang='lat' dir='ltr'>trahi</span> <span class='ocrx_word' id='word_1_469' title='bbox 650 5059 718 5108; x_wconf 95' lang='lat' dir='ltr'>non</span> <span class='ocrx_word' id='word_1_470' title='bbox 733 5037 912 5120; x_wconf 89' lang='lat' dir='ltr'>convenit,</span> <span class='ocrx_word' id='word_1_471' title='bbox 935 5037 972 5107; x_wconf 89' lang='lat' dir='ltr'>ll.</span> <span class='ocrx_word' id='word_1_472' title='bbox 989 5035 1049 5104; x_wconf 85' lang='lat' dir='ltr'>Ad</span> <span class='ocrx_word' id='word_1_473' title='bbox 1065 5037 1175 5126; x_wconf 75' lang='lat' dir='ltr'>tapam</span> <span class='ocrx_word' id='word_1_474' title='bbox 1194 5033 1332 5105; x_wconf 85' lang='lat' dir='ltr'>Juliom</span> <span class='ocrx_word' id='word_1_475' title='bbox 1350 5038 1585 5127; x_wconf 82' lang='lat' dir='ltr'>majestatem,</span> <span class='ocrx_word' id='word_1_476' title='bbox 1604 5040 1627 5109; x_wconf 94' lang='grc' dir='ltr'>Ι.</span> <span class='ocrx_word' id='word_1_477' title='bbox 1644 5038 1816 5128; x_wconf 80' lang='lat' dir='ltr'>Famosi;</span> <span class='ocrx_word' id='word_1_478' title='bbox 1831 5055 1869 5113; x_wconf 87' lang='lat' dir='ltr'>et</span> 
     </span>
    </p>
   </div>
   <div class='ocr_carea' id='block_1_4' title="bbox 0 0 2315 6404">
    <p class='ocr_par' dir='ltr' id='par_1_5' title="bbox 0 0 2315 6404">
     <span class='ocr_line' id='line_1_46' title="bbox 0 0 2315 6404; baseline 0 0"><span class='ocrx_word' id='word_1_479' title='bbox 0 0 2315 6404; x_wconf 95' lang='lat' dir='ltr'> </span> 
     </span>
    </p>
   </div>
  </div>
 </body>
</html>
