4574 6404
740 1115 1051 1221 PRIMA
1086 1117 1333 1223 PARS

320 1844 398 1926 [Fet
421 1843 449 1923 c]
472 1843 621 1910 Sseurrua
642 1862 729 1903 rarat
749 1861 820 1903 rius
842 1861 1008 1904 reimarus
1026 1865 1056 1904 rr
1071 1864 1129 1912 oon
1145 1865 1287 1906 ounrurra
1302 1866 1533 1907 oousonruuuruu
1549 1867 1644 1908 rourra
1660 1869 1758 1910 urrrs·

360 1969 458 2011 annua
480 1969 566 2011 vaura
588 1971 623 2011 rr
646 1970 768 2011 urrunsa
789 1969 827 2010 uu
853 1968 999 2011 eruturus
1022 1970 1079 2012 nur
1100 1970 1137 2011 au
1159 1971 1323 2014 carrauourr
1346 1971 1491 2014 rmsouus
1508 1973 1680 2015 couruaroas
1701 1974 1758 2016 nur

361 2075 517 2118 sparseras
539 2078 575 2117 us
597 2078 715 2118 ceruina
737 2078 873 2132 auersis,
897 2079 993 2118 raour
1011 2079 1111 2118 aurora
1128 2078 1268 2120 vrnrsras
1285 2078 1340 2121 ssu
1356 2079 1524 2121 orvansrras
1540 2080 1596 2121 nur
1618 2080 1758 2130 susurras

360 2184 495 2226 umruurr
516 2185 551 2224 ττ
572 2184 735 2225 cusrrnmr.
760 2167 831 2224 lura
858 2185 956 2225 roras
978 2184 1159 2225 urrramamr
1181 2186 1218 2225 ao
1236 2185 1390 2227 vocnuourr
1408 2187 1443 2226 ur
1462 2187 1673 2228 convoonuomr
1689 2189 1756 2229 raa-

360 2291 449 2334 sonas
471 2291 662 2334 sucessimus
684 2292 721 2332 ao
743 2293 920 2333 aunisimau
943 2291 1142 2332 urrarurrrvmr
1164 2293 1362 2347 senrunrrarr,
1386 2293 1441 2333 aur
1456 2294 1493 2333 au
1509 2292 1699 2335 rasuruuomr
1722 2295 1758 2336 ιτ

362 2399 551 2440 enarraturus
580 2398 616 2438 aa
640 2398 677 2438 ua
699 2398 804 2445 ouruus
826 2399 856 2438 ru
878 2398 1020 2439 ornantur
1043 2399 1176 2440 seraone
1197 2399 1403 2447 ruoursrronuu
1425 2398 1561 2441 toranus
1583 2400 1697 2453 suanir,
1721 2402 1757 2441 ur

360 2506 411 2546 aar
432 2504 519 2545 rioms
540 2483 594 2566 (l).

644 2728 676 2788 1.
710 2726 762 2804 [1⁴⁷0
779 2726 796 2785 2
812 2725 844 2803 d]
868 2725 1002 2790 Forma
1016 2725 1222 2789 communis
1237 2725 1436 2789 citationis.

368 2967 489 3039 Frater
508 2968 710 3040 Bernardus
728 2967 921 3057 Guidouis,
938 2968 1073 3040 ordinis
1092 2966 1375 3053 Predicatorum,
1395 2968 1581 3060 inquisitor
1601 2967 1754 3039 heretice

316 3066 500 3161 pravitatis
517 3067 551 3136 in
569 3088 679 3159 regno
695 3065 861 3152 Frauoie,
882 3087 943 3158 per
959 3066 1080 3137 sedem
1098 3065 1325 3158 apostolicam
1342 3065 1553 3159 deputatus,
1571 3064 1753 3159 capellano

317 3163 399 3234 talis
426 3163 575 3235 ecclesie
603 3165 661 3235 vel
689 3164 765 3254 ejus
799 3162 912 3233 locum
943 3165 1072 3233 tenenti
1104 3162 1251 3232 salutem
1289 3163 1324 3232 in
1350 3173 1468 3234 actore
1495 3161 1578 3234 fidei
1605 3163 1754 3234 Domino

316 3260 422 3332 Jheso
437 3261 587 3333 Christo.
601 3302 650 3314 —
664 3260 882 3333 Auctoritate
894 3260 1082 3355 apostolica
1095 3260 1251 3352 predicta
1267 3280 1336 3352 qua
1353 3260 1531 3351 fungimur
1543 3261 1645 3332 vobis
1660 3282 1754 3331 mau-

317 3358 442 3430 damus
462 3360 629 3453 quatinus
649 3359 763 3430 citetis
783 3380 829 3429 ex
850 3368 947 3452 parte
975 3369 1093 3430 nostra
1115 3358 1218 3426 talem
1240 3356 1509 3450 parrochianum
1531 3369 1688 3429 vestrum
1711 3370 1750 3430 ut

316 3456 377 3526 tali
397 3458 469 3545 die,
491 3457 654 3545 Tholose,
673 3458 710 3526 iu
730 3456 837 3526 domo
857 3455 1097 3548 inquisitionis
1112 3455 1215 3545 juxta
1233 3454 1390 3525 Castrum
1411 3456 1652 3542 Narbonense,
1677 3477 1754 3550 per-

317 3556 485 3627 sonaliter
504 3565 706 3649 compareat
732 3575 849 3626 coram
871 3554 992 3638 nobis,
1013 3574 1248 3644 responsurus
1271 3552 1316 3622 de
1339 3551 1496 3645 hiisque
1519 3554 1564 3624 ad
1592 3552 1696 3625 fidem
1717 3565 1753 3624 et

317 3650 471 3723 officium
491 3652 729 3746 inquisitionis
749 3652 851 3723 nobis
870 3651 1056 3723 commisse
1076 3651 1253 3744 pertinent
1274 3650 1309 3719 in
1331 3651 1478 3742 negocio
1493 3662 1529 3722 et
1547 3672 1652 3722 causa
1668 3650 1750 3723 fidei

317 3747 508 3843 plenariam
529 3751 735 3837 veritatem,
756 3760 791 3819 et
810 3750 966 3820 lauturus
985 3750 1071 3819 alias
1090 3748 1185 3840 quod
1213 3747 1318 3818 luerit
1341 3749 1501 3820 rationis.
1523 3748 1672 3819 Reddite
1693 3748 1750 3818 lit-

317 3855 409 3918 teras
429 3848 591 3942 portitori
615 3847 732 3940 sigillo
751 3856 873 3917 vestro
899 3847 1062 3940 apposito
1082 3846 1116 3914 in
1138 3844 1271 3915 eisdem
1299 3843 1368 3940 (acl
1385 3845 1435 3916 sic
1455 3872 1466 3913 :
1495 3856 1530 3917 et
1549 3846 1584 3914 in
1610 3846 1750 3936 signum

316 3949 450 4040 recepti
467 3959 503 4017 et
515 3945 680 4039 completi
700 3965 762 4038 per
777 3966 842 4016 vos
859 3944 1013 4014 mandati
1032 3942 1164 4030 nostri,
1181 3942 1335 4034 sigilium
1353 3954 1508 4015 vestrum
1526 3943 1751 4036 presentibus

316 4043 531 4139 apponatis).
554 4044 679 4113 Datum
708 4041 883 4130 Tholose,
909 4042 978 4113 sub
1006 4041 1122 4133 sigillo
1141 4051 1284 4129 nostro,
1314 4040 1474 4111 kalendis
1493 4040 1632 4133 aprilis,
1655 4060 1749 4111 anuo

314 4137 455 4213 Domini
474 4139 732 4214 M⁰.CCC⁰.XV⁰.

316 4396 351 4462 2.
377 4396 426 4477 [F0
442 4396 460 4459 3
475 4396 509 4476 a]
532 4396 667 4460 Forma
682 4395 757 4460 alia
772 4395 945 4475 specialis
961 4395 1102 4459 citandi
1116 4395 1276 4477 aliquem
1292 4394 1592 4470 crucesignatum
1613 4394 1674 4474 qui
1694 4393 1751 4457 di·

877 4501 975 4566 citur
990 4501 1189 4579 aufugisse.

367 4748 489 4820 Frater
505 4748 704 4821 Bernartius
718 4747 903 4836 Guidouis,
919 4745 1054 4817 ordinis
1069 4744 1345 4830 Predicatorum,
1362 4756 1446 4832 etc,
1463 4744 1657 4837 capellano,
1678 4755 1746 4815 etc.

316 4845 457 4918 -Cum
477 4847 559 4919 olim
578 4847 865 4940 imposuerimus,
879 4845 1022 4917 nomine
1035 4844 1241 4937 penitentie,
1255 4843 1315 4914 tali
1327 4843 1368 4912 N.
1383 4841 1614 4937 parrochiano
1630 4852 1749 4914 vestro

354 5078 388 5142 tlt
407 5074 448 5130 Le
466 5091 521 5133 ms.
537 5076 633 5131 donne
648 5075 686 5132 ici
701 5074 728 5131 la
742 5074 816 5131 table
829 5073 865 5129 de
878 5074 906 5130 la
920 5072 1061 5146 premiere
1076 5074 1166 5146 partie
1184 5095 1190 5127 ε
1207 5072 1260 5127 elle
1274 5089 1291 5128 a
1306 5075 1352 5128 ete
1368 5073 1474 5143 rejetee
1488 5072 1505 5124 i
1519 5072 1545 5127 la
1559 5071 1608 5126 lin.
