4574 6404
854 690 974 743 ranrrx
999 688 1096 742 rans.
1647 673 1693 743 85

261 847 306 919 de
325 845 443 918 heresi
460 847 496 917 in
511 846 655 939 juditio,
678 860 713 920 et
733 861 853 942 postea
874 859 1042 919 revocant
1058 844 1268 932 confessata,
1290 858 1350 916 aut
1377 848 1439 938 qui
1463 846 1609 917 testibus
1627 867 1689 917 su·

262 944 374 1039 perati
389 956 473 1016 sunt
495 956 531 1016 et
549 946 701 1017 convicti
719 946 764 1018 de
781 946 928 1016 crimine
947 943 1096 1026 heresis,
1118 942 1163 1014 de
1182 964 1253 1035 quo
1273 944 1397 1015 nolunt
1416 941 1574 1015 confiteri
1596 946 1689 1015 veri-

262 1053 383 1128 tatem,
412 1062 476 1113 neo
497 1063 537 1113 se
566 1055 713 1136 possunt
740 1044 931 1116 defendere
953 1045 989 1112 in
1009 1041 1139 1133 juditio
1165 1051 1225 1110 aut
1249 1061 1414 1133 purgare,
1434 1041 1493 1132 qui
1522 1051 1689 1135 tanquam

262 1140 496 1234 inponitentea
514 1139 560 1210 de
575 1141 724 1213 crimine
744 1141 879 1214 heresis
898 1151 983 1211 sunt
1000 1137 1149 1210 seculari
1168 1138 1265 1208 curie
1283 1137 1521 1231 relinquendi.

311 1233 353 1334 [Ρ
373 1235 416 1306 ll
435 1233 470 1336 a]
490 1237 612 1326 Sexto,
636 1239 787 1311 recitatis
808 1239 921 1331 culpis
940 1247 1127 1330 antequam
1144 1235 1337 1328 penitentie
1352 1236 1511 1328 personis
1530 1237 1690 1328 peniten-

262 1335 354 1407 tibus
374 1336 615 1428 injungantur‚
634 1336 821 1428 recipiatur
840 1336 1015 1427 abjuratio
1033 1335 1168 1407 heresis
1183 1333 1228 1403 ab
1248 1333 1380 1404 eisdem
1396 1344 1431 1405 et
1446 1335 1688 1424 jurameutum

261 1433 305 1505 de
326 1433 481 1526 parendo
499 1433 673 1504 mandatis
692 1433 845 1506 Ecclesie
865 1447 900 1504 et
920 1433 1182 1526 inquisitorum,
1204 1441 1239 1501 et
1257 1433 1308 1501 sic
1326 1431 1556 1542 ahsplvantur
1574 1452 1688 1502 asen-

261 1530 384 1602 tenciia
419 1531 793 1603 excommunicationis
831 1552 919 1624 quas
956 1541 1098 1623 propter
1126 1527 1247 1621 culpas
1282 1549 1488 1600 commissas
1527 1529 1561 1598 in
1599 1529 1689 1600 facto

260 1626 397 1698 heresis
424 1627 617 1699 incurrisse
646 1641 839 1701 noscuntur
869 1637 989 1700 contra
1017 1626 1104 1697 tales
1136 1646 1155 1696 a
1180 1627 1261 1716 jure
1291 1627 1503 1717 generaliter
1535 1627 1690 1719 promul-

283 1735 370 1796 αἴθε.
467 1749 473 1762 ’

259 1746 282 1817 g
307 1821 463 1916 Septimo
491 1822 655 1914 leguntur
684 1824 859 1894 sententie
887 1823 999 1916 primo
1028 1823 1064 1892 in
1094 1821 1217 1908 latino,
1246 1832 1282 1891 et
1309 1819 1431 1892 ultimo
1460 1834 1690 1916 exponuntur

260 1919 327 1990 sub
353 1912 562 2014 compendio
589 1921 624 1991 in
647 1921 799 2014 vulgari,
824 1921 891 1992 sub
918 1920 1042 1992 eodem
1069 1918 1289 2011 ordineque
1314 1918 1533 2012 culpeprios
1561 1920 1691 1990 fuerint

260 2016 418 2103 recitate,
445 2018 474 2088 si
496 2018 605 2111 possit
627 2019 777 2090 comode
796 2018 991 2103 observari,
1013 2018 1094 2110 quia
1115 2016 1291 2088 interdum
1314 2016 1501 2089 multitudo
1522 2039 1689 2110 persona·

260 2136 339 2185 rum
368 2136 438 2209 que
469 2116 741 2209 penitenciande
769 2127 830 2188 aut
858 2115 1037 2208 puniende
1069 2136 1132 2186 sen
1160 2113 1411 2185 sentenciende
1440 2115 1592 2204 fuerint,
1619 2138 1687 2188 non

258 2211 353 2284 hene
373 2214 503 2307 patitur
521 2215 740 2307 aliquociens
758 2214 954 2308 predictum
975 2234 1117 2284 servare
1137 2212 1316 2307 ordinem,
1342 2224 1396 2303 set
1419 2214 1513 2304 cogit
1535 2214 1687 2286 rationa-

259 2310 377 2381 biliter
403 2311 438 2380 in
468 2309 587 2404 aliquo
615 2311 718 2383 aliter
744 2312 945 2400 ohservari3
967 2311 1063 2403 quod
1090 2309 1267 2404 dependet
1293 2331 1338 2379 ex
1364 2309 1511 2382 arbitrio
1534 2312 1687 2403 judicis,

260 2416 365 2499 prout
378 2410 630 2500 congruentius
650 2421 686 2480 ot
705 2409 952 2503 expedientius
976 2408 1105 2478 viderit
1127 2418 1162 2478 et
1174 2406 1390 2498 judicaverit
1407 2407 1686 2481 observandum.

306 2503 400 2577 Ordo
416 2506 535 2597 itaque
553 2507 770 2579 conveniens
791 2506 1061 2600 penitentiarum
1080 2512 1116 2578 et
1131 2504 1383 2577 sententiarum
1402 2526 1472 2598 que
1493 2507 1686 2598 injungun-

259 2612 316 2673 tur
333 2614 395 2674 aut
413 2603 573 2676 feruntur
592 2605 628 2674 in
647 2626 811 2676 sermone
827 2605 954 2698 poterit
969 2625 1047 2675 esse
1063 2604 1141 2673 talis
1163 2628 1172 2672 :
1196 2604 1307 2695 primo
1327 2603 1521 2697 penitentie
1537 2605 1685 2676 arbitra·

261 2701 309 2771 rie
331 2699 582 2793 injunguntur3
607 2703 764 2774 secundo
791 2702 964 2773 sententia
992 2723 1054 2772 seu
1080 2699 1270 2794 penitentia
1301 2701 1590 2774 inmorandorum
1620 2703 1683 2774 ha·

258 2796 343 2868 beat
380 2798 494 2870 locum
528 2822 650 2889 suum;
687 2800 789 2871 tertio
827 2820 1055 2895 personarum
1091 2798 1335 2869 defunctarum
1371 2820 1442 2891 que
1474 2800 1686 2873 declarande

259 2895 414 2984 fuerint,
447 2897 477 2968 si
508 2899 692 2981 viverent,
721 2898 951 2982 inmorende,
985 2898 1120 2968 ratione
1146 2896 1330 2967 dumtaxat
1356 2897 1551 2984 honorum,
1579 2898 1613 2968 in
1643 2921 1685 2971 eo

257 3013 339 3064 casu
360 3016 431 3086 quo
452 2994 601 3067 heredes
620 2997 664 3067 ad
684 2997 942 3067 successionem
965 2990 1006 3092 [f
1032 2992 1075 3063 ll
1097 2990 1132 3092 b]
1154 3015 1224 3064 nou
1244 2993 1375 3065 dehent
1392 2996 1438 3067 ob
1458 2995 1609 3067 heresim
1629 2998 1684 3068 sui

258 3092 385 3163 actoris
404 3093 557 3177 admitti,
576 3116 646 3165 non
666 3093 829 3165 obstante
845 3092 955 3186 quod,
970 3105 1090 3164 actore
1111 3095 1188 3185 ipso
1208 3090 1364 3172 vivente,
1386 3093 1454 3165 hoc
1472 3114 1543 3165 non
1564 3094 1683 3184 fuerit,

258 3189 518 3262 interveniente
545 3192 654 3285 ipsius
680 3203 815 3277 morto,
847 3213 908 3284 per
935 3190 1144 3262 sententiam
1173 3189 1415 3280 declaratum
1443 3201 1568 3285 quarto
1604 3214 1684 3264 sen·

257 3286 364 3358 tantia
395 3287 722 3383 condempnationis
754 3288 799 3359 ad
833 3288 1121 3376 exhumandum,
1156 3308 1226 3359 non
1261 3299 1376 3359 tamen
1403 3289 1683 3383 comburendum

257 3403 334 3454 ossa
363 3385 513 3478 alicujus
543 3387 698 3458 defuncti
718 3386 779 3479 qui
807 3386 973 3457 inventus
992 3397 1046 3458 est
1071 3386 1289 3457 commisisse
1318 3386 1353 3455 in
1378 3385 1527 3459 fautoria
1552 3385 1683 3460 hereti·

256 3500 398 3571 corum,
424 3483 508 3555 dum
528 3486 679 3570 viveret,
701 3485 747 3556 de
765 3504 835 3576 qua
855 3506 924 3556 non
945 3484 1125 3556 invenitur
1143 3484 1251 3555 fuisse
1269 3483 1451 3555 confessus
1475 3485 1510 3554 in
1525 3484 1680 3576 juditio,

257 3599 320 3651 uec
345 3602 365 3652 a
388 3584 562 3654 sententia
586 3582 960 3654 excommunicationis
988 3592 1109 3654 contra
1136 3581 1222 3653 tales
1250 3581 1358 3653 lataa
1380 3603 1514 3655 canone
1529 3582 1682 3673 judicia·

257 3674 335 3748 liter
354 3679 556 3770 ahsolutus3
578 3681 702 3772 quinto
721 3681 896 3751 sententia
914 3679 1242 3773 condempnationis
1261 3701 1490 3772 personarum
1506 3679 1541 3749 in
1562 3680 1679 3751 heresi

256 3773 498 3849 defunctarum
518 3799 666 3870 quarum
695 3798 841 3871 corpora
871 3777 1000 3848 fuerint
1024 3777 1249 3848 exhumanda
1270 3788 1305 3848 et
1332 3777 1593 3865 comburenda,
1620 3789 1681 3849 aot

256 3873 337 3964 quia
357 3875 498 3946 fuerunt
516 3875 705 3947 hereticate
724 3877 759 3945 in
778 3873 861 3961 line,
882 3885 943 3946 aut
957 3875 1038 3969 quia
1054 3876 1284 3946 inveniuntur
1305 3876 1539 3969 inponitentes
1557 3874 1602 3946 de
1618 3877 1681 3946 cri·

257 3971 352 4042 mine
378 3972 512 4043 heresis
532 3972 747 4060 decessisse;
768 3983 871 4046 sexto
890 3974 1062 4054 sententia
1089 3974 1331 4065 fugittivorum
1351 3973 1412 4065 qni
1432 3972 1561 4044 fuerint
1583 3973 1682 4045 velut

257 4067 400 4140 heretici
437 4070 742 4164 condempnandi;
778 4073 929 4164 septimo
955 4072 1129 4142 sententia
1159 4072 1373 4164 relapsorum
1401 4072 1436 4140 in
1462 4071 1612 4141 heresim
1644 4073 1679 4142 in

251 4167 381 4256 juditio
408 4166 602 4258 abjuratam
633 4170 693 4261 qui
720 4169 851 4239 fuerint
877 4169 1026 4239 seculari
1058 4168 1155 4238 curie
1179 4179 1239 4238 aul
1257 4167 1402 4240 brachio
1432 4167 1678 4260 relinquendi,

255 4274 290 4333 et
319 4265 432 4356 primo
458 4265 660 4360 laycorum,
689 4266 819 4337 deinde
837 4266 1062 4347 clericorum,
1085 4266 1116 4336 si
1145 4267 1205 4358 qni
1226 4265 1311 4336 tales
1332 4265 1461 4337 fuerint
1487 4267 1678 4361 condemp-

256 4362 382 4451 nandi3
406 4373 533 4435 octavo
556 4365 729 4434 sententia
749 4364 1076 4457 condempnationis
1102 4363 1335 4434 hereticorum
1358 4366 1589 4456 perfectorum
1619 4367 1680 4458 qui

254 4461 413 4530 converti
433 4461 557 4531 nolunt
580 4462 626 4532 ah
646 4461 760 4532 heresi
786 4483 850 4532 nec
875 4461 990 4532 redire
1013 4461 1057 4530 ad
1080 4461 1350 4532 ecclesiasticam
1372 4462 1563 4550 unitatem;
1586 4484 1680 4534 nono

254 4558 428 4629 sententia
450 4558 589 4630 illorum
608 4560 667 4653 qui
693 4559 789 4653 prius
810 4559 964 4651 legitime
983 4558 1134 4631 confessi
1161 4558 1302 4629 fuerunt
1325 4558 1370 4630 de
1394 4559 1509 4630 heresi
1529 4560 1565 4629 iu
1579 4561 1677 4650 judi·

257 4653 304 4724 tio
331 4667 366 4726 et
393 4668 514 4749 postea
535 4668 702 4728 revocant
721 4656 875 4750 legitime
894 4658 1104 4741 confessata,
1130 4668 1191 4725 aut
1209 4656 1360 4726 convicti
1382 4656 1529 4727 testibus
1556 4658 1681 4729 nolunt

257 4745 299 4846 [d
335 4749 378 4821 tt
417 4749 450 4851 e]
488 4753 645 4826 confiteri
689 4755 734 4825 de
770 4754 916 4825 crimine
958 4753 1092 4825 heresis
1132 4754 1338 4841 veritatem;
1378 4754 1515 4825 decimo
1553 4757 1681 4848 poterit

255 4848 424 4940 publicari
461 4853 634 4923 sententia
670 4851 1042 4924 excommunicationis
1085 4863 1206 4922 contra
1244 4871 1412 4945 personas
1454 4864 1680 4925 contumaces

256 4945 291 5014 iu
311 4968 418 5018 causa
437 4947 521 5020 fidei
540 4961 574 5021 et
594 4971 656 5044 pro
669 4950 760 5022 fecto
779 4949 913 5021 heresis
933 4950 1127 5042 fugittivas,
1148 4969 1297 5042 quarum
1317 4970 1502 5043 processus
1522 4951 1678 5023 nondum

253 5056 336 5115 sunt
366 5067 477 5140 usque
506 5048 550 5118 ad
579 5046 801 5119 diffinitivam
828 5049 1043 5122 sentenciam
1073 5047 1350 5142 consumpmati;
1371 5048 1495 5120 ultimo
1520 5050 1679 5121 omnium
