4574 6404
430 650 498 716 tlt
715 665 876 717 nnserrcn
903 666 1144 731 rnoursrnonrs
1171 665 1334 717 annanias
1360 665 1571 716 susurrans.

427 797 516 867 culis
538 797 651 868 solum
677 797 786 867 Deum
817 808 853 866 et
876 796 1073 868 orthodoxe
1102 795 1185 866 fidei
1213 800 1399 889 puritatem
1427 809 1462 867 et
1488 808 1609 867 sancte
1629 820 1670 869 ac
1688 800 1865 871 catholice

427 895 579 965 Ecclesia
614 897 799 981 unitatem,
833 895 1079 964 assistentibus
1105 894 1206 965 nobis
1235 895 1362 964 talibus
1391 906 1427 964 et
1464 895 1593 965 talibus
1613 897 1720 982 viris,
1743 919 1864 969 sacro·

428 994 558 1063 sanctis
574 993 634 1062 Dei
649 991 850 1083 Evangeliis
866 993 987 1084 positis
1014 1013 1130 1063 coram
1153 993 1255 1063 nobis
1275 1003 1314 1061 ut
1332 992 1377 1063 de
1394 992 1495 1062 vultu
1521 993 1584 1063 Dei
1600 1006 1760 1065 nostrum
1782 1018 1864 1088 pro-

428 1091 510 1160 deat
522 1090 689 1180 juditium
710 1101 745 1159 et
763 1090 876 1160 occuli
889 1090 998 1160 nostrl
1017 1091 1163 1161 videant
1180 1093 1391 1181 equitatem,
1411 1090 1577 1160 sedentes
1594 1115 1655 1184 pro
1676 1093 1862 1177 tribunali,

428 1188 651 1280 presentibus
670 1187 728 1256 die
756 1199 792 1257 et
821 1187 897 1258 loco
925 1189 969 1257 ad
998 1187 1089 1257 banc
1110 1199 1264 1259 nostram
1286 1188 1467 1257 serendam
1488 1191 1700 1259 sententiam
1725 1192 1862 1282 prelato

430 1285 488 1353 tali
509 1285 550 1353 N.
574 1285 833 1377 perhemptoria
851 1289 1058 1376 assignatis,
1088 1285 1294 1355 auctoritate
1313 1306 1382 1377 qua
1411 1286 1602 1377 fungimur,
1625 1290 1660 1356 in
1687 1288 1755 1357 biis
1783 1311 1863 1381 pre·

428 1382 587 1452 sentibus
605 1382 744 1475 scriptis
761 1383 911 1453 dicimus
926 1395 962 1453 et
982 1405 1042 1475 per
1061 1382 1286 1453 diffinitivam
1306 1383 1515 1453 senteutiam
1536 1380 1577 1479 [l0
1592 1385 1639 1452 79
1657 1381 1689 1482 c]
1709 1408 1865 1478 pronun·

428 1482 561 1550 ciamus
579 1492 614 1550 et
633 1480 852 1550 declaramus
873 1481 1068 1574 predictum
1098 1481 1200 1551 talem
1226 1480 1268 1549 N.
1294 1502 1373 1550 esse
1399 1492 1609 1552 assertorem
1638 1483 1862 1574 pestilentem

428 1599 674 1669 perversorum
693 1579 920 1669 dogmatum,
943 1590 979 1648 et
1004 1579 1194 1664 rebellem,
1224 1598 1265 1647 ac
1284 1579 1498 1649 contrarium
1520 1582 1722 1650 auctoritati
1742 1593 1778 1651 et
1799 1603 1863 1675 po-

429 1676 543 1744 testati
581 1675 736 1747 Romane
764 1676 941 1762 Ecclesie,
971 1697 1107 1747 necnon
1136 1679 1251 1769 ipsum
1279 1697 1357 1746 esse
1388 1675 1582 1747 hereticum
1610 1679 1860 1768 manifestum3

428 1773 651 1863 eundemque
671 1773 769 1843 velut
786 1774 979 1844 hereticum
1002 1775 1235 1859 obstinatum,
1260 1795 1338 1844 curn
1356 1773 1509 1844 Ecclesia
1529 1776 1619 1845 ultra
1640 1797 1710 1846 non
1731 1776 1864 1848 babeat

427 1868 642 1960 quod'laciat
660 1893 723 1963 pro
742 1872 816 1941 suis
837 1875 971 1941 meritis
989 1882 1110 1943 contra
1130 1894 1232 1957 cum,
1258 1872 1490 1963 relinquimus
1511 1873 1656 1944 brachio
1676 1886 1711 1942 et
1728 1875 1863 1964 juditio

427 1968 524 2036 curie
550 1969 742 2055 secularis3
764 1970 984 2061 eandemque
1007 1969 1139 2039 curiam
1161 1970 1352 2039 allectuose
1370 1989 1534 2060 rogamus
1566 1983 1604 2038 ut
1623 1972 1712 2041 eirca
1743 1973 1862 2065 ipsum

427 2064 512 2133 citra
534 2077 681 2136 mortem
699 2079 735 2137 et
751 2067 986 2138 membrorum
1006 2067 1261 2137 mutilationem
1282 2088 1384 2136 suum
1398 2068 1564 2156 juditium
1592 2081 1626 2138 et
1645 2074 1861 2140 sententiam

428 2163 642 2233 moderetur.
662 2164 744 2233 Lata
765 2166 829 2233 luit
846 2164 911 2235 bec
928 2167 1127 2248 sententia,
1150 2176 1185 2235 et
1209 2176 1338 2235 cetera.

476 2260 517 2330 Si
532 2260 948 2354 veropredictnstetisN.
965 2269 1045 2332 esset
1057 2261 1266 2333 etericnseel
1281 2261 1440 2333 insectis
1450 2262 1861 2359 ordiniltnseonstitntns,

427 2364 511 2428 tune
528 2359 567 2427 in
585 2359 703 2452 sorrne
719 2360 886 2430 sententie
901 2360 1000 2431 circe
1017 2360 1128 2451 sinent
1144 2360 1182 2430 in
1198 2360 1269 2431 loco
1282 2382 1343 2429 sno
1359 2360 1593 2452 exprimetur·
1607 2360 1651 2431 de
1666 2362 1741 2452 ejus
1757 2363 1864 2457 depo·

425 2456 548 2526 sitione
558 2463 619 2525 ent
627 2457 895 2549 depredatione,
913 2465 1022 2551 prout
1033 2458 1071 2526 in
1085 2458 1208 2551 forme
1226 2457 1392 2528 sententie
1411 2457 1632 2550 depositionis
1646 2467 1708 2530 ent
1722 2461 1858 2552 depre-

425 2553 579 2625 dationis
596 2554 721 2624 telinrn
735 2562 784 2624 est
801 2561 972 2626 notatum.

426 2807 485 2870 38.
510 2809 722 2873 incidenter
736 2812 886 2890 ponitur
901 2813 941 2875 in
959 2811 1028 2874 hoc
1051 2811 1131 2874 loco
1157 2811 1244 2890 quid
1266 2812 1305 2875 in
1328 2811 1394 2874 tali
1420 2827 1508 2874 casu
1526 2810 1636 2874 luerit
1661 2815 1859 2892 expediens

882 2919 1165 2998 inquisitoribus
1181 2918 1403 2983 laciendum.

473 3159 508 3228 Si
528 3172 644 3232 autem
667 3166 899 3253 contingeret,
920 3163 1016 3254 quod
1036 3175 1072 3233 et
1090 3162 1219 3255 pluries
1240 3163 1323 3233 olim
1344 3162 1505 3252 contigit,
1527 3163 1622 3253 quod
1641 3162 1733 3248 talis,
1757 3175 1857 3254 post-

425 3278 529 3349 quam
554 3260 695 3329 relictus
714 3273 749 3330 et
769 3260 917 3330 traditus
946 3261 1063 3330 extitit
1079 3260 1224 3331 brachio
1244 3271 1277 3329 el
1298 3260 1395 3330 curie
1420 3258 1572 3331 seculari
1599 3271 1633 3329 et
1663 3260 1707 3329 ab
1730 3261 1858 3332 eadem

425 3355 521 3424 curia
550 3370 709 3449 receptus
740 3358 784 3428 ad
810 3358 998 3449 locumque
1023 3358 1186 3450 supplicii
1214 3358 1427 3450 perductus,
1460 3357 1594 3427 diceret
1621 3369 1658 3427 et
1681 3371 1860 3430 assereret

425 3474 464 3523 se
485 3454 576 3524 velle
596 3456 753 3547 penitere
769 3467 839 3526 eta
859 3455 1026 3549 predictis
1045 3456 1224 3526 erroribus
1239 3455 1401 3549 resilire,
1420 3456 1455 3524 in
1473 3475 1516 3525 eo
1533 3476 1615 3524 casu
1635 3466 1728 3525 esset
1744 3478 1859 3541 reser-

428 3554 563 3622 vandus
582 3564 618 3622 et
637 3554 838 3624 reddendus
858 3554 1124 3646 inquisitoribus
1144 3565 1180 3624 et
1197 3554 1242 3624 ab
1259 3554 1311 3624 eis
1338 3553 1563 3645 recipiendus
1595 3547 1636 3648 [Ρ]
1654 3553 1700 3620 79
1727 3550 1764 3651 d]
1791 3555 1860 3624 nisi

427 3650 543 3720 forsan
563 3651 650 3721 alias
670 3651 792 3721 luisset
809 3652 985 3744 relapsus,
1008 3663 1045 3720 ut
1066 3651 1101 3719 in
1121 3651 1188 3721 boc
1208 3654 1316 3742 rigori
1344 3652 1482 3742 equitas
1503 3651 1701 3741 preferatur
1725 3663 1760 3721 et
1788 3653 1861 3723 evi·

428 3758 519 3818 tetur
539 3749 643 3820 etiam
663 3749 867 3819 scandalum
890 3749 1095 3842 pusillorum
1113 3750 1142 3819 si
1161 3748 1292 3842 petenti
1313 3760 1570 3819 sacramentum
1591 3745 1648 3842 (l)
1664 3750 1859 3840 penitentie

427 3847 471 3915 ab
490 3847 643 3917 Ecclesia
665 3857 870 3938 negaretur3
893 3859 928 3916 et
944 3847 1059 3917 simile
1079 3847 1161 3917 olim
1178 3847 1223 3917 de
1240 3846 1366 3917 talibus
1386 3845 1566 3916 invenitur
1582 3845 1801 3939 aliquociens
1822 3849 1858 3917 in

428 3945 664 4035 inquisitionis
686 3943 801 4016 ollicio
826 3966 904 4015 esse
927 3946 1067 4015 lactum.
1100 3944 1160 4015 Est
1178 3954 1295 4015 autem
1317 3945 1351 4013 in
1373 3944 1432 4013 tali
1453 3964 1536 4013 casu
1563 3944 1649 4035 ipsis
1670 3944 1858 4037 inquisito·

426 4043 523 4112 ribus
542 4063 680 4114 summo
700 4064 807 4136 opere
834 4043 1095 4135 precavendum
1116 4054 1152 4112 et
1181 4042 1391 4133 diligencius
1416 4042 1695 4127 observandum,
1719 4054 1757 4111 ut
1776 4064 1857 4113 cnm

425 4144 588 4211 conversi
609 4142 643 4210 in
660 4141 718 4211 tali
738 4140 885 4211 articulo
902 4152 995 4211 metu
1011 4161 1101 4233 pene
1118 4142 1273 4233 suspecti
1290 4140 1416 4210 merito
1432 4139 1650 4224 habeantur,
1669 4160 1713 4209 an
1733 4161 1858 4211 eorum

424 4239 610 4311 conversio
630 4259 714 4309 vera
737 4239 785 4308 sit
809 4260 852 4309 an
882 4238 1068 4328 simulata;
1091 4238 1285 4331 probentur
1304 4250 1421 4307 utrum
1442 4236 1624 4307 ambulent
1644 4238 1678 4306 in
1700 4239 1858 4310 tenebris

425 4336 482 4406 vel
501 4336 535 4405 in
556 4336 652 4423 luce;
675 4358 719 4407 ne
738 4336 804 4406 sub
820 4337 902 4428 agni
919 4339 1037 4428 specie
1052 4347 1178 4428 gerant
1197 4335 1340 4428 lupum;
1357 4335 1453 4427 quod
1474 4335 1602 4405 talibus
1620 4337 1734 4406 modis
1752 4347 1789 4406 et
1802 4336 1859 4426 ju-

424 4435 521 4503 ditiis
541 4434 781 4505 verisimiliter
802 4436 930 4527 poterit
946 4434 1153 4527 comperiri,
1175 4434 1203 4503 si
1230 4454 1353 4504 omnes
1379 4454 1464 4505 suos
1483 4433 1672 4525 complices
1696 4446 1858 4527 prompte

424 4545 458 4603 et
470 4532 668 4603 voluntarie
678 4532 947 4626 inquisitoribus
962 4531 1129 4624 detegant
1146 4525 1181 4601 el
1193 4532 1374 4619 revelent3
1391 4534 1489 4617 item,
1506 4531 1602 4622 quod
1613 4542 1857 4601 sectamsuam

422 4630 546 4721 signis,
568 4630 687 4700 verbis
706 4642 742 4701 et
756 4630 922 4723 operibns
939 4642 1208 4723 persequantur,
1229 4650 1439 4721 erroresque
1448 4649 1533 4699 suos
1549 4628 1715 4720 pristinos
1734 4628 1856 4720 singil-

423 4727 517 4796 latim
534 4725 767 4798 confiteantur
780 4727 959 4799 humiliter
972 4739 1007 4798 et
1021 4726 1241 4798 detestentur
1254 4731 1386 4819 pariter
1403 4737 1439 4798 et
1452 4726 1636 4816 abjurent;
1653 4747 1723 4818 qus
1736 4728 1856 4797 omnia

423 4837 458 4909 et
485 4825 623 4916 singula
652 4826 687 4894 in
717 4825 980 4897 examinatione
1009 4846 1130 4897 eorum
1161 4837 1197 4896 et
1215 4826 1250 4894 in
1278 4825 1589 4916 confessioneque
1608 4824 1799 4916 recipiatur
1819 4825 1855 4894 in

462 5055 497 5117 ll)
512 5054 630 5107 Sao-um
645 5051 717 5106 dans
732 5053 757 5106 le
773 5068 827 5106 ms.

1149 5788 1373 6024 „q
1472 5893 1477 5904 ,
