4612 6404
1027 676 1148 729 rxnrm
1173 676 1271 730 ems.
1800 665 1869 736 tlt

435 835 591 911 mandati
621 836 936 929 transgressionem
967 837 1162 926 inducere,
1192 848 1254 909 aut
1284 836 1397 930 ipsum
1429 836 1745 928 transgredientem
1777 839 1870 911 idem

435 934 643 1006 mandatum
665 934 818 1006 scienter
838 936 996 1029 recipere
1020 956 1083 1005 seu
1109 935 1141 1006 ei
1172 934 1377 1019 consilium,
1407 933 1600 1018 auxilium,
1628 935 1684 1007 vel
1712 937 1871 1008 levorem

382 1073 385 1081 ·
436 1032 643 1127 impendere
663 1033 932 1126 quoquomodo
957 1044 1175 1126 presumant.
1197 1033 1236 1103 ln
1260 1032 1339 1104 illos
1358 1041 1474 1103 autem
1500 1031 1561 1124 qui
1585 1034 1799 1105 contrarium
1820 1036 1870 1106 le·

435 1131 562 1219 cerint,
584 1131 677 1201 ultra
697 1151 808 1225 penas
832 1131 921 1202 alias
941 1142 1062 1202 contra
1084 1131 1170 1202 tales
1189 1152 1209 1201 a
1227 1132 1307 1221 jare
1325 1140 1493 1216 statutas,
1514 1150 1559 1200 ex
1578 1131 1872 1225 nunc‚‚prediota

435 1229 631 1302 monitione
652 1230 842 1322 premissa,
859 1229 894 1299 in
916 1229 985 1300 hiis
1005 1229 1227 1321 presentibus
1243 1228 1382 1321 scriptis
1401 1228 1777 1302 excommunicationis
1791 1251 1873 1301 sen·

435 1327 580 1399 tantiam
601 1327 885 1420 promulgamus.
907 1326 1053 1397 Demum
1075 1327 1143 1396 lata
1160 1348 1222 1420 per
1242 1348 1306 1397 nos
1325 1325 1528 1415 hujusmodi
1548 1330 1722 1397 sententia
1741 1339 1778 1399 ut
1792 1350 1871 1420 pre·

435 1425 571 1509 lertur,
592 1445 658 1496 nos
687 1425 766 1496 talis
790 1427 978 1517 episcopus
1003 1424 1234 1496 incontinenti
1260 1424 1304 1495 ad
1329 1423 1617 1514 degradationem
1643 1425 1758 1495 fratris
1778 1427 1871 1516 ejus·

436 1522 515 1593 dem
538 1522 582 1594 N.
604 1541 725 1594 coram
747 1522 851 1593 nobis
868 1524 903 1592 in
924 1522 1083 1593 vestibus
1100 1521 1378 1594 sacerdotalibus
1397 1520 1603 1610 existentis,
1624 1523 1871 1595 assistentibus

437 1620 544 1692 nobis
564 1621 832 1691 uenerabilibus
853 1620 1010 1713 patribus
1031 1620 1159 1690 talibus
1176 1618 1350 1714 episcopis
1368 1630 1402 1690 et
1421 1618 1629 1708 abbatibus,
1651 1642 1730 1691 cum
1750 1621 1871 1715 plures

438 1716 485 1789 ad
505 1717 574 1789 boc
595 1719 779 1812 episcopos
799 1739 861 1789 seu
879 1718 1026 1788 abbates
1043 1717 1175 1788 habere
1190 1716 1376 1789 commoda
1391 1719 1657 1808 nequiverimus
1671 1718 1867 1806 actualiter,

436 1810 479 1912 [1⁰
499 1815 546 1884 63
566 1811 604 1913 d]
633 1817 889 1909 procedentes,
919 1817 1137 1887 ornamentis
1162 1827 1198 1886 et
1230 1817 1563 1906 instrumentisque
1587 1816 1622 1886 in
1648 1817 1871 1889 ordinatione

433 1934 497 1986 sna
518 1926 704 2006 receperat
732 1915 899 1986 exuendo
925 1915 1077 1984 eundem
1098 1926 1204 2005 atque
1228 1913 1422 2007 privando,
1445 1912 1732 2003 degradationem
1759 1914 1869 2007 ipsius

433 2011 675 2084 conclusimus
699 2013 767 2083 sub
792 2012 860 2084 biis
885 2011 1031 2082 verbis:
1053 2011 1271 2082 Auctoritate
1295 2011 1356 2081 Dei
1384 2010 1654 2104 omnipotentis,
1682 2011 1812 2094 Patris,
1835 2023 1871 2083 et

432 2108 510 2179 Filii
530 2119 567 2180 et
583 2110 734 2202 Spiritus
753 2110 887 2196 Sancti,
908 2125 949 2180 ac
968 2130 1015 2185 ex
1031 2120 1202 2205 potestate
1222 2109 1324 2180 nobis
1341 2109 1377 2178 in
1397 2107 1463 2178 hac
1481 2122 1579 2200 parte
1597 2110 1784 2182 commissa
1798 2107 1872 2203 (oet

434 2206 510 2279 sic:
530 2227 573 2278 ac
591 2218 767 2301 potestate
785 2219 903 2278 nostra
922 2207 1131 2304 ordinaria),
1153 2207 1345 2277 auferimus
1371 2206 1434 2276 tibi
1455 2206 1553 2276 fratri
1569 2207 1630 2277 tali
1649 2206 1690 2278 N.
1709 2207 1869 2277 habitum

432 2304 637 2378 clericalem
663 2317 699 2375 et
720 2317 752 2377 te
777 2306 822 2376 ab
841 2304 937 2377 omni
957 2305 1164 2379 sacerdotali
1185 2305 1308 2377 etalio
1328 2304 1487 2397 quolibet
1509 2305 1633 2376 ordine
1658 2304 1869 2397 deponimus

434 2413 470 2474 et
489 2403 596 2474 etiam
621 2403 857 2495 degradamus
879 2414 984 2493 teque
1003 2404 1194 2499 spoliamus
1214 2417 1249 2473 et
1267 2403 1456 2474 eximimus
1475 2403 1571 2473 omni
1591 2403 1726 2476 bonore
1744 2415 1780 2474 et
1799 2403 1869 2496 pri·

434 2501 570 2594 vilegio
588 2500 759 2572 clericali.
782 2503 865 2571 Lata
887 2501 953 2571 luit
973 2503 1128 2597 predicta
1149 2501 1323 2572 sententia
1343 2514 1378 2572 et
1397 2501 1543 2572 actualis
1563 2500 1769 2594 degradatio
1787 2501 1870 2572 sub·

434 2611 582 2684 munta,
605 2618 719 2686 anno,
742 2599 800 2670 die
818 2612 854 2670 et
873 2599 950 2671 loco
970 2601 1119 2685 talibus,
1143 2611 1232 2687 etc,
1254 2598 1477 2693 presentibus
1495 2603 1651 2689 gentium
1674 2599 1868 2687 nobilium,

435 2697 702 2790 religiosorum,
718 2697 939 2785 clericorum,
955 2711 990 2771 et
1003 2697 1213 2769 secularium
1229 2717 1457 2790 personarum
1472 2697 1698 2768 multitudine
1712 2698 1867 2788 copiosa.

482 2795 526 2866 Si
539 2816 624 2864 vero
642 2794 862 2889 inquisitores
879 2798 1060 2889 conjuncti
1076 2817 1157 2867 eunt
1177 2795 1294 2888 aliquo
1310 2794 1469 2888 episeopo
1483 2794 1720 2888 processerint
1737 2801 1771 2864 et
1788 2816 1868 2866 con-

435 2893 599 2965 venerint
616 2893 668 2964 ad
684 2893 877 2987 ferendum
892 2895 1103 2965 senteutiam
1121 2899 1246 2965 contra
1262 2893 1388 2978 talem,
1408 2893 1571 2984 loquendi
1583 2891 1702 2963 modus
1717 2892 1756 2962 in
1767 2915 1871 2986 pers·

435 2991 624 3084 trinpendo
638 2999 671 3063 et
682 2990 894 3063 ennarcndo
901 3013 1108 3085 processum
1125 2990 1359 3084 inquisitionis
1375 2991 1473 3084 facte
1490 2998 1524 3060 et
1534 2992 1656 3084 culpus
1669 2991 1871 3062 commissus

435 3088 473 3158 in
490 3090 614 3183 forma
629 3090 794 3161 sententie
811 3095 845 3160 et
858 3089 1126 3182 pronunciandi
1137 3091 1345 3160 sententiam
1357 3089 1489 3182 poterit
1502 3111 1572 3160 esse
1586 3088 1666 3160 tulis
1685 3114 1697 3157 :

482 3188 520 3258 ln
542 3189 685 3258 nomine
711 3189 868 3274 Domini,
897 3210 1014 3261 amen.
1043 3188 1215 3272 Quoniam
1241 3209 1305 3259 nos
1325 3187 1513 3281 episcopus
1542 3188 1619 3257 talis
1638 3187 1680 3256 N.
1706 3199 1742 3257 et
1764 3188 1871 3259 trater

435 3284 474 3355 N.
496 3286 577 3357 talis
597 3296 633 3357 et
648 3287 755 3357 trater
771 3286 848 3357 talis
867 3287 925 3376 N.,
944 3288 1171 3380 inquisitores
1187 3285 1342 3356 heretice
1357 3286 1541 3377 pravitatis
1556 3286 1592 3355 in
1610 3284 1669 3354 tali
1682 3307 1792 3376 regno
1806 3306 1869 3356 seu

435 3384 617 3476 provincia
639 3383 697 3454 tali
718 3406 782 3478 per
800 3385 921 3455 sedem
942 3386 1168 3479 apostolicam
1185 3382 1359 3478 deputati,
1377 3403 1438 3476 per
1454 3383 1717 3476 inquisitionem
1738 3395 1773 3454 et
1793 3396 1871 3454 acta

434 3482 674 3573 inquisitionis
695 3483 896 3555 invenimus
917 3494 949 3554 et
970 3506 1033 3577 per
1052 3483 1309 3555 contessionem
1333 3476 1375 3577 [N
1394 3478 1440 3550 bl
1458 3477 1492 3578 a]
1514 3481 1593 3551 talis
1610 3480 1653 3549 N.
1675 3481 1870 3551 sacerdotis

435 3579 559 3650 iactam
582 3580 616 3649 in
641 3580 770 3670 juditio
794 3581 950 3672 legitime
980 3583 1081 3653 nobis
1105 3591 1242 3652 constat
1261 3579 1356 3671 quod
1383 3578 1498 3674 dictus
1525 3579 1603 3649 talis
1633 3579 1675 3647 N.
1704 3579 1870 3650 sacerdos

435 3677 570 3748 dudum
591 3677 860 3770 inquisitoribus
879 3680 1035 3751 heretice
1051 3678 1233 3772 pravitatis
1253 3689 1287 3747 et
1307 3699 1429 3748 eorum
1451 3677 1674 3770 processibus
1695 3677 1808 3769 palam
1834 3686 1870 3746 et

435 3776 573 3870 publice
596 3797 635 3847 se
654 3777 867 3869 opponendo
887 3778 977 3848 dixit
996 3790 1032 3848 et
1051 3778 1132 3848 lecit
1155 3799 1217 3869 per
1232 3797 1272 3846 se
1290 3786 1326 3845 et
1346 3797 1407 3868 per
1430 3775 1518 3846 alios
1538 3773 1613 3845 fieri
1633 3773 1811 3845 consuluit
1834 3783 1869 3842 et

435 3874 637 3968 procuravit
664 3877 745 3944 talia
773 3887 808 3945 et
836 3876 917 3946 talia
943 3874 1219 3970 (exprimuntur
1242 3874 1281 3942 in
1307 3873 1369 3943 isto
1395 3872 1466 3944 ioco
1489 3871 1632 3965 singulo
1658 3870 1869 3963 sinpillotim

433 3992 498 4066 que
523 3972 735 4043 commiserit
759 3972 796 4042 in
821 3972 983 4065 fauorem
1009 3979 1074 4043 cut
1100 3972 1337 4067 defensionem
1360 3970 1604 4042 iteretienlium
1629 3990 1869 4063 personarum

434 4070 637 4165 opponendo
647 4093 683 4141 se
696 4070 957 4164 inquisitoribus
971 4077 1000 4140 et
1016 4070 1233 4166 processibus
1242 4070 1447 4140 eorumdem
1458 4068 1595 4162 publice
1609 4076 1643 4138 et
1655 4065 1865 4161 priuatim),

434 4181 588 4240 ceterum
607 4179 680 4239 toto
699 4169 938 4261 inquisitionis
959 4169 1117 4260 ejusdem
1135 4189 1301 4262 processu
1317 4190 1378 4261 per
1398 4188 1462 4237 nos
1477 4167 1611 4238 seriose
1632 4166 1813 4260 proposito
1832 4177 1869 4237 et

434 4266 651 4358 integraliter
678 4267 853 4360 explicato
882 4288 999 4338 coram
1028 4267 1292 4336 venerabilibus
1321 4287 1369 4347 ac,
1388 4265 1549 4335 discretis
1571 4264 1658 4333 viris
1682 4263 1812 4334 talibus
1832 4275 1866 4334 et

435 4364 561 4435 talibus
586 4377 620 4434 et
648 4375 781 4434 matura
807 4386 886 4434 cum
915 4365 966 4436 eis
998 4364 1254 4434 deliberatione
1282 4363 1477 4450 discussis,
1506 4383 1547 4433 ae
1578 4359 1732 4431 finaliter
1759 4361 1865 4430 etiam

434 4462 548 4553 qualis
572 4475 692 4533 contra
720 4463 872 4533 eundem
902 4463 1120 4533 sacerdotem
1148 4462 1295 4531 deberet
1323 4482 1468 4552 pernas
1495 4461 1576 4530 lerri
1604 4458 1776 4530 sententia
1805 4479 1867 4550 per

435 4570 607 4629 maturum
627 4582 668 4631 ac
691 4581 837 4632 concors
856 4561 1001 4631 omnino
1020 4559 1204 4630 consilium
1227 4558 1451 4650 preordinato
1472 4580 1551 4629 cum
1572 4559 1671 4651 ipsis,
1691 4578 1737 4627 ex
1759 4577 1865 4647 supra

435 4655 536 4728 dictis
567 4658 730 4729 omnibus
756 4657 869 4751 culpis
894 4679 973 4727 cum
1014 4656 1195 4748 diligentia
1230 4655 1411 4726 recensitis
1440 4656 1642 4726 invenimus
1678 4653 1863 4724 manifeste

435 4755 584 4826 eundem
610 4756 827 4826 sacerdotem
855 4757 984 4825 nedum
1009 4755 1054 4825 de
1078 4754 1261 4846 premissis
1287 4753 1493 4824 excessibus
1514 4764 1548 4823 et
1577 4751 1757 4823 sceleratis
1783 4772 1867 4843 ope-

435 4852 530 4923 ribus
551 4853 692 4946 propria
714 4874 801 4924 voce
820 4853 1038 4937 consessum,
1059 4862 1114 4921 set
1133 4854 1237 4922 etiam
1259 4853 1476 4942 argumentis
1489 4850 1690 4922 convictum
1712 4861 1748 4920 et
1769 4853 1866 4919 testi-

435 4948 498 5020 bus
518 4962 741 5044 superatum,
765 4971 957 5042 rursusque
977 4950 1011 5019 in
1036 4949 1130 5020 dicto
1151 4949 1387 5041 inquisitionis
1408 4971 1575 5042 processu
1600 4947 1863 5040 calumpniosus

434 5047 578 5118 nimium
599 5049 715 5118 extitit
743 5061 778 5119 et
802 5060 904 5141 prout
929 5070 982 5138 ex
1003 5047 1089 5118 actis
1117 5047 1282 5142 predictis
1305 5059 1450 5141 apparet
1476 5048 1636 5142 pluribus
1662 5046 1799 5116 vicibus
1826 5045 1861 5114 in
