4574 6404
877 672 982 725 rurux
1007 672 1104 725 raas.
1664 658 1706 726 ta

274 829 324 899 sic
343 829 684 900 excommunicatos
707 830 808 900 nobis
835 831 1062 922 participent.
1088 842 1142 902 set
1170 842 1333 924 tanquam
1360 832 1703 903 excommunicatum

275 928 389 1019 ipsum
409 926 562 997 habeant
580 938 616 996 et
634 927 792 1015 evitent;
815 939 850 998 et
875 928 904 998 si
924 928 1052 999 alicubi
1074 928 1188 1021 ipsum
1210 950 1289 1001 csse
1309 929 1496 1018 sciverint,
1518 931 1620 1002 nobis
1640 932 1704 1003 de·

275 1024 442 1095 nuncient
460 1045 502 1095 ac
522 1024 697 1111 revelent3
719 1024 876 1118 aiioqnin
896 1026 957 1119 qui
978 1026 1133 1117 legitime
1153 1037 1188 1096 et
1206 1027 1376 1099 canonice
1400 1027 1523 1098 moniti
1550 1029 1704 1101 scienter

273 1122 544 1193 contrafeceriut
560 1123 934 1195 excommunicationis
952 1124 1183 1212 sententiam,
1202 1145 1306 1217 quam
1329 1125 1364 1193 in
1385 1124 1552 1196 iacientes
1571 1136 1707 1198 contra·

273 1219 363 1290 rium
389 1220 454 1290 hac
474 1231 591 1290 nostra
611 1221 822 1313 competenti
846 1221 1040 1293 monitione
1062 1222 1230 1314 premissa
1251 1222 1396 1292 ierimus
1408 1222 1444 1291 in
1462 1222 1531 1292 hiis
1550 1226 1704 1318 scriptis,

273 1339 312 1388 se
331 1318 496 1388 noverint
515 1319 722 1406 incurrisse,
746 1328 781 1387 et
801 1319 835 1387 in
856 1319 994 1411 signum
1014 1317 1070 1413 (i)
1089 1340 1130 1389 ac
1149 1320 1387 1392 testimonium
1406 1320 1500 1412 quod
1522 1333 1706 1414 presentes

272 1415 406 1486 litteras
426 1415 652 1507 receperitis,
674 1426 710 1486 et
727 1417 868 1487 easdem
888 1418 1088 1487 executioni
1116 1417 1237 1488 debite
1256 1417 1581 1506 demandaveritis,
1603 1421 1703 1511 sigil-

275 1513 344 1582 ium
365 1523 522 1584 vestrum
552 1513 774 1605 presentibus
800 1514 999 1608 apponatis.
1027 1515 1150 1585 Datum
1182 1511 1223 1611 [Ιῐὶ
1244 1515 1264 1582 8
1285 1512 1319 1611 a]
1347 1515 1496 1587 Thoiose
1527 1528 1562 1587 et
1591 1517 1707 1608 sigilio

273 1622 394 1682 nostro
413 1611 626 1701 sigillatum,
646 1632 740 1682 anno
761 1622 795 1681 et
816 1612 873 1683 die
895 1613 968 1682 tali.

276 1890 334 1951 15.
347 1888 481 1955 Forma
494 1891 684 1955 citationis
696 1891 955 1968 iugittivorum
968 1909 1032 1973 pro
1044 1894 1165 1956 heresi
1179 1894 1226 1957 ad
1238 1894 1463 1958 audiendum
1477 1895 1708 1959 diffinitivam

313 1999 541 2062 sentenciam
567 2008 762 2081 postquam
791 2016 1020 2080 perannum
1049 2002 1222 2065 steterint
1250 2003 1558 2067 excommunicati
1581 2004 1704 2066 animo

313 2105 506 2185 pertinaci.

322 2361 650 2436 FraterBernardus
661 2365 847 2450 Gnidonis,
860 2367 938 2437 ord.
953 2366 1105 2451 predic,
1119 2366 1319 2457 inquisitor,
1337 2376 1421 2451 etc,
1436 2367 1619 2459 capellano
1630 2368 1705 2453 taii,

274 2471 342 2529 etc.
354 2459 494 2531 -Cum
509 2462 586 2532 taiis
602 2463 647 2532 de
664 2463 721 2533 tali
740 2464 815 2534 ioco
827 2485 890 2556 pro
905 2463 995 2536 iacto
1007 2463 1141 2534 heresis
1156 2463 1340 2553 iugittivus
1355 2463 1437 2533 oiim
1456 2464 1582 2534 citatus
1599 2465 1704 2535 fuerit

274 2569 428 2651 exparte
446 2573 563 2631 nostra
574 2560 742 2632 canonice
753 2583 793 2632 ac
811 2561 1119 2655 perhemptorieut
1132 2562 1238 2631 certis
1251 2561 1377 2632 diebus
1389 2573 1425 2632 et
1436 2562 1512 2632 loco
1528 2562 1562 2631 in
1580 2562 1703 2634 litteris

272 2654 440 2749 citatoriis
452 2659 716 2750 comprehensis
733 2679 849 2729 coram
865 2659 965 2729 nohis
983 2658 1213 2750 persouaiiter
1231 2676 1454 2750 compareret
1471 2681 1703 2751 responsurus

272 2751 317 2822 de
336 2751 406 2823 fide
423 2768 458 2826 et
477 2757 522 2827 de
544 2757 610 2826 hiis
626 2778 696 2849 que
712 2757 935 2828 commiserat
949 2769 1069 2826 contra
1087 2754 1216 2839 fidem,
1237 2769 1271 2826 et
1292 2757 1435 2828 minime
1450 2760 1699 2851 comparuerit,

272 2870 336 2919 nec
353 2850 481 2943 aliquis
509 2876 571 2948 pro
595 2855 740 2939 codem,
771 2876 835 2924 nec
859 2855 963 2924 etiam
993 2853 1215 2945 postmodum
1244 2853 1376 2924 diutius
1404 2867 1633 2946 expectatus,
1665 2857 1700 2926 in

271 2967 376 3017 causa
395 2947 476 3021 fidei
494 2974 616 3045 parere
631 2954 893 3044 subterfugiens
909 2962 944 3021 et
960 2952 1213 3022 contumaciter
1228 2974 1267 3022 se
1282 2952 1495 3036 absentans,
1516 2964 1551 3022 et
1570 2956 1616 3024 oh
1636 2954 1701 3025 hoc

245 3076 248 3081 ·
272 3045 375 3115 fuerit
394 3050 717 3121 excommunicatus
737 3072 798 3144 per
818 3071 900 3136 nos,
917 3069 980 3119 sua
999 3049 1220 3120 contumacia
1236 3050 1270 3118 in
1288 3070 1395 3120 causa
1416 3048 1498 3120 fidei
1519 3052 1699 3142 exigente,

272 3143 471 3238 dictamque
490 3148 888 3220 excommunicationem
914 3147 947 3215 in
969 3159 1207 3238 contemptum
1228 3148 1379 3217 clavium
1406 3147 1560 3219 Ecclesie
1580 3161 1615 3219 et
1636 3171 1701 3220 sue

186 3325 187 3328 Ἴ
273 3244 393 3315 salutis
413 3245 637 3338 dispendium
661 3267 722 3338 per
741 3257 790 3316 tot
816 3265 928 3315 annos
953 3244 1163 3314 sustinuerit
1187 3254 1223 3313 et
1248 3244 1364 3315 adhuc
1386 3245 1558 3315 sustineat
1581 3248 1700 3318 animo

273 3344 461 3433 pertinaci,
479 3345 688 3414 auctoritate
707 3342 982 3437 apostolicaque
998 3343 1177 3433 fungimur
1193 3343 1294 3412 vobis
1312 3344 1518 3413 mandamus
1534 3345 1700 3435 quatinus

273 3441 385 3510 citetis
406 3464 452 3511 ex
473 3451 571 3533 parte
599 3452 718 3518 nostra
740 3439 999 3533 perhemptoria
1023 3438 1154 3509 dictum
1184 3440 1306 3525 talem,
1328 3441 1491 3532 quamvis
1516 3442 1698 3512 absentem

274 3547 307 3605 et
326 3559 387 3628 pro
408 3538 524 3608 heresi
546 3539 768 3630 iugittivum,
791 3538 825 3606 in
847 3536 1025 3608 domiciiio
1046 3559 1109 3607 sen
1131 3536 1164 3604 in
1186 3538 1262 3609 ioco
1284 3538 1341 3607 uhi
1362 3537 1521 3608 habitare
1539 3559 1602 3608 seu
1624 3562 1699 3611 mo-

274 3635 340 3703 rari
358 3637 440 3706 oiim
456 3636 689 3707 communiter
703 3635 902 3719 consucvit,
917 3635 1093 3724 adjunctis
1112 3635 1292 3705 vobiscum
1313 3636 1460 3705 testibus
1479 3633 1548 3706 fide
1565 3636 1696 3727 dignis,

273 3731 471 3826 dictamque
501 3734 702 3805 citationem
730 3732 980 3803 nicbiiominus
1010 3731 1145 3802 faciatis
1173 3734 1311 3825 publice
1332 3734 1366 3801 in
1388 3733 1534 3803 ecclesia
1565 3747 1696 3826 vestra,

272 3830 365 3902 ciero
389 3843 424 3903 ct
448 3832 578 3925 populo
604 3843 818 3922 congregato
841 3829 971 3901 ibidem
995 3831 1040 3900 ad
1067 3829 1283 3900 audiendum
1306 3830 1441 3914 divina,
1466 3826 1506 3926 [i0
1530 3830 1551 3897 8
1572 3826 1607 3926 b]
1638 3853 1699 3923 per

274 3937 342 3998 tres
361 3929 438 4001 dies
457 3929 653 4000 dominicos
672 3940 734 3998 aut
759 3928 906 3999 festivos
936 3927 1137 3997 immediate
1163 3940 1370 4020 sequentem
1391 3949 1539 4019 quorum
1561 3927 1698 3998 dierum

272 4027 464 4116 quemlihet
491 4026 696 4120 proedicto
724 4025 900 4098 citationis
930 4024 1189 4119 perhemptoria
1215 4026 1457 4117 assignamus,
1489 4036 1526 4094 ut
1546 4025 1603 4094 taii
1624 4026 1696 4114 die,

271 4144 375 4214 quam
410 4126 502 4196 diem
539 4145 602 4218 pro
636 4124 897 4216 perhemptorio
928 4123 1077 4193 termino
1111 4123 1355 4215 assignamus,
1386 4123 1552 4210 Thoiose‚
1583 4122 1619 4192 in
1640 4124 1699 4193 tati

272 4221 369 4308 ioco,
391 4224 447 4294 vei
470 4223 528 4293 tali
557 4222 725 4308 ecclesia,
748 4221 978 4313 personaliter
1004 4232 1039 4291 et
1067 4220 1326 4314 perhemptoria
1353 4232 1554 4313 compareat
1579 4242 1697 4291 coram

273 4321 373 4391 nohis
393 4321 427 4390 in
451 4320 613 4413 proximu
633 4331 716 4389 tunc
741 4318 937 4388 imminenti
957 4318 1112 4409 generali
1138 4338 1301 4388 sermone
1323 4317 1590 4409 inquisitorum,
1612 4341 1699 4411 qua·

271 4436 422 4511 cumque
447 4419 504 4489 die
529 4419 642 4508 ipsum
670 4415 745 4487 fieri
772 4416 957 4507 contigerit
984 4416 1019 4485 in
1045 4415 1103 4484 tati
1129 4416 1206 4486 ioco
1232 4415 1287 4485 uel
1312 4415 1347 4483 in
1378 4415 1436 4484 tali
1461 4415 1609 4485 ecclesia
1629 4416 1701 4506 (uel

269 4516 354 4588 sic:
381 4517 440 4587 uhi
467 4528 502 4587 et
526 4515 669 4608 quando
694 4514 808 4607 ipsum
835 4512 1097 4584 decreverimus
1124 4511 1360 4606 faciendum),
1386 4510 1609 4582 diffinitivam
1630 4514 1697 4584 ihi-

270 4615 351 4684 dem
371 4613 582 4686 sententiam
602 4612 787 4682 auditurus
806 4631 913 4703 super
932 4609 1001 4680 hiis
1020 4620 1055 4679 et
1078 4630 1141 4701 pro
1161 4609 1318 4701 hiisque
1339 4610 1373 4678 in
1396 4610 1544 4679 crimine
1564 4610 1698 4682 heresis

268 4713 487 4783 commisisse
517 4709 696 4781 invenitur
724 4720 792 4779 tam
821 4729 883 4800 per
910 4706 1173 4799 inquisitionem
1199 4728 1240 4777 ac
1266 4726 1327 4800 per
1351 4715 1457 4777 testes
1482 4708 1517 4776 in
1550 4707 1698 4800 inquisi-

271 4810 365 4882 tione
383 4810 540 4902 iogitime
559 4819 741 4901 receptos,
761 4826 866 4899 quam
891 4805 996 4875 etiam
1017 4826 1079 4898 per
1102 4825 1202 4874 suam
1221 4804 1478 4877 consessionem
1506 4806 1542 4874 in
1567 4806 1697 4895 juditio

304 5064 342 5132 (t)
356 5064 490 5132 Sanitium
503 5062 576 5120 dans
590 5064 634 5119 les
647 5062 723 5119 deux
737 5078 809 5120 mss.
