4574 6404
427 646 499 722 268
713 668 876 721 ruscum
903 665 1332 733 incantatoris-anamma
1358 667 1570 719 rnsvtrsrrs.

428 828 475 900 ab
493 826 645 899 Ecclesia
664 827 835 911 Romana3
857 829 1064 920 quiuymmo
1083 827 1224 898 ordines
1239 848 1357 896 sacros
1373 826 1528 896 Romane
1546 825 1698 896 Ecclesia
1715 848 1785 896 non
1806 848 1862 898 re·

429 937 552 1019 putant
571 949 648 995 esse
668 947 686 994 a
708 927 800 1006 Deo,
829 937 882 994 set
910 945 928 993 a
951 925 1137 994 traditione
1156 924 1356 1006 bominum,
1380 924 1532 1015 ideoque
1564 923 1732 993 laliaciter
1756 925 1858 994 deci-

429 1024 531 1117 piunt
546 1024 702 1093 dicentes
719 1036 754 1092 et
772 1024 919 1092 latentes
929 1043 967 1091 se
983 1023 1128 1092 credere
1143 1043 1221 1092 esse
1237 1025 1271 1090 in
1295 1034 1412 1091 sancta
1429 1021 1597 1102 Ecclesia,
1622 1022 1862 1111 intelligentes

428 1120 474 1190 de
493 1142 572 1210 sua,
590 1142 727 1190 sacrum
745 1120 902 1191 ordinem
921 1121 1163 1212 episcopatus,
1194 1119 1391 1211 presbiterii
1411 1131 1446 1188 et
1464 1118 1720 1211 dyacbonatus.
1744 1120 1860 1207 ltem,

429 1218 523 1287 nulla
546 1219 711 1287 miracula
740 1238 810 1309 que
829 1215 919 1285 liunt
939 1217 974 1285 in
995 1216 1147 1287 Ecclesia
1171 1229 1370 1286 sanctorum
1400 1216 1532 1285 meritis
1561 1227 1597 1285 et
1622 1219 1786 1308 precibus
1805 1217 1861 1286 di-

428 1329 609 1386 contessa
631 1337 727 1388 vera.
749 1314 966 1407 quianullus
987 1316 1140 1406 ipsorum
1162 1315 1351 1405 aliquando
1372 1315 1452 1383 lecit
1473 1313 1651 1383 miracula.
1674 1313 1781 1393 llam,
1802 1314 1862 1384 di-

428 1424 512 1483 cunt
531 1425 566 1483 et
585 1426 703 1483 tenent
720 1414 752 1481 in
773 1423 909 1482 secreto
925 1412 1019 1503 quod
1038 1413 1147 1481 sancti
1169 1413 1203 1480 in
1220 1414 1295 1482 celo
1319 1433 1387 1480 non
1408 1412 1558 1480 audiunt
1577 1413 1754 1482 orationes
1773 1411 1864 1484 lide·

428 1509 513 1579 lium
552 1532 616 1580 nec
650 1512 837 1579 attendunt
873 1511 1120 1580 venerationes
1155 1511 1284 1600 quibus
1317 1531 1379 1579 eos
1414 1508 1630 1579 honoramus
1668 1511 1702 1577 in
1733 1513 1859 1597 terris,

426 1607 620 1699 dicuntque
637 1621 776 1677 sanctos
798 1628 864 1677 rron
884 1626 986 1676 orare
1008 1629 1069 1698 pro
1091 1609 1191 1677 nobis
1208 1619 1242 1677 et
1262 1607 1343 1677 ideo
1363 1628 1431 1676 non
1452 1619 1615 1698 opportet
1644 1629 1708 1676 nos
1734 1629 1860 1678 eornm

428 1706 593 1795 sutfragia
621 1707 820 1797 implorare.
846 1703 945 1774 Unde
971 1717 1143 1796 spernunt
1170 1706 1447 1797 sollempnitates
1474 1725 1562 1794 quas
1591 1707 1627 1773 in
1656 1717 1860 1775 sanctorum

428 1806 657 1872 veneratione
674 1805 892 1872 celebramus
917 1814 952 1870 et
970 1804 1037 1871 alia
1057 1803 1185 1893 quibus
1208 1824 1269 1872 eos
1295 1822 1507 1872 veneramur
1532 1802 1586 1871 vel
1616 1802 1857 1890 honoramus;

429 1901 517 1971 etin
537 1901 662 1970 diebus
683 1902 778 1969 lestis
800 1895 841 1993 ll·
861 1899 929 1968 t35
947 1895 1004 1996 a],
1033 1901 1092 1969 ubi
1111 1912 1212 1969 caute
1232 1912 1400 1991 possunt,
1420 1912 1624 1990 operantur.
1648 1900 1717 1971 Hec
1738 1911 1858 1971 tamen

430 2000 494 2067 tria
517 2021 585 2068 nou
607 2000 828 2068 manilestant
846 1999 1087 2068 indillerenter
1106 1998 1331 2067 credentibus
1349 1997 1443 2079 suis,
1465 2009 1518 2066 set
1539 1999 1630 2066 inter
1648 2019 1687 2066 se
1708 1998 1857 2089 perlecti

432 2094 525 2164 illius
548 2110 643 2165 secte
668 2098 719 2163 sic
748 2107 886 2190 tenent,
908 2094 1041 2165 scilicet
1071 2096 1116 2165 de
1144 2095 1318 2164 miraculis
1338 2106 1557 2178 sanctorum,
1575 2097 1669 2186 quod
1692 2117 1759 2163 non
1786 2096 1859 2165 sint

428 2213 535 2278 vera,
558 2206 592 2262 et
612 2195 657 2263 de
675 2194 852 2283 suffragiis
871 2214 992 2262 eorum
1015 2214 1083 2263 non
1101 2193 1342 2285 implorandis,
1365 2203 1401 2262 et
1426 2192 1470 2261 de
1492 2193 1588 2263 lestis
1609 2214 1677 2263 non
1697 2192 1859 2263 colendis

428 2301 545 2385 preter
565 2291 657 2360 diem
679 2291 891 2361 dominicum
913 2301 948 2359 et
968 2291 1054 2360 festa
1075 2292 1176 2360 beate
1196 2291 1304 2360 Marie
1323 2289 1495 2380 Virginis,
1525 2302 1560 2359 et
1583 2291 1693 2381 aliqui
1718 2293 1859 2361 addunt

428 2389 666 2482 apostolorum
689 2400 723 2458 et
743 2390 1053 2479 evangelistarum.
1076 2389 1146 2457 llec
1165 2400 1281 2457 autem
1311 2398 1347 2457 et
1376 2388 1543 2456 nonnulla
1563 2388 1630 2456 alia
1653 2408 1800 2458 erronea
1821 2397 1858 2458 et

428 2488 574 2566 insana,
605 2508 674 2578 que
699 2506 718 2554 a
747 2486 1016 2577 precedentibus
1041 2486 1239 2556 necessario
1259 2502 1510 2577 consequntur,
1532 2486 1759 2555 credentibus
1779 2485 1856 2556 suis

427 2581 599 2653 clamcnlo
619 2587 653 2652 in
675 2586 749 2652 suis
764 2583 1021 2653 conventiculis
1040 2584 1289 2673 dogmatizant.
1308 2581 1407 2664 Item,
1426 2583 1609 2674 predicant
1622 2585 1696 2652 suis
1709 2582 1858 2653 creden·

429 2680 522 2750 tibus
542 2683 586 2753 de
607 2680 804 2772 Evangeliis
818 2691 851 2750 et
872 2682 1032 2773 epistolis
1049 2681 1198 2772 aliisque
1215 2681 1323 2750 sacris
1339 2680 1522 2772 scripturis
1538 2701 1626 2771 quas
1643 2679 1858 2773 exponendo

428 2790 658 2872 corrumpunt
685 2778 847 2869 tanquam
870 2779 1025 2868 magistri
1048 2779 1177 2849 erroris
1202 2777 1262 2869 qui
1289 2798 1359 2848 non
1385 2790 1562 2847 noverunt
1588 2799 1666 2848 esse
1692 2776 1857 2872 discipuli

429 2875 605 2955 veritatis,
627 2898 705 2946 cum
729 2889 843 2945 tamen
870 2875 1064 2969 predicatio
1086 2878 1132 2944 sit
1158 2876 1296 2968 penitus
1317 2875 1424 2968 laycis
1444 2875 1642 2945 interdicta.
1664 2875 1855 2945 Sciendum

427 2993 569 3065 quoque
589 2974 754 3066 estquod
777 2973 931 3066 predicta
951 2985 1046 3044 secta
1067 2973 1195 3044 multos
1212 2973 1300 3043 nlius
1321 2992 1459 3043 errores
1478 2973 1524 3043 ab
1542 2973 1625 3043 olim
1654 2972 1798 3057 babuit,
1819 2981 1858 3042 et

429 3072 561 3153 tenuit,
584 3087 616 3141 et
637 3072 753 3140 adbuc
777 3073 811 3139 in
837 3071 1013 3164 aliquibus
1033 3071 1191 3163 partibus
1212 3069 1341 3139 babere
1359 3069 1489 3140 dicitur
1514 3069 1549 3140 in
1578 3083 1735 3156 secreto,
1762 3069 1857 3140 sicot

427 3167 473 3237 de
492 3170 728 3238 celebratione
765 3169 869 3238 misse
893 3170 928 3237 in
960 3169 1019 3239 die
1044 3168 1155 3249 Cene,
1176 3168 1267 3237 sicut
1289 3169 1421 3237 dictum
1451 3177 1505 3239 est
1532 3170 1713 3260 superius,
1748 3179 1784 3238 et
1808 3166 1855 3238 de

428 3263 540 3335 mixto
551 3265 803 3336 abbonrinabili
819 3266 852 3334 in
873 3267 1027 3337 tenebris
1037 3264 1356 3357 laciendoquilibet
1370 3285 1449 3334 crim
1468 3265 1624 3357 qualibet
1636 3265 1853 3351 indistincte,

429 3372 464 3432 et
482 3363 528 3433 de
546 3364 766 3455 apparitione
788 3363 856 3432 cati
883 3374 919 3433 et
942 3364 1146 3456 aspersione
1173 3383 1251 3431 cnm
1272 3362 1382 3432 canda
1399 3416 1408 3447 ‚
1427 3374 1462 3433 et
1480 3362 1525 3433 de
1543 3362 1754 3455 quibusdam
1774 3361 1855 3432 aliis

428 3480 499 3552 que
519 3460 554 3531 in
574 3462 759 3532 summulis
774 3481 881 3554 super
900 3458 968 3531 boc
985 3459 1192 3552 conscriptis
1206 3459 1315 3530 lacius
1334 3460 1570 3530 continentur.

797 3716 831 3776 5.
855 3713 906 3778 De
928 3714 1034 3778 modo
1056 3713 1205 3777 vivendi
1226 3712 1477 3778 valdensium.

471 3957 521 4027 De
541 3960 607 4027 ritu
627 3970 743 4029 antem
763 3969 798 4029 et
818 3959 923 4029 modo
946 3957 1091 4028 videndi
1112 3957 1345 4028 hereticorum
1367 3957 1591 4028 Valdeusium
1613 3957 1745 4048 aliquid
1773 3979 1854 4050 per-

424 4055 669 4166 stringendum
693 4051 746 4127 est
764 4066 1041 4149 consequenter,
1060 4068 1099 4124 ut
1117 4076 1162 4125 ex
1183 4054 1248 4125 boc
1267 4055 1466 4146 aliqualiter
1486 4055 1638 4125 discerni
1660 4055 1801 4124 valeant
1819 4066 1855 4126 et

422 4174 651 4341 colgopllilmis
673 4252 790 4339 itaque
808 4249 991 4338 sciendum
1019 4248 1185 4341 estquod
1206 4248 1397 4320 Valdenses
1417 4249 1548 4320 babent
1575 4260 1610 4320 et
1635 4250 1856 4321 constituunt

422 4347 490 4419 sibi
511 4370 617 4417 unum
635 4351 851 4440 superiorem
869 4369 975 4440 super
994 4368 1051 4432 se,
1067 4368 1172 4439 quem
1190 4358 1317 4416 vocant
1335 4346 1532 4434 Majoralem
1553 4370 1678 4432 suurn,
1701 4349 1755 4418 cui
1774 4368 1853 4419 om-

424 4466 486 4516 nes
506 4457 669 4517 tenentur
684 4447 829 4516 obedire
849 4439 890 4541 [ιο
907 4444 976 4514 135
991 4441 1027 4543 b]
1044 4445 1136 4514 sicut
1152 4465 1276 4514 omnes
1290 4443 1450 4514 oatbolici
1467 4456 1549 4515 sunt
1565 4445 1632 4515 snb
1649 4445 1854 4516 obedientia

423 4544 558 4616 domini
585 4565 685 4636 pape.
714 4545 821 4623 bem,
846 4542 1035 4613 Valdenses
1063 4543 1296 4613 communiter
1323 4542 1514 4612 comedunt
1537 4554 1573 4614 et
1601 4542 1725 4612 bibunt
1752 4543 1854 4615 cibos

423 4662 641 4712 communes.
664 4642 772 4734 bem,
787 4641 950 4731 jejunant
971 4641 1030 4710 die
1053 4640 1135 4710 lune
1160 4651 1195 4710 et
1214 4640 1272 4710 die
1296 4640 1460 4711 mercurii
1485 4641 1545 4731 qui
1567 4652 1713 4733 possunt
1731 4652 1767 4710 et
1787 4661 1853 4712 vo·

422 4738 519 4821 lunt;
535 4740 735 4829 jejunantes
758 4753 872 4808 tamen
894 4749 1085 4809 vescuntur
1103 4738 1280 4808 carnibus.
1301 4737 1398 4813 ltem,
1412 4738 1574 4828 jejunant
1595 4738 1721 4808 diebus
1741 4759 1852 4809 vene·

423 4835 471 4906 ris
496 4839 584 4905 etin
604 4838 871 4927 quadragesima
897 4846 932 4906 et
961 4847 1044 4906 tunc
1069 4836 1284 4906 abstinente
1309 4835 1473 4905 carnibus
1495 4856 1539 4904 ne
1557 4836 1683 4905 ceteris
1707 4836 1854 4905 veniant

422 4931 458 5002 in
477 4931 673 5013 horrorem,
695 4935 775 5025 quia
795 4934 916 5004 dicunt
932 4934 1027 5026 qnod
1047 4954 1171 5003 carnes
1190 4933 1376 5003 comedere
1390 4953 1613 5025 quacumque
1630 4933 1689 5002 die
1708 4953 1776 5002 nou
1797 4944 1854 5004 est

325 5070 332 5082 ·
421 5045 617 5133 peccatum,
641 5033 723 5123 qnia
746 5031 902 5102 t'hristus
922 5051 991 5102 non
1012 5031 1191 5124 prohibuit
1217 5030 1311 5100 vesci
1334 5030 1521 5117 carnibus,
1543 5052 1607 5102 nec
1628 5029 1783 5124 precepit
1805 5030 1852 5101 ab
