4612 6404
824 680 951 747 onium
977 680 1074 733 nans.
1423 690 1431 705 ·
1598 666 1669 735 ato

237 851 381 938 propter
401 842 491 911 hanc
508 840 779 935 prohibitionem
803 842 858 910 vel
879 841 1141 933 impeditionem
1163 841 1350 932 specialem
1370 842 1501 931 burgus
1522 842 1576 910 vel
1597 863 1669 911 cas·

197 974 201 982 ·
240 952 328 1012 trum
350 953 538 1033 componat
556 939 735 1010 communi
756 942 791 1008 in
809 940 910 1030 cujus
927 938 1086 1009 districtu
1106 950 1159 1008 est
1183 939 1289 1008 libras
1310 939 1502 1024 ducentas,
1531 952 1566 1008 et
1584 939 1669 1008 villa

240 1039 346 1129 libras
370 1049 525 1120 centum,
548 1048 582 1106 et
602 1038 729 1106 vicinia
760 1050 828 1108 tam
858 1038 957 1127 burgi
987 1058 1091 1128 quam
1120 1041 1224 1106 castri
1253 1048 1288 1105 et
1306 1038 1539 1107 communitas
1561 1037 1667 1106 libras

242 1138 495 1228 quinquaginta
516 1135 754 1209 Parmensium
776 1137 853 1205 sive
870 1135 1101 1228 imperialium
1124 1135 1157 1203 in
1180 1137 1346 1228 peccunia
1367 1147 1546 1203 numerata
1568 1190 1576 1210 ‚
1601 1135 1667 1203 nisi

240 1235 327 1304 intra
349 1234 511 1325 quintum
533 1233 627 1302 diem
647 1233 743 1324 ipsos
761 1234 965 1303 defensores
983 1233 1038 1301 vel
1059 1235 1279 1304 defensorem
1301 1232 1533 1303 hereticorum
1558 1243 1670 1322 potes·

242 1333 300 1401 tati
321 1332 377 1401 vel
401 1333 527 1401 rectori
547 1343 668 1423 captos
686 1331 854 1401 duxerint
882 1330 1112 1423 personaliter
1134 1326 1409 1421 presentandos,
1432 1331 1487 1398 vel
1512 1329 1576 1398 nisi
1598 1331 1667 1400 lor-

240 1451 301 1500 aan
340 1450 402 1521 per
434 1429 608 1520 legitimas
642 1429 865 1519 probationes
895 1429 1095 1521 dyocesano
1123 1429 1177 1498 vel
1208 1429 1243 1496 iu
1268 1430 1344 1518 ejus
1370 1428 1527 1496 absentia
1559 1428 1669 1518 ipsius

240 1527 373 1597 vicario
389 1549 457 1597 una
477 1549 555 1596 cum
568 1527 836 1615 inquisitoribus
856 1549 918 1595 seu
940 1527 1148 1618 inquisitore
1165 1526 1419 1617 hereticorum,
1441 1526 1495 1594 vel
1518 1525 1584 1616 ipsi
1603 1526 1667 1595 soli

242 1626 472 1718 dyocesamo,
510 1624 652 1715 quaudo
679 1624 924 1716 inquisitorum
956 1645 1017 1693 seu
1054 1624 1271 1717 inquisitoris
1299 1624 1472 1715 presentia
1500 1623 1544 1691 de
1578 1624 1669 1692 lacili

243 1722 363 1792 baberi
383 1744 451 1792 nou
479 1725 624 1814 poterit,
654 1721 757 1814 plene
775 1743 814 1792 ac
834 1723 1020 1791 evidenter
1039 1722 1234 1793 constiterit
1253 1743 1342 1813 quos
1363 1723 1476 1812 ipsum
1497 1720 1554 1789 vel
1574 1721 1673 1812 ipsos

242 1840 365 1911 capere
398 1822 599 1890 nullatenus
631 1821 826 1911 potuissent
860 1833 894 1890 et
919 1841 980 1890 eos
1006 1823 1050 1889 ad
1085 1821 1279 1912 captionem
1313 1830 1347 1889 et
1373 1819 1668 1910 presentationem

242 1917 441 2008 hujusmodi
464 1918 641 1987 lacieudas
661 1917 893 1988 sufficientem
922 1930 957 1986 et
984 1939 1175 2009 congruam
1208 1916 1373 1987 babuisse
1396 1916 1667 1986 sollicitudiuem

242 2027 275 2085 et
292 2017 479 2087 cautelam.

290 2113 489 2184 Teneantur
515 2117 659 2206 insuper
679 2126 849 2207 potestas,
871 2113 1091 2205 capitaneuS,
1119 2116 1280 2183 consules
1304 2135 1366 2183 seu
1392 2124 1504 2182 rector
1528 2114 1583 2182 vel
1609 2113 1670 2180 alii

245 2205 284 2306 [l0
301 2211 369 2279 toa
388 2208 420 2309 c]
443 2212 548 2303 hujus
567 2233 689 2282 omnes
705 2212 879 2282 hereticos
895 2212 955 2302 qui
972 2213 1062 2304 capti
1078 2212 1205 2282 amodo
1223 2212 1351 2279 luerint
1365 2210 1533 2279 custodiri
1556 2212 1669 2280 lacere

242 2309 306 2378 snb
326 2311 492 2401 expensis
512 2313 708 2380 communis
733 2310 885 2380 civitatis
904 2311 960 2380 vel
983 2311 1049 2380 loci
1066 2311 1121 2379 cui
1142 2325 1306 2402 presunt,
1330 2330 1391 2400 per
1410 2308 1505 2376 viros
1524 2307 1669 2378 catholi-

242 2428 300 2477 cos
316 2408 361 2477 ad
380 2406 446 2479 hoc
466 2408 595 2478 electos
611 2430 630 2477 a
650 2408 863 2502 dyocesano,
880 2410 911 2477 si
930 2409 1205 2501 preaeminent,
1228 2419 1263 2476 et
1278 2408 1443 2476 iratribus
1460 2406 1670 2497 supradictis

242 2505 296 2575 vel
318 2507 585 2596 inquisitoribus
614 2528 675 2576 seu
704 2505 933 2597 inquisitore,
958 2507 991 2574 in
1012 2506 1131 2597 aliquo
1150 2506 1291 2598 speciali
1312 2525 1452 2575 carcere
1471 2524 1613 2586 securo,
1635 2505 1668 2572 iu

242 2624 310 2692 quo
333 2604 400 2694 ipsi
425 2605 491 2674 soli
516 2615 699 2674 teneantur
719 2625 878 2673 seorsum
902 2624 921 2672 a
948 2604 1142 2688 latronibus
1162 2615 1197 2674 et
1219 2604 1373 2673 bannitis
1391 2602 1503 2671 donec
1523 2600 1567 2670 de
1584 2603 1669 2694 ipsis

243 2699 344 2770 luerit
361 2700 561 2771 dillinitum.

288 2797 486 2869 Teneantur
512 2802 656 2893 insuper
684 2812 857 2892 potestas,
886 2801 1091 2892 capitaneus
1112 2802 1275 2870 consules
1303 2822 1364 2869 seu
1396 2811 1510 2869 rector
1531 2798 1585 2867 vel
1610 2798 1670 2867 alii

242 2893 441 2985 hujusmodi
470 2920 548 2968 curu
571 2900 663 2969 bono
683 2910 717 2967 et
736 2920 861 2969 securo
882 2900 1049 2968 comitatu
1073 2919 1196 2968 omnes
1224 2898 1420 2980 hereticoS,
1446 2917 1670 2988 quocumque

241 2994 382 3063 nomine
402 3008 635 3078 censeantur,
659 2997 747 3065 inira
768 2997 844 3066 dies
863 2998 1065 3089 quindecim
1089 3009 1272 3089 postquam
1293 2995 1383 3087 capti
1408 2996 1559 3076 luerint,
1584 2993 1671 3085 dyo·
1768 3065 1770 3067 ,

241 3111 368 3161 cesano
387 3095 442 3163 vel
460 3095 536 3184 ejus
553 3094 686 3164 vicario
704 3095 846 3186 speciali
863 3116 927 3164 seu
944 3095 1177 3164 hereticorum
1195 3093 1463 3186 inquisitoribus
1481 3092 1536 3161 vel
1557 3092 1671 3182 inqui-

240 3188 336 3259 sitori
359 3204 571 3281 presentare,
593 3215 655 3285 pro
674 3194 936 3262 examinatione
952 3194 997 3263 de
1015 3193 1100 3284 ipsis
1116 3204 1286 3262 eteorum
1304 3191 1417 3260 heresi
1436 3189 1611 3259 facienda.

288 3286 500 3381 Dampnatos
521 3311 606 3360 vero
626 3291 670 3359 de
695 3290 810 3359 heresi
831 3312 893 3382 per
922 3291 1184 3384 dyocesanum‚
1209 3291 1263 3360 vel
1293 3292 1368 3379 ejus
1390 3288 1561 3357 vicarium
1579 3341 1587 3369 ,
1608 3309 1674 3358 seu

241 3384 464 3475 inquisitores
497 3389 549 3456 vel
581 3388 821 3479 inquisitorem
855 3389 1051 3480 predictos,
1089 3399 1263 3480 potestas,
1295 3389 1500 3478 capitaneus
1529 3385 1585 3455 vel
1613 3386 1673 3454 alii

240 3502 361 3552 eorum
378 3485 583 3576 supradicti,
604 3485 659 3554 vel
680 3486 756 3574 ejus
771 3507 833 3555 seu
856 3507 976 3555 eorum
1000 3487 1148 3555 nuncius
1164 3486 1341 3578 specialis,
1364 3504 1425 3554 eos
1445 3483 1671 3552 animadver-

240 3579 340 3649 sione
363 3582 481 3652 debita
519 3582 717 3674 puniendos
753 3584 819 3652 sibi
850 3585 990 3653 relictos
1022 3585 1139 3652 statim
1173 3585 1328 3676 recipere
1367 3592 1564 3650 teneantur.
1606 3579 1672 3650 Te-

241 3690 389 3746 neantur
410 3691 567 3773 preterea
590 3691 760 3772 potestaS,
788 3681 1010 3772 capitaneus,
1033 3682 1196 3751 consules
1213 3695 1274 3750 aut
1296 3689 1410 3749 rector
1436 3690 1496 3747 aut
1522 3677 1581 3746 alii
1604 3678 1671 3746 hn-

237 3774 392 3863 jusmodi
417 3799 539 3846 omnes
566 3777 737 3848 hereticos
767 3799 855 3869 quos
884 3789 1003 3870 captos
1032 3779 1221 3848 habuerint
1248 3798 1374 3868 cogere
1404 3776 1490 3845 citra
1522 3776 1672 3844 membri

241 3871 508 3945 diminutionem
529 3889 564 3944 et
583 3877 702 3944 mortis
723 3876 932 3967 periculum,
956 3888 1119 3967 tanquam
1143 3897 1226 3945 vere
1245 3877 1398 3945 latrones
1416 3875 1616 3954 animarum
1637 3885 1673 3942 et

240 3969 334 4040 fures
353 3984 649 4042 sacramentorum
668 3973 727 4042 Ilei
744 3985 778 4042 et
794 3972 875 4043 lidei
891 3973 1102 4057 christiane,
1122 3995 1260 4043 errores
1279 3993 1362 4042 suos
1377 3991 1549 4062 expresse
1572 3972 1671 4040 lateri

240 4078 275 4136 et
290 4089 454 4140 accusare
475 4072 563 4140 alios
580 4071 756 4140 hereticos
777 4092 865 4161 qnos
884 4071 1000 4140 sciunt
1020 4084 1054 4140 et
1076 4072 1165 4142 bona
1189 4071 1230 4166 [l0
1253 4069 1320 4137 toa
1341 4065 1377 4167 d]
1399 4089 1521 4138 eorum
1542 4081 1577 4136 et
1596 4089 1672 4138 cre·

241 4165 363 4236 dentes
384 4179 419 4236 et
439 4180 672 4259 receptatores
690 4181 725 4238 et
745 4169 949 4239 delensores
969 4190 1113 4253 eorum,
1140 4169 1231 4238 sicut
1249 4180 1423 4257 coguntur
1444 4166 1538 4235 lures
1564 4178 1599 4236 et
1620 4166 1671 4233 la-

242 4273 359 4333 trones
370 4286 485 4335 rerum
502 4266 745 4358 temporalium
764 4287 929 4336 accusare
947 4288 1030 4337 suos
1045 4267 1232 4359 complices
1249 4277 1283 4335 et
1302 4266 1400 4334 lateri
1419 4260 1586 4333 maleficia
1602 4283 1672 4355 que

242 4360 410 4431 lecerunt.

288 4458 420 4529 Domus
438 4472 554 4530 autem
576 4464 610 4528 iu
631 4483 699 4552 qua
726 4475 885 4553 repertus
916 4462 1020 4531 luerit
1044 4461 1219 4531 hereticus
1245 4462 1300 4530 vel
1324 4460 1477 4529 heretica
1501 4461 1578 4528 sine
1601 4458 1669 4527 ulla

240 4576 303 4647 spe
318 4556 543 4627 reedificandi
566 4560 703 4649 penitus
724 4560 940 4642 destruatur,
966 4560 1032 4629 nisi
1049 4559 1213 4628 dominus
1229 4559 1355 4629 domus
1373 4557 1575 4627 eosibidem
1596 4578 1671 4648 pro·

239 4656 416 4725 curaverit
441 4656 587 4747 reperiri
605 4680 614 4744 3
644 4668 678 4725 et
696 4658 725 4726 si
747 4658 911 4726 dominus
932 4660 1057 4728 domus
1079 4657 1172 4725 illius
1194 4656 1358 4726 habuerit
1382 4676 1461 4724 cum
1483 4675 1525 4723 en
1546 4654 1670 4723 domos

239 4751 325 4821 alias
342 4755 598 4845 appendentes,
612 4754 689 4823 sive
706 4757 741 4822 in
759 4755 864 4825 domo
881 4755 938 4823 illa
956 4753 1080 4824 sivein
1092 4756 1169 4843 ejus
1190 4746 1475 4849 appendioi[bns]
1496 4751 1674 4821 hereticus·

240 4848 293 4917 rel
311 4849 463 4920 heretica
481 4852 723 4943 deprehensus
741 4853 858 4935 luerit,
877 4852 1039 4921 similiter
1055 4851 1275 4932 destruatur,
1294 4861 1329 4921 et
1343 4851 1434 4920 bona
1451 4871 1521 4940 que
1540 4850 1671 4919 luerint

167 5006 170 5014 .
240 4946 381 5016 iuventa
401 4951 437 5016 in
455 4949 560 5018 domo
576 4949 633 5018 illa
649 4950 806 5043 ipsisque
823 4948 1098 5043 appendicibus,
1116 4948 1183 5020 uisi
1204 4949 1293 5020 lorte
1309 4950 1464 5039 legitime
1483 4968 1544 5040 per
1563 4958 1669 5017 testes

239 5040 309 5113 fide
327 5045 452 5136 dignos
472 5058 507 5116 et
523 5046 618 5117 omni
638 5048 847 5141 exceptione
865 5049 1014 5138 majores
1035 5046 1109 5139 ipsa
1129 5047 1221 5117 bona
1238 5068 1317 5118 esse
1333 5045 1480 5116 aliarum
1501 5065 1668 5138 persona·
