4574 6404
424 640 493 708 trt
632 617 640 630 ⁴
709 652 870 704 enacrrcn
897 652 1138 718 moursmorus
1166 652 1328 703 nanarrca
1354 650 1564 702 rnrvrrrrrs.

425 814 540 898 titulo,
559 812 648 882 libro
663 810 734 896 Vl⁰,
751 811 818 880 sub
835 810 987 880 diversis
1004 809 1454 903 capitulisadiciensinfina
1467 811 1572 881 totius
1590 810 1693 893 tituli,
1705 808 1853 902 §finali,

425 915 459 980 in
480 912 574 980 hunc
593 909 733 978 modum
754 934 761 976 ε
782 907 1054 977 Constitutiones
1075 930 1180 992 vero,
1204 919 1238 977 et
1257 908 1497 978 ordinationes
1517 930 1577 977 seu
1600 909 1762 978 mandata
1783 909 1870 979 alia‘

425 1009 712 1102 predecessorum
745 1017 942 1076 nostrorum
971 1008 1004 1073 in
1034 1006 1179 1096 negocio
1206 1005 1361 1075 heretice
1390 1006 1570 1097 pravitatis
1596 1006 1683 1074 lacta
1709 1018 1743 1075 et
1769 1028 1855 1078 con-

425 1126 536 1193 cessa,
558 1127 620 1174 seu
639 1104 741 1174 etiam
759 1103 804 1172 ad
821 1103 978 1173 consulta
997 1124 1180 1196 responsa,
1202 1125 1271 1194 que
1291 1103 1600 1174 constitutionibus
1619 1123 1724 1197 supra
1742 1105 1856 1197 scrip·

427 1205 469 1272 tis
495 1225 601 1295 super
621 1201 743 1272 eadem
771 1200 875 1270 editis
901 1201 1072 1293 pravitate
1098 1222 1165 1271 nou
1193 1201 1359 1283 obvient,
1382 1202 1417 1269 iu
1441 1222 1506 1272 suo
1534 1200 1697 1271 volumus
1726 1202 1857 1273 robore

424 1321 641 1394 permanere.
1769 1325 1775 1336 ·

474 1398 544 1467 Hec
563 1410 678 1467 autem
704 1407 785 1467 sunt
809 1416 878 1487 que
902 1396 1083 1465 constituit
1104 1397 1136 1464 in
1159 1396 1283 1466 litteris
1305 1395 1506 1488 apostolicis
1530 1396 1614 1486 ipsis
1635 1397 1856 1487 inquisitori-

370 1522 374 1529 ·
424 1496 490 1565 bus
518 1496 714 1580 concessis,
740 1495 829 1563 sicut
857 1494 890 1560 in
919 1494 1149 1585 sequentibus
1175 1494 1209 1562 iu
1241 1494 1325 1564 locis
1352 1494 1425 1563 suis
1451 1493 1618 1584 liquidius
1645 1495 1854 1585 apparebit,

424 1615 502 1665 cum
526 1615 569 1663 ex
591 1594 824 1685 predictarum
851 1593 1039 1660 litteratum
1062 1591 1240 1663 tenoribus
1264 1591 1419 1661 clausule
1440 1592 1483 1659 ad
1509 1594 1723 1683 propositum
1744 1593 1856 1685 perti-

424 1703 548 1762 nentes
566 1691 741 1782 explicate
762 1689 889 1759 luerint
908 1701 942 1757 et
965 1688 1095 1759 decise.

472 1788 618 1858 Demum
644 1788 801 1857 Clemens
827 1807 915 1878 papa
937 1787 993 1855 V¹¹⁵
1012 1788 1099 1856 duas
1119 1787 1230 1857 edidit
1252 1786 1519 1857 constitutiones
1539 1807 1686 1877 quarum
1712 1808 1781 1856 una
1802 1790 1878 1858 in·.

425 1886 538 1978 cipit:
561 1885 759 1954 illuderunt
778 1883 940 1976 querela,
968 1884 1076 1954 altera
1104 1906 1216 1955 veru:
1245 1884 1432 1968 Nolenles,
1454 1905 1523 1974 que
1541 1885 1730 1975 apostolice
1757 1885 1855 1956 sedis

407 1988 674 2076 'circumspecta
698 1983 901 2076 provisione
920 2003 960 2051 ac
980 1983 1125 2074 provida
1145 1983 1457 2075 circumspectione
1481 1981 1657 2073 indigent,
1681 1994 1717 2050 nt
1738 2003 1853 2052 reme·

425 2082 584 2167 dicutur,
612 2093 672 2150 aut
698 2081 924 2149 moderentur
948 2079 982 2147 in
1008 2080 1153 2168 melius,
1179 2102 1241 2150 seu
1271 2080 1390 2172 pocius
1419 2079 1569 2149 totaliter
1593 2080 1857 2170 suspendantur

424 2190 567 2272 propter
584 2179 751 2248 nonnulla
773 2177 1055 2247 inconvenientia
1074 2199 1144 2269 que
1166 2188 1399 2248 consecuntur
1419 2199 1463 2247 ex
1487 2176 1571 2268 ipsis
1589 2180 1679 2247 circa
1702 2177 1855 2248 liberum

425 2288 459 2346 et
477 2277 680 2370 expeditum
699 2297 841 2345 cursum
863 2273 967 2345 ollicii
987 2277 1248 2366 inquisitionis,
1271 2297 1340 2367 que
1359 2275 1440 2345 alibi
1459 2285 1542 2344 suut
1563 2286 1693 2344 notata.

473 2373 568 2443 Circa
600 2373 751 2444 officium
783 2373 1020 2465 inquisitionis
1051 2385 1085 2443 et
1113 2373 1358 2465 inquisitorum
1390 2372 1543 2443 heretice
1574 2372 1755 2463 pravitatis
1787 2372 1855 2442 tria

424 2472 664 2566 principaliter
683 2472 717 2539 in
736 2471 887 2564 presenti
906 2471 1076 2563 opusculo
1095 2484 1178 2541 sunt
1196 2471 1346 2542 notanda
1367 2496 1374 2538 :
1397 2470 1507 2561 primu
1526 2469 1717 2555 ¹videndum
1735 2481 1791 2539 est
1808 2469 1855 2540 de

425 2569 535 2663 ipsius
554 2568 657 2639 officii
680 2569 916 2661 inquisitionis
936 2569 1205 2655 cornmissioue3
1222 2569 1378 2646 secundo
1398 2569 1442 2637 de
1462 2570 1537 2657 ejus
1557 2577 1729 2660 potestate
1746 2578 1782 2637 et
1792 2569 1853 2659 ju-

427 2667 651 2754 risdictione;
675 2667 782 2737 tercio
798 2669 843 2736 de
864 2667 939 2757 ejus
959 2668 1180 2738 executione.

474 2863 569 2932 1.-
594 2861 688 2933 Circa
713 2862 994 2940 commissionem
1019 2862 1137 2952 itaque
1163 2861 1268 2933 cilicii
1295 2863 1531 2954 inquisitionis
1556 2860 1683 2952 qualit
1707 2861 1856 2952 inquisi-

427 2961 560 3031 toribus
582 2955 622 3056 [l0
641 2960 687 3026 95
705 2957 741 3057 d]
764 2960 848 3052 ipsis
869 2962 903 3028 in
927 2959 1077 3030 diversis
1105 2963 1221 3051 regnis
1247 2971 1282 3031 et
1305 2961 1494 3053 provinciis
1516 2959 1722 3029 auctoritate
1747 2980 1853 3051 apos·

426 3059 528 3129 tolice
547 3060 661 3142 sedis,
680 3057 860 3128 sciendum
880 3058 1043 3148 estquod
1065 3058 1109 3126 ad
1129 3080 1169 3127 ea
1188 3081 1257 3151 que
1277 3059 1541 3130 committuntur
1561 3057 1693 3127 eisdem
1717 3057 1853 3150 trippli·

426 3159 513 3225 citer
531 3177 569 3224 se
587 3155 729 3225 habeut.

477 3253 509 3320 l.
539 3253 653 3322 Primo
682 3273 831 3345 namque
862 3252 1012 3344 quedam
1037 3254 1087 3322 sic
1118 3254 1383 3324 committuntur
1410 3254 1494 3346 ipsis
1522 3254 1615 3346 quod
1637 3251 1680 3321 ad
1702 3272 1742 3322 ea
1773 3273 1854 3323 sus·

426 3350 588 3442 cipieuda
614 3361 648 3419 et
672 3352 774 3420 etiam
798 3352 1006 3442 exequenda
1033 3361 1196 3421 tenentur
1225 3373 1268 3420 ex
1299 3364 1463 3444 precepto
1482 3349 1684 3422 obedientie
1710 3362 1853 3442 aposto·

428 3449 493 3518 lice
511 3449 625 3533 sedis,
647 3451 737 3517 sicut
754 3461 807 3519 est
831 3449 941 3540 ipsius
960 3446 1065 3518 olficii
1086 3448 1238 3541 impositi
1262 3471 1323 3518 seu
1348 3449 1492 3537 injuncti
1514 3450 1692 3541 susceptio
1716 3458 1751 3516 et
1775 3449 1853 3538 ejus

426 3548 608 3626 executi0,
630 3545 723 3635 quod
751 3560 844 3637 patet
866 3546 899 3614 iu
927 3546 1037 3615 littera
1061 3545 1247 3616 Clementis
1268 3567 1356 3638 pape
1381 3546 1456 3616 lllll
1477 3547 1608 3616 directa
1636 3546 1742 3639 priori
1765 3567 1851 3637 pro·

427 3645 567 3713 vinciali
589 3643 796 3712 Lombardie
820 3665 881 3735 pro
902 3644 1167 3734 inquisitoribus
1194 3644 1418 3713 instituendis
1440 3645 1472 3712 in
1498 3644 1703 3714 Lombardia
1724 3667 1733 3711 ι
1753 3641 1853 3714 tacet

426 3763 472 3811 cuc
496 3739 653 3810 cornibus
680 3741 808 3810 litandi
827 3739 1008 3832 partilium
1036 3753 1071 3811 et
1099 3743 1133 3809 in
1165 3741 1277 3812 littera
1303 3741 1459 3831 ejusdem
1488 3740 1674 3812 Clementis
1701 3762 1791 3834 pape
1816 3752 1854 3811 et

426 3840 582 3929 Gregorii
604 3858 692 3931 pape
712 3839 766 3924 X‘,
788 3852 821 3908 et
840 3839 1025 3932 Nycholay·
1036 3859 1124 3931 pape
1139 3836 1213 3907 llll¹i
1231 3839 1422 3908 consimilis
1444 3840 1573 3909 tenoris
1594 3839 1723 3908 directa
1741 3840 1851 3930 priori

425 3936 683 4006 Predicatorum
706 3936 953 4005 Parisiensium
975 3946 1010 4005 et
1036 3937 1256 4028 postmodum
1280 3938 1385 4029 priori
1407 3936 1613 4029 provinciali
1633 3936 1776 4005 Francia
1794 3957 1851 4006 or-

426 4034 518 4103 dinis
546 4033 806 4104 Predicatorum
838 4054 900 4127 pro
929 4034 1195 4125 inquisitoribus
1215 4034 1249 4102 in
1280 4056 1389 4125 regno
1417 4034 1559 4104 Francis
1581 4061 1588 4105 :
1612 4033 1690 4102 Pre
1717 4034 1852 4104 condis

425 4139 539 4201 nostre
563 4131 688 4222 mentis
713 4129 1009 4201 dodrantalibus.
1028 4130 1083 4199 Et
1107 4130 1211 4224 infru
1231 4157 1243 4199 .·
1267 4132 1475 4202 discretioni
1496 4143 1554 4200 tue
1579 4154 1640 4224 per
1658 4131 1853 4224 apostolica

425 4232 553 4322 scripta
574 4227 720 4297 tirmiter
746 4229 971 4322 precipiendo
992 4229 1198 4298 mandamus
1218 4229 1384 4320 quatinus
1405 4230 1513 4320 eligas
1539 4229 1661 4298 iratres
1688 4229 1851 4318 ejusdem

425 4327 558 4397 ordinis
581 4327 739 4420 ydoneos
763 4328 806 4396 ad
835 4326 1036 4416 hujusmodi
1057 4348 1144 4420 opus
1173 4328 1390 4398 Dominicum
1417 4328 1703 4418 exsequendum,
1726 4328 1852 4418 eisquc

424 4424 461 4493 in
484 4425 615 4494 virtute
640 4424 841 4495 obedientie
864 4425 1021 4494 districte
1045 4425 1235 4517 apostolica
1255 4426 1434 4518 precipere
1453 4426 1659 4494 auctoritate
1684 4444 1852 4516 procures

425 4533 464 4592 ut
490 4521 726 4614 inquisitionis
752 4520 904 4592 ollicium
928 4534 1047 4592 contra
1074 4521 1266 4606 hereticos,
1298 4524 1502 4608 credentes,
1530 4522 1700 4605 lautores,
1726 4521 1852 4591 deleu-

424 4640 522 4690 sores
548 4631 582 4690 et
608 4630 842 4713 receptatores
863 4641 1006 4706 eorum,
1032 4622 1134 4709 juxta
1160 4621 1305 4689 formam
1329 4622 1362 4688 in
1388 4621 1465 4689 aliis
1492 4620 1619 4689 nostris
1641 4618 1764 4688 litteris
1785 4639 1849 4689 ex·

424 4737 604 4808 pressam,
625 4738 713 4808 quas
740 4717 904 4787 tratribus
926 4718 1070 4810 predicti
1091 4717 1225 4787 ordinis
1252 4717 1517 4809 inquisitoribus
1546 4715 1745 4807 hujusmodi
1765 4737 1849 4809 pra-

423 4815 543 4884 vitatis
563 4814 740 4906 deputatis
761 4818 967 4893 auctoritate
990 4814 1179 4907 apostolica
1205 4826 1240 4885 et
1259 4815 1294 4882 in
1317 4826 1492 4907 posterum
1519 4814 1753 4906 deputandis,
1777 4835 1851 4885 nou

424 4914 603 5003 expressis
620 4906 666 5077 pb
685 4911 729 4979 96
748 4909 781 5009 a]
803 4913 1000 5004 aliquorum
1021 4913 1244 4994 numinibus,
1263 4933 1369 5004 super
1388 4912 1598 5004 exequendo
1620 4912 1713 4982 dicto
1734 4912 1850 5003 inqui-

423 5007 563 5083 sitionis
583 5010 617 5079 ol
644 5010 699 5079 cio
718 5009 958 5096 destinamus,
982 5010 1110 5102 exequi
1130 5011 1295 5080 studeant
1312 5009 1510 5102 diligenter.

1136 5794 1367 5984 Α
